{
  "id" : -1,
  "method" : "public/get-trades",
  "code" : 0,
  "result" : {
    "data" : [ {
      "d" : "1756459119530752673",
      "t" : 1756459119530,
      "tn" : 1756459119530752673,
      "q" : "0.11132",
      "p" : "109694.25",
      "s" : "buy",
      "i" : "BTC_USDT",
      "m" : "4611686018622592033"
    }, {
      "d" : "1756459119528530825",
      "t" : 1756459119528,
      "tn" : 1756459119528530825,
      "q" : "0.09999",
      "p" : "109695.51",
      "s" : "buy",
      "i" : "BTC_USDT",
      "m" : "4611686018622592032"
    }, {
      "d" : "1756459117361333234",
      "t" : 1756459117361,
      "tn" : 1756459117361333233,
      "q" : "0.00040",
      "p" : "109695.50",
      "s" : "sell",
      "i" : "BTC_USDT",
      "m" : "4611686018622592031"
    }, {
      "d" : "1756459117361333233",
      "t" : 1756459117361,
      "tn" : 1756459117361333233,
      "q" : "0.00091",
      "p" : "109695.50",
      "s" : "sell",
      "i" : "BTC_USDT",
      "m" : "4611686018622592031"
    }, {
      "d" : "1756459115149740989",
      "t" : 1756459115149,
      "tn" : 1756459115149740989,
      "q" : "0.02401",
      "p" : "109696.69",
      "s" : "buy",
      "i" : "BTC_USDT",
      "m" : "4611686018622592030"
    }, {
      "d" : "1756459109823238434",
      "t" : 1756459109823,
      "tn" : 1756459109823238434,
      "q" : "0.00653",
      "p" : "109698.00",
      "s" : "sell",
      "i" : "BTC_USDT",
      "m" : "4611686018622592029"
    }, {
      "d" : "1756459109823234513",
      "t" : 1756459109823,
      "tn" : 1756459109823234513,
      "q" : "0.03240",
      "p" : "109700.00",
      "s" : "sell",
      "i" : "BTC_USDT",
      "m" : "4611686018622592028"
    }, {
      "d" : "1756459109823231579",
      "t" : 1756459109823,
      "tn" : 1756459109823231579,
      "q" : "0.03240",
      "p" : "109704.00",
      "s" : "sell",
      "i" : "BTC_USDT",
      "m" : "4611686018622592027"
    }, {
      "d" : "1756459109823229886",
      "t" : 1756459109823,
      "tn" : 1756459109823229886,
      "q" : "0.00030",
      "p" : "109705.31",
      "s" : "sell",
      "i" : "BTC_USDT",
      "m" : "4611686018622592026"
    }, {
      "d" : "1756459109823224868",
      "t" : 1756459109823,
      "tn" : 1756459109823224868,
      "q" : "0.00091",
      "p" : "109705.99",
      "s" : "sell",
      "i" : "BTC_USDT",
      "m" : "4611686018622592025"
    }, {
      "d" : "1756459109823222643",
      "t" : 1756459109823,
      "tn" : 1756459109823222643,
      "q" : "0.00008",
      "p" : "109707.04",
      "s" : "sell",
      "i" : "BTC_USDT",
      "m" : "4611686018622592024"
    }, {
      "d" : "1756459109823219855",
      "t" : 1756459109823,
      "tn" : 1756459109823219855,
      "q" : "0.00002",
      "p" : "109709.05",
      "s" : "sell",
      "i" : "BTC_USDT",
      "m" : "4611686018622592023"
    }, {
      "d" : "1756459109823217166",
      "t" : 1756459109823,
      "tn" : 1756459109823217165,
      "q" : "0.00455",
      "p" : "109711.99",
      "s" : "sell",
      "i" : "BTC_USDT",
      "m" : "4611686018622592022"
    }, {
      "d" : "1756459109823217165",
      "t" : 1756459109823,
      "tn" : 1756459109823217165,
      "q" : "0.02278",
      "p" : "109711.99",
      "s" : "sell",
      "i" : "BTC_USDT",
      "m" : "4611686018622592022"
    }, {
      "d" : "1756459104551873637",
      "t" : 1756459104551,
      "tn" : 1756459104551873637,
      "q" : "0.00020",
      "p" : "109711.99",
      "s" : "sell",
      "i" : "BTC_USDT",
      "m" : "4611686018622592021"
    }, {
      "d" : "1756459102713889784",
      "t" : 1756459102713,
      "tn" : 1756459102713889784,
      "q" : "0.00100",
      "p" : "109702.00",
      "s" : "buy",
      "i" : "BTC_USDT",
      "m" : "4611686018622592020"
    }, {
      "d" : "1756459102713887707",
      "t" : 1756459102713,
      "tn" : 1756459102713887707,
      "q" : "0.00675",
      "p" : "109701.45",
      "s" : "buy",
      "i" : "BTC_USDT",
      "m" : "4611686018622592019"
    }, {
      "d" : "1756459099838533061",
      "t" : 1756459099838,
      "tn" : 1756459099838533061,
      "q" : "0.00030",
      "p" : "109695.93",
      "s" : "buy",
      "i" : "BTC_USDT",
      "m" : "4611686018622592018"
    }, {
      "d" : "1756459099838532708",
      "t" : 1756459099838,
      "tn" : 1756459099838532708,
      "q" : "0.09593",
      "p" : "109693.45",
      "s" : "buy",
      "i" : "BTC_USDT",
      "m" : "4611686018622592017"
    }, {
      "d" : "1756459099838447617",
      "t" : 1756459099838,
      "tn" : 1756459099838447617,
      "q" : "0.04704",
      "p" : "109693.45",
      "s" : "buy",
      "i" : "BTC_USDT",
      "m" : "4611686018622592016"
    }, {
      "d" : "1756459099838133621",
      "t" : 1756459099838,
      "tn" : 1756459099838133621,
      "q" : "0.04000",
      "p" : "109693.45",
      "s" : "buy",
      "i" : "BTC_USDT",
      "m" : "4611686018622592015"
    }, {
      "d" : "1756459099838129273",
      "t" : 1756459099838,
      "tn" : 1756459099838129273,
      "q" : "0.08920",
      "p" : "109693.45",
      "s" : "buy",
      "i" : "BTC_USDT",
      "m" : "4611686018622592014"
    }, {
      "d" : "1756459099838036469",
      "t" : 1756459099838,
      "tn" : 1756459099838036469,
      "q" : "0.04858",
      "p" : "109693.45",
      "s" : "buy",
      "i" : "BTC_USDT",
      "m" : "4611686018622592013"
    }, {
      "d" : "1756459099838033205",
      "t" : 1756459099838,
      "tn" : 1756459099838033205,
      "q" : "0.06001",
      "p" : "109693.45",
      "s" : "buy",
      "i" : "BTC_USDT",
      "m" : "4611686018622592012"
    }, {
      "d" : "1756459099837961645",
      "t" : 1756459099837,
      "tn" : 1756459099837961645,
      "q" : "0.15002",
      "p" : "109693.45",
      "s" : "buy",
      "i" : "BTC_USDT",
      "m" : "4611686018622592011"
    }, {
      "d" : "1756459099837955649",
      "t" : 1756459099837,
      "tn" : 1756459099837955649,
      "q" : "0.04271",
      "p" : "109693.45",
      "s" : "buy",
      "i" : "BTC_USDT",
      "m" : "4611686018622592010"
    }, {
      "d" : "1756459099837869546",
      "t" : 1756459099837,
      "tn" : 1756459099837869546,
      "q" : "0.24650",
      "p" : "109693.45",
      "s" : "buy",
      "i" : "BTC_USDT",
      "m" : "4611686018622592009"
    }, {
      "d" : "1756459099837705067",
      "t" : 1756459099837,
      "tn" : 1756459099837705067,
      "q" : "0.04872",
      "p" : "109693.45",
      "s" : "buy",
      "i" : "BTC_USDT",
      "m" : "4611686018622592008"
    }, {
      "d" : "1756459099837297382",
      "t" : 1756459099837,
      "tn" : 1756459099837297382,
      "q" : "0.24447",
      "p" : "109693.45",
      "s" : "buy",
      "i" : "BTC_USDT",
      "m" : "4611686018622592007"
    }, {
      "d" : "1756459099837293055",
      "t" : 1756459099837,
      "tn" : 1756459099837293055,
      "q" : "0.00013",
      "p" : "109688.00",
      "s" : "buy",
      "i" : "BTC_USDT",
      "m" : "4611686018622592006"
    }, {
      "d" : "1756459095993705278",
      "t" : 1756459095993,
      "tn" : 1756459095993705278,
      "q" : "0.00313",
      "p" : "109688.00",
      "s" : "buy",
      "i" : "BTC_USDT",
      "m" : "4611686018622592005"
    }, {
      "d" : "1756459090280962009",
      "t" : 1756459090280,
      "tn" : 1756459090280962009,
      "q" : "0.00033",
      "p" : "109684.20",
      "s" : "buy",
      "i" : "BTC_USDT",
      "m" : "4611686018622592004"
    }, {
      "d" : "1756459086101687541",
      "t" : 1756459086101,
      "tn" : 1756459086101687541,
      "q" : "0.00029",
      "p" : "109678.00",
      "s" : "buy",
      "i" : "BTC_USDT",
      "m" : "4611686018622592003"
    }, {
      "d" : "1756459085353149236",
      "t" : 1756459085353,
      "tn" : 1756459085353149236,
      "q" : "0.11692",
      "p" : "109674.15",
      "s" : "buy",
      "i" : "BTC_USDT",
      "m" : "4611686018622592002"
    }, {
      "d" : "1756459085353147112",
      "t" : 1756459085353,
      "tn" : 1756459085353147112,
      "q" : "0.03240",
      "p" : "109674.00",
      "s" : "buy",
      "i" : "BTC_USDT",
      "m" : "4611686018622592001"
    }, {
      "d" : "1756459085353144916",
      "t" : 1756459085353,
      "tn" : 1756459085353144916,
      "q" : "0.00030",
      "p" : "109672.31",
      "s" : "buy",
      "i" : "BTC_USDT",
      "m" : "4611686018622592000"
    }, {
      "d" : "1756459085353141166",
      "t" : 1756459085353,
      "tn" : 1756459085353141166,
      "q" : "0.00037",
      "p" : "109670.65",
      "s" : "buy",
      "i" : "BTC_USDT",
      "m" : "4611686018622591999"
    }, {
      "d" : "1756459076603662504",
      "t" : 1756459076603,
      "tn" : 1756459076603662504,
      "q" : "0.07393",
      "p" : "109658.88",
      "s" : "buy",
      "i" : "BTC_USDT",
      "m" : "4611686018622591998"
    }, {
      "d" : "1756459076603660328",
      "t" : 1756459076603,
      "tn" : 1756459076603660328,
      "q" : "0.00030",
      "p" : "109651.49",
      "s" : "buy",
      "i" : "BTC_USDT",
      "m" : "4611686018622591997"
    }, {
      "d" : "1756459076603657964",
      "t" : 1756459076603,
      "tn" : 1756459076603657964,
      "q" : "0.00108",
      "p" : "109650.83",
      "s" : "buy",
      "i" : "BTC_USDT",
      "m" : "4611686018622591996"
    }, {
      "d" : "1756459070114127739",
      "t" : 1756459070114,
      "tn" : 1756459070114127739,
      "q" : "0.00001",
      "p" : "109638.01",
      "s" : "buy",
      "i" : "BTC_USDT",
      "m" : "4611686018622591995"
    }, {
      "d" : "1756459062349844102",
      "t" : 1756459062349,
      "tn" : 1756459062349844102,
      "q" : "0.02979",
      "p" : "109636.00",
      "s" : "buy",
      "i" : "BTC_USDT",
      "m" : "4611686018622591994"
    }, {
      "d" : "1756459062349842559",
      "t" : 1756459062349,
      "tn" : 1756459062349842559,
      "q" : "0.00030",
      "p" : "109634.36",
      "s" : "buy",
      "i" : "BTC_USDT",
      "m" : "4611686018622591993"
    }, {
      "d" : "1756459062349841067",
      "t" : 1756459062349,
      "tn" : 1756459062349841067,
      "q" : "0.03240",
      "p" : "109634.00",
      "s" : "buy",
      "i" : "BTC_USDT",
      "m" : "4611686018622591992"
    }, {
      "d" : "1756459062349837863",
      "t" : 1756459062349,
      "tn" : 1756459062349837863,
      "q" : "0.03240",
      "p" : "109632.00",
      "s" : "buy",
      "i" : "BTC_USDT",
      "m" : "4611686018622591991"
    }, {
      "d" : "1756459062349835075",
      "t" : 1756459062349,
      "tn" : 1756459062349835075,
      "q" : "0.00456",
      "p" : "109631.96",
      "s" : "buy",
      "i" : "BTC_USDT",
      "m" : "4611686018622591990"
    }, {
      "d" : "1756459062349830962",
      "t" : 1756459062349,
      "tn" : 1756459062349830962,
      "q" : "0.00054",
      "p" : "109630.01",
      "s" : "buy",
      "i" : "BTC_USDT",
      "m" : "4611686018622591989"
    }, {
      "d" : "1756459057245640825",
      "t" : 1756459057245,
      "tn" : 1756459057245640823,
      "q" : "0.07470",
      "p" : "109631.97",
      "s" : "sell",
      "i" : "BTC_USDT",
      "m" : "4611686018622591988"
    }, {
      "d" : "1756459057245640824",
      "t" : 1756459057245,
      "tn" : 1756459057245640823,
      "q" : "0.02990",
      "p" : "109631.97",
      "s" : "sell",
      "i" : "BTC_USDT",
      "m" : "4611686018622591988"
    }, {
      "d" : "1756459057245640823",
      "t" : 1756459057245,
      "tn" : 1756459057245640823,
      "q" : "0.01470",
      "p" : "109631.97",
      "s" : "sell",
      "i" : "BTC_USDT",
      "m" : "4611686018622591988"
    }, {
      "d" : "1756459052792024272",
      "t" : 1756459052792,
      "tn" : 1756459052792024272,
      "q" : "0.09580",
      "p" : "109639.30",
      "s" : "sell",
      "i" : "BTC_USDT",
      "m" : "4611686018622591987"
    }, {
      "d" : "1756459052791763577",
      "t" : 1756459052791,
      "tn" : 1756459052791763577,
      "q" : "0.05009",
      "p" : "109639.30",
      "s" : "sell",
      "i" : "BTC_USDT",
      "m" : "4611686018622591986"
    }, {
      "d" : "1756459052791760992",
      "t" : 1756459052791,
      "tn" : 1756459052791760992,
      "q" : "0.00411",
      "p" : "109642.80",
      "s" : "sell",
      "i" : "BTC_USDT",
      "m" : "4611686018622591985"
    }, {
      "d" : "1756459052790746619",
      "t" : 1756459052790,
      "tn" : 1756459052790746619,
      "q" : "0.07593",
      "p" : "109642.80",
      "s" : "sell",
      "i" : "BTC_USDT",
      "m" : "4611686018622591984"
    }, {
      "d" : "1756459052790744574",
      "t" : 1756459052790,
      "tn" : 1756459052790744574,
      "q" : "0.00030",
      "p" : "109645.84",
      "s" : "sell",
      "i" : "BTC_USDT",
      "m" : "4611686018622591983"
    }, {
      "d" : "1756459052790743023",
      "t" : 1756459052790,
      "tn" : 1756459052790743023,
      "q" : "0.02280",
      "p" : "109646.01",
      "s" : "sell",
      "i" : "BTC_USDT",
      "m" : "4611686018622591982"
    }, {
      "d" : "1756459052790739935",
      "t" : 1756459052790,
      "tn" : 1756459052790739935,
      "q" : "0.00006",
      "p" : "109646.87",
      "s" : "sell",
      "i" : "BTC_USDT",
      "m" : "4611686018622591981"
    }, {
      "d" : "1756459052790737504",
      "t" : 1756459052790,
      "tn" : 1756459052790737504,
      "q" : "0.00091",
      "p" : "109647.15",
      "s" : "sell",
      "i" : "BTC_USDT",
      "m" : "4611686018622591980"
    }, {
      "d" : "1756459052790329709",
      "t" : 1756459052790,
      "tn" : 1756459052790329709,
      "q" : "0.04464",
      "p" : "109650.51",
      "s" : "sell",
      "i" : "BTC_USDT",
      "m" : "4611686018622591979"
    }, {
      "d" : "1756459052790326798",
      "t" : 1756459052790,
      "tn" : 1756459052790326798,
      "q" : "0.15217",
      "p" : "109650.51",
      "s" : "sell",
      "i" : "BTC_USDT",
      "m" : "4611686018622591978"
    }, {
      "d" : "1756459052790324113",
      "t" : 1756459052790,
      "tn" : 1756459052790324113,
      "q" : "0.00029",
      "p" : "109650.51",
      "s" : "sell",
      "i" : "BTC_USDT",
      "m" : "4611686018622591977"
    }, {
      "d" : "1756459052790033177",
      "t" : 1756459052790,
      "tn" : 1756459052790033177,
      "q" : "0.00610",
      "p" : "109650.51",
      "s" : "sell",
      "i" : "BTC_USDT",
      "m" : "4611686018622591976"
    }, {
      "d" : "1756459052789711636",
      "t" : 1756459052789,
      "tn" : 1756459052789711636,
      "q" : "0.68410",
      "p" : "109650.51",
      "s" : "sell",
      "i" : "BTC_USDT",
      "m" : "4611686018622591975"
    }, {
      "d" : "1756459052789708770",
      "t" : 1756459052789,
      "tn" : 1756459052789708770,
      "q" : "0.22136",
      "p" : "109650.51",
      "s" : "sell",
      "i" : "BTC_USDT",
      "m" : "4611686018622591974"
    }, {
      "d" : "1756459052780032987",
      "t" : 1756459052780,
      "tn" : 1756459052780032987,
      "q" : "0.09998",
      "p" : "109650.51",
      "s" : "sell",
      "i" : "BTC_USDT",
      "m" : "4611686018622591973"
    }, {
      "d" : "1756459052780030966",
      "t" : 1756459052780,
      "tn" : 1756459052780030966,
      "q" : "0.00002",
      "p" : "109654.00",
      "s" : "sell",
      "i" : "BTC_USDT",
      "m" : "4611686018622591972"
    }, {
      "d" : "1756459045805029357",
      "t" : 1756459045805,
      "tn" : 1756459045805029357,
      "q" : "0.05410",
      "p" : "109649.36",
      "s" : "sell",
      "i" : "BTC_USDT",
      "m" : "4611686018622591971"
    }, {
      "d" : "1756459045804860347",
      "t" : 1756459045804,
      "tn" : 1756459045804860347,
      "q" : "0.00010",
      "p" : "109649.36",
      "s" : "sell",
      "i" : "BTC_USDT",
      "m" : "4611686018622591970"
    }, {
      "d" : "1756459045804534869",
      "t" : 1756459045804,
      "tn" : 1756459045804534869,
      "q" : "0.03845",
      "p" : "109649.36",
      "s" : "sell",
      "i" : "BTC_USDT",
      "m" : "4611686018622591969"
    }, {
      "d" : "1756459045804533480",
      "t" : 1756459045804,
      "tn" : 1756459045804533480,
      "q" : "0.00735",
      "p" : "109650.00",
      "s" : "sell",
      "i" : "BTC_USDT",
      "m" : "4611686018622591968"
    }, {
      "d" : "1756459045804530151",
      "t" : 1756459045804,
      "tn" : 1756459045804530151,
      "q" : "0.02505",
      "p" : "109650.00",
      "s" : "sell",
      "i" : "BTC_USDT",
      "m" : "4611686018622591967"
    }, {
      "d" : "1756459045804529165",
      "t" : 1756459045804,
      "tn" : 1756459045804529165,
      "q" : "0.02995",
      "p" : "109650.31",
      "s" : "sell",
      "i" : "BTC_USDT",
      "m" : "4611686018622591966"
    }, {
      "d" : "1756459045804380338",
      "t" : 1756459045804,
      "tn" : 1756459045804380338,
      "q" : "0.03540",
      "p" : "109650.31",
      "s" : "sell",
      "i" : "BTC_USDT",
      "m" : "4611686018622591965"
    }, {
      "d" : "1756459045804361975",
      "t" : 1756459045804,
      "tn" : 1756459045804361975,
      "q" : "0.00010",
      "p" : "109650.31",
      "s" : "sell",
      "i" : "BTC_USDT",
      "m" : "4611686018622591964"
    }, {
      "d" : "1756459045804358942",
      "t" : 1756459045804,
      "tn" : 1756459045804358941,
      "q" : "0.02573",
      "p" : "109650.31",
      "s" : "sell",
      "i" : "BTC_USDT",
      "m" : "4611686018622591963"
    }, {
      "d" : "1756459045804358941",
      "t" : 1756459045804,
      "tn" : 1756459045804358941,
      "q" : "0.00014",
      "p" : "109650.31",
      "s" : "sell",
      "i" : "BTC_USDT",
      "m" : "4611686018622591963"
    }, {
      "d" : "1756459045804356245",
      "t" : 1756459045804,
      "tn" : 1756459045804356245,
      "q" : "0.03240",
      "p" : "109652.00",
      "s" : "sell",
      "i" : "BTC_USDT",
      "m" : "4611686018622591962"
    }, {
      "d" : "1756459045804353738",
      "t" : 1756459045804,
      "tn" : 1756459045804353738,
      "q" : "0.00091",
      "p" : "109653.59",
      "s" : "sell",
      "i" : "BTC_USDT",
      "m" : "4611686018622591961"
    }, {
      "d" : "1756459045804350398",
      "t" : 1756459045804,
      "tn" : 1756459045804350398,
      "q" : "0.00030",
      "p" : "109654.97",
      "s" : "sell",
      "i" : "BTC_USDT",
      "m" : "4611686018622591960"
    }, {
      "d" : "1756459045804348067",
      "t" : 1756459045804,
      "tn" : 1756459045804348067,
      "q" : "0.00002",
      "p" : "109661.99",
      "s" : "sell",
      "i" : "BTC_USDT",
      "m" : "4611686018622591959"
    }, {
      "d" : "1756459045726568748",
      "t" : 1756459045726,
      "tn" : 1756459045726568748,
      "q" : "0.09545",
      "p" : "109662.00",
      "s" : "sell",
      "i" : "BTC_USDT",
      "m" : "4611686018622591958"
    }, {
      "d" : "1756459045726566929",
      "t" : 1756459045726,
      "tn" : 1756459045726566929,
      "q" : "0.00455",
      "p" : "109662.01",
      "s" : "sell",
      "i" : "BTC_USDT",
      "m" : "4611686018622591957"
    }, {
      "d" : "1756459045565251761",
      "t" : 1756459045565,
      "tn" : 1756459045565251761,
      "q" : "0.01492",
      "p" : "109666.00",
      "s" : "sell",
      "i" : "BTC_USDT",
      "m" : "4611686018622591956"
    }, {
      "d" : "1756459045565249104",
      "t" : 1756459045565,
      "tn" : 1756459045565249104,
      "q" : "0.00455",
      "p" : "109667.94",
      "s" : "sell",
      "i" : "BTC_USDT",
      "m" : "4611686018622591955"
    }, {
      "d" : "1756459045565246096",
      "t" : 1756459045565,
      "tn" : 1756459045565246095,
      "q" : "0.02990",
      "p" : "109667.99",
      "s" : "sell",
      "i" : "BTC_USDT",
      "m" : "4611686018622591954"
    }, {
      "d" : "1756459045565246095",
      "t" : 1756459045565,
      "tn" : 1756459045565246095,
      "q" : "0.07273",
      "p" : "109667.99",
      "s" : "sell",
      "i" : "BTC_USDT",
      "m" : "4611686018622591954"
    }, {
      "d" : "1756459045172358312",
      "t" : 1756459045172,
      "tn" : 1756459045172358312,
      "q" : "0.00263",
      "p" : "109657.02",
      "s" : "buy",
      "i" : "BTC_USDT",
      "m" : "4611686018622591953"
    }, {
      "d" : "1756459041541520962",
      "t" : 1756459041541,
      "tn" : 1756459041541520962,
      "q" : "0.06758",
      "p" : "109654.46",
      "s" : "sell",
      "i" : "BTC_USDT",
      "m" : "4611686018622591952"
    }, {
      "d" : "1756459041541519090",
      "t" : 1756459041541,
      "tn" : 1756459041541519090,
      "q" : "0.03240",
      "p" : "109656.00",
      "s" : "sell",
      "i" : "BTC_USDT",
      "m" : "4611686018622591951"
    }, {
      "d" : "1756459041541515867",
      "t" : 1756459041541,
      "tn" : 1756459041541515867,
      "q" : "0.00002",
      "p" : "109657.01",
      "s" : "sell",
      "i" : "BTC_USDT",
      "m" : "4611686018622591950"
    }, {
      "d" : "1756459038943769906",
      "t" : 1756459038943,
      "tn" : 1756459038943769906,
      "q" : "0.05171",
      "p" : "109654.88",
      "s" : "sell",
      "i" : "BTC_USDT",
      "m" : "4611686018622591949"
    }, {
      "d" : "1756459038943768378",
      "t" : 1756459038943,
      "tn" : 1756459038943768378,
      "q" : "0.07196",
      "p" : "109654.91",
      "s" : "sell",
      "i" : "BTC_USDT",
      "m" : "4611686018622591948"
    }, {
      "d" : "1756459038943766413",
      "t" : 1756459038943,
      "tn" : 1756459038943766413,
      "q" : "0.00091",
      "p" : "109660.50",
      "s" : "sell",
      "i" : "BTC_USDT",
      "m" : "4611686018622591947"
    }, {
      "d" : "1756459038943764092",
      "t" : 1756459038943,
      "tn" : 1756459038943764092,
      "q" : "0.02542",
      "p" : "109661.20",
      "s" : "sell",
      "i" : "BTC_USDT",
      "m" : "4611686018622591946"
    }, {
      "d" : "1756459038943591315",
      "t" : 1756459038943,
      "tn" : 1756459038943591315,
      "q" : "0.06275",
      "p" : "109661.20",
      "s" : "sell",
      "i" : "BTC_USDT",
      "m" : "4611686018622591945"
    }, {
      "d" : "1756459038943589137",
      "t" : 1756459038943,
      "tn" : 1756459038943589137,
      "q" : "0.03240",
      "p" : "109662.00",
      "s" : "sell",
      "i" : "BTC_USDT",
      "m" : "4611686018622591944"
    }, {
      "d" : "1756459038943586277",
      "t" : 1756459038943,
      "tn" : 1756459038943586277,
      "q" : "0.00030",
      "p" : "109662.72",
      "s" : "sell",
      "i" : "BTC_USDT",
      "m" : "4611686018622591943"
    }, {
      "d" : "1756459038943581990",
      "t" : 1756459038943,
      "tn" : 1756459038943581990,
      "q" : "0.00455",
      "p" : "109663.14",
      "s" : "sell",
      "i" : "BTC_USDT",
      "m" : "4611686018622591942"
    }, {
      "d" : "1756459038178317829",
      "t" : 1756459038178,
      "tn" : 1756459038178317829,
      "q" : "0.02718",
      "p" : "109673.99",
      "s" : "sell",
      "i" : "BTC_USDT",
      "m" : "4611686018622591941"
    }, {
      "d" : "1756459038178316123",
      "t" : 1756459038178,
      "tn" : 1756459038178316123,
      "q" : "0.03240",
      "p" : "109674.00",
      "s" : "sell",
      "i" : "BTC_USDT",
      "m" : "4611686018622591940"
    }, {
      "d" : "1756459038178313519",
      "t" : 1756459038178,
      "tn" : 1756459038178313519,
      "q" : "0.00002",
      "p" : "109677.04",
      "s" : "sell",
      "i" : "BTC_USDT",
      "m" : "4611686018622591939"
    }, {
      "d" : "1756459037250394327",
      "t" : 1756459037250,
      "tn" : 1756459037250394327,
      "q" : "0.14996",
      "p" : "109682.54",
      "s" : "sell",
      "i" : "BTC_USDT",
      "m" : "4611686018622591938"
    }, {
      "d" : "1756459037250391011",
      "t" : 1756459037250,
      "tn" : 1756459037250391011,
      "q" : "0.09997",
      "p" : "109682.54",
      "s" : "sell",
      "i" : "BTC_USDT",
      "m" : "4611686018622591937"
    }, {
      "d" : "1756459033149258460",
      "t" : 1756459033149,
      "tn" : 1756459033149258460,
      "q" : "0.02357",
      "p" : "109689.73",
      "s" : "buy",
      "i" : "BTC_USDT",
      "m" : "4611686018622591936"
    }, {
      "d" : "1756459033149258065",
      "t" : 1756459033149,
      "tn" : 1756459033149258065,
      "q" : "0.07644",
      "p" : "109688.60",
      "s" : "buy",
      "i" : "BTC_USDT",
      "m" : "4611686018622591935"
    }, {
      "d" : "1756459033149211955",
      "t" : 1756459033149,
      "tn" : 1756459033149211955,
      "q" : "0.02356",
      "p" : "109688.60",
      "s" : "buy",
      "i" : "BTC_USDT",
      "m" : "4611686018622591934"
    }, {
      "d" : "1756459033149210370",
      "t" : 1756459033149,
      "tn" : 1756459033149210370,
      "q" : "0.00022",
      "p" : "109688.59",
      "s" : "buy",
      "i" : "BTC_USDT",
      "m" : "4611686018622591933"
    }, {
      "d" : "1756459033149208130",
      "t" : 1756459033149,
      "tn" : 1756459033149208130,
      "q" : "0.08521",
      "p" : "109683.59",
      "s" : "buy",
      "i" : "BTC_USDT",
      "m" : "4611686018622591932"
    }, {
      "d" : "1756459033149205388",
      "t" : 1756459033149,
      "tn" : 1756459033149205388,
      "q" : "0.03240",
      "p" : "109682.00",
      "s" : "buy",
      "i" : "BTC_USDT",
      "m" : "4611686018622591931"
    }, {
      "d" : "1756459033149203559",
      "t" : 1756459033149,
      "tn" : 1756459033149203559,
      "q" : "0.00091",
      "p" : "109681.77",
      "s" : "buy",
      "i" : "BTC_USDT",
      "m" : "4611686018622591930"
    }, {
      "d" : "1756459033149201013",
      "t" : 1756459033149,
      "tn" : 1756459033149201013,
      "q" : "0.00030",
      "p" : "109680.25",
      "s" : "buy",
      "i" : "BTC_USDT",
      "m" : "4611686018622591929"
    }, {
      "d" : "1756459033149198433",
      "t" : 1756459033149,
      "tn" : 1756459033149198433,
      "q" : "0.00455",
      "p" : "109678.30",
      "s" : "buy",
      "i" : "BTC_USDT",
      "m" : "4611686018622591928"
    }, {
      "d" : "1756459033149194350",
      "t" : 1756459033149,
      "tn" : 1756459033149194350,
      "q" : "0.00286",
      "p" : "109676.97",
      "s" : "buy",
      "i" : "BTC_USDT",
      "m" : "4611686018622591927"
    }, {
      "d" : "1756459027877145546",
      "t" : 1756459027877,
      "tn" : 1756459027877145546,
      "q" : "0.06742",
      "p" : "109676.97",
      "s" : "buy",
      "i" : "BTC_USDT",
      "m" : "4611686018622591926"
    }, {
      "d" : "1756459027877144129",
      "t" : 1756459027877,
      "tn" : 1756459027877144129,
      "q" : "0.03228",
      "p" : "109676.00",
      "s" : "buy",
      "i" : "BTC_USDT",
      "m" : "4611686018622591925"
    }, {
      "d" : "1756459027876808772",
      "t" : 1756459027876,
      "tn" : 1756459027876808772,
      "q" : "0.00012",
      "p" : "109676.00",
      "s" : "buy",
      "i" : "BTC_USDT",
      "m" : "4611686018622591924"
    }, {
      "d" : "1756459027876014209",
      "t" : 1756459027876,
      "tn" : 1756459027876014209,
      "q" : "0.01955",
      "p" : "109674.00",
      "s" : "buy",
      "i" : "BTC_USDT",
      "m" : "4611686018622591923"
    }, {
      "d" : "1756459027876012312",
      "t" : 1756459027876,
      "tn" : 1756459027876012312,
      "q" : "0.00030",
      "p" : "109673.63",
      "s" : "buy",
      "i" : "BTC_USDT",
      "m" : "4611686018622591922"
    }, {
      "d" : "1756459027876009560",
      "t" : 1756459027876,
      "tn" : 1756459027876009560,
      "q" : "0.03240",
      "p" : "109672.00",
      "s" : "buy",
      "i" : "BTC_USDT",
      "m" : "4611686018622591921"
    }, {
      "d" : "1756459027876006797",
      "t" : 1756459027876,
      "tn" : 1756459027876006797,
      "q" : "0.00455",
      "p" : "109669.67",
      "s" : "buy",
      "i" : "BTC_USDT",
      "m" : "4611686018622591920"
    }, {
      "d" : "1756459027875668579",
      "t" : 1756459027875,
      "tn" : 1756459027875668579,
      "q" : "0.06175",
      "p" : "109666.00",
      "s" : "buy",
      "i" : "BTC_USDT",
      "m" : "4611686018622591919"
    }, {
      "d" : "1756459027875506958",
      "t" : 1756459027875,
      "tn" : 1756459027875506956,
      "q" : "0.04675",
      "p" : "109666.00",
      "s" : "buy",
      "i" : "BTC_USDT",
      "m" : "4611686018622591918"
    }, {
      "d" : "1756459027875506957",
      "t" : 1756459027875,
      "tn" : 1756459027875506956,
      "q" : "0.20580",
      "p" : "109666.00",
      "s" : "buy",
      "i" : "BTC_USDT",
      "m" : "4611686018622591918"
    }, {
      "d" : "1756459027875506956",
      "t" : 1756459027875,
      "tn" : 1756459027875506956,
      "q" : "0.00408",
      "p" : "109666.00",
      "s" : "buy",
      "i" : "BTC_USDT",
      "m" : "4611686018622591918"
    }, {
      "d" : "1756459024454507435",
      "t" : 1756459024454,
      "tn" : 1756459024454507435,
      "q" : "0.00012",
      "p" : "109668.00",
      "s" : "buy",
      "i" : "BTC_USDT",
      "m" : "4611686018622591917"
    }, {
      "d" : "1756459024453620822",
      "t" : 1756459024453,
      "tn" : 1756459024453620822,
      "q" : "0.09969",
      "p" : "109668.97",
      "s" : "buy",
      "i" : "BTC_USDT",
      "m" : "4611686018622591916"
    }, {
      "d" : "1756459024453620329",
      "t" : 1756459024453,
      "tn" : 1756459024453620329,
      "q" : "0.00030",
      "p" : "109664.05",
      "s" : "buy",
      "i" : "BTC_USDT",
      "m" : "4611686018622591915"
    }, {
      "d" : "1756459024453177621",
      "t" : 1756459024453,
      "tn" : 1756459024453177621,
      "q" : "0.00722",
      "p" : "109661.96",
      "s" : "buy",
      "i" : "BTC_USDT",
      "m" : "4611686018622591914"
    }, {
      "d" : "1756459024453013296",
      "t" : 1756459024453,
      "tn" : 1756459024453013296,
      "q" : "0.02278",
      "p" : "109661.96",
      "s" : "buy",
      "i" : "BTC_USDT",
      "m" : "4611686018622591913"
    }, {
      "d" : "1756459024453011775",
      "t" : 1756459024453,
      "tn" : 1756459024453011775,
      "q" : "0.00002",
      "p" : "109661.30",
      "s" : "buy",
      "i" : "BTC_USDT",
      "m" : "4611686018622591912"
    }, {
      "d" : "1756459024453008209",
      "t" : 1756459024453,
      "tn" : 1756459024453008209,
      "q" : "0.00455",
      "p" : "109660.74",
      "s" : "buy",
      "i" : "BTC_USDT",
      "m" : "4611686018622591911"
    }, {
      "d" : "1756459024452827917",
      "t" : 1756459024452,
      "tn" : 1756459024452827917,
      "q" : "0.00538",
      "p" : "109658.00",
      "s" : "buy",
      "i" : "BTC_USDT",
      "m" : "4611686018622591910"
    }, {
      "d" : "1756459020570603243",
      "t" : 1756459020570,
      "tn" : 1756459020570603242,
      "q" : "0.00002",
      "p" : "109665.67",
      "s" : "sell",
      "i" : "BTC_USDT",
      "m" : "4611686018622591909"
    }, {
      "d" : "1756459020570603242",
      "t" : 1756459020570,
      "tn" : 1756459020570603242,
      "q" : "0.00065",
      "p" : "109665.67",
      "s" : "sell",
      "i" : "BTC_USDT",
      "m" : "4611686018622591909"
    }, {
      "d" : "1756459020570568918",
      "t" : 1756459020570,
      "tn" : 1756459020570568918,
      "q" : "0.00026",
      "p" : "109665.67",
      "s" : "sell",
      "i" : "BTC_USDT",
      "m" : "4611686018622591908"
    }, {
      "d" : "1756459020269736633",
      "t" : 1756459020269,
      "tn" : 1756459020269736631,
      "q" : "0.00002",
      "p" : "109670.00",
      "s" : "sell",
      "i" : "BTC_USDT",
      "m" : "4611686018622591907"
    }, {
      "d" : "1756459020269736632",
      "t" : 1756459020269,
      "tn" : 1756459020269736631,
      "q" : "0.00076",
      "p" : "109670.00",
      "s" : "sell",
      "i" : "BTC_USDT",
      "m" : "4611686018622591907"
    }, {
      "d" : "1756459020269736631",
      "t" : 1756459020269,
      "tn" : 1756459020269736631,
      "q" : "0.16619",
      "p" : "109670.00",
      "s" : "sell",
      "i" : "BTC_USDT",
      "m" : "4611686018622591907"
    }, {
      "d" : "1756459020269302999",
      "t" : 1756459020269,
      "tn" : 1756459020269302999,
      "q" : "0.02160",
      "p" : "109670.00",
      "s" : "sell",
      "i" : "BTC_USDT",
      "m" : "4611686018622591906"
    }, {
      "d" : "1756459020269239083",
      "t" : 1756459020269,
      "tn" : 1756459020269239083,
      "q" : "0.07840",
      "p" : "109670.00",
      "s" : "sell",
      "i" : "BTC_USDT",
      "m" : "4611686018622591905"
    }, {
      "d" : "1756459020130094704",
      "t" : 1756459020130,
      "tn" : 1756459020130094704,
      "q" : "0.06726",
      "p" : "109668.16",
      "s" : "sell",
      "i" : "BTC_USDT",
      "m" : "4611686018622591904"
    }, {
      "d" : "1756459020130093093",
      "t" : 1756459020130,
      "tn" : 1756459020130093093,
      "q" : "0.03240",
      "p" : "109670.00",
      "s" : "sell",
      "i" : "BTC_USDT",
      "m" : "4611686018622591903"
    }, {
      "d" : "1756459020130090554",
      "t" : 1756459020130,
      "tn" : 1756459020130090554,
      "q" : "0.00030",
      "p" : "109670.63",
      "s" : "sell",
      "i" : "BTC_USDT",
      "m" : "4611686018622591902"
    }, {
      "d" : "1756459020130089039",
      "t" : 1756459020130,
      "tn" : 1756459020130089039,
      "q" : "0.00002",
      "p" : "109674.57",
      "s" : "sell",
      "i" : "BTC_USDT",
      "m" : "4611686018622591901"
    }, {
      "d" : "1756459020129004464",
      "t" : 1756459020129,
      "tn" : 1756459020129004463,
      "q" : "0.00455",
      "p" : "109676.23",
      "s" : "sell",
      "i" : "BTC_USDT",
      "m" : "4611686018622591900"
    }, {
      "d" : "1756459020129004463",
      "t" : 1756459020129,
      "tn" : 1756459020129004463,
      "q" : "0.05894",
      "p" : "109676.23",
      "s" : "sell",
      "i" : "BTC_USDT",
      "m" : "4611686018622591900"
    }, {
      "d" : "1756459019676538917",
      "t" : 1756459019676,
      "tn" : 1756459019676538917,
      "q" : "0.00100",
      "p" : "109677.06",
      "s" : "buy",
      "i" : "BTC_USDT",
      "m" : "4611686018622591899"
    }, {
      "d" : "1756459019676221240",
      "t" : 1756459019676,
      "tn" : 1756459019676221240,
      "q" : "0.03420",
      "p" : "109678.06",
      "s" : "buy",
      "i" : "BTC_USDT",
      "m" : "4611686018622591898"
    }, {
      "d" : "1756459019676218541",
      "t" : 1756459019676,
      "tn" : 1756459019676218541,
      "q" : "0.03240",
      "p" : "109678.00",
      "s" : "buy",
      "i" : "BTC_USDT",
      "m" : "4611686018622591897"
    }, {
      "d" : "1756459019676217024",
      "t" : 1756459019676,
      "tn" : 1756459019676217024,
      "q" : "0.00002",
      "p" : "109674.58",
      "s" : "buy",
      "i" : "BTC_USDT",
      "m" : "4611686018622591896"
    } ]
  }
}
{
  "id" : -1,
  "method" : "public/get-trades",
  "code" : 0,
  "result" : {
    "data" : [ {
      "d" : "1756459019674848729",
      "t" : 1756459019674,
      "tn" : 1756459019674848729,
      "q" : "0.10001",
      "p" : "109682.46",
      "s" : "buy",
      "i" : "BTC_USDT",
      "m" : "4611686018622591894"
    }, {
      "d" : "1756459019674845697",
      "t" : 1756459019674,
      "tn" : 1756459019674845697,
      "q" : "0.04948",
      "p" : "109682.46",
      "s" : "buy",
      "i" : "BTC_USDT",
      "m" : "4611686018622591893"
    }, {
      "d" : "1756459019674844381",
      "t" : 1756459019674,
      "tn" : 1756459019674844381,
      "q" : "0.10000",
      "p" : "109678.97",
      "s" : "buy",
      "i" : "BTC_USDT",
      "m" : "4611686018622591892"
    }, {
      "d" : "1756459019674842308",
      "t" : 1756459019674,
      "tn" : 1756459019674842308,
      "q" : "0.00012",
      "p" : "109678.06",
      "s" : "buy",
      "i" : "BTC_USDT",
      "m" : "4611686018622591891"
    }, {
      "d" : "1756459019674747268",
      "t" : 1756459019674,
      "tn" : 1756459019674747268,
      "q" : "0.00010",
      "p" : "109678.06",
      "s" : "buy",
      "i" : "BTC_USDT",
      "m" : "4611686018622591890"
    }, {
      "d" : "1756459019674709626",
      "t" : 1756459019674,
      "tn" : 1756459019674709626,
      "q" : "0.00008",
      "p" : "109678.06",
      "s" : "buy",
      "i" : "BTC_USDT",
      "m" : "4611686018622591889"
    }, {
      "d" : "1756459019674708999",
      "t" : 1756459019674,
      "tn" : 1756459019674708999,
      "q" : "0.00002",
      "p" : "109674.58",
      "s" : "buy",
      "i" : "BTC_USDT",
      "m" : "4611686018622591888"
    }, {
      "d" : "1756459019674257519",
      "t" : 1756459019674,
      "tn" : 1756459019674257519,
      "q" : "0.00010",
      "p" : "109672.00",
      "s" : "buy",
      "i" : "BTC_USDT",
      "m" : "4611686018622591887"
    }, {
      "d" : "1756459019674190906",
      "t" : 1756459019674,
      "tn" : 1756459019674190906,
      "q" : "0.00012",
      "p" : "109672.00",
      "s" : "buy",
      "i" : "BTC_USDT",
      "m" : "4611686018622591886"
    }, {
      "d" : "1756459019672764709",
      "t" : 1756459019672,
      "tn" : 1756459019672764709,
      "q" : "0.00301",
      "p" : "109669.67",
      "s" : "buy",
      "i" : "BTC_USDT",
      "m" : "4611686018622591885"
    }, {
      "d" : "1756459019672718948",
      "t" : 1756459019672,
      "tn" : 1756459019672718948,
      "q" : "0.00154",
      "p" : "109669.67",
      "s" : "buy",
      "i" : "BTC_USDT",
      "m" : "4611686018622591884"
    }, {
      "d" : "1756459019672717452",
      "t" : 1756459019672,
      "tn" : 1756459019672717452,
      "q" : "0.01316",
      "p" : "109668.00",
      "s" : "buy",
      "i" : "BTC_USDT",
      "m" : "4611686018622591883"
    }, {
      "d" : "1756459019671298123",
      "t" : 1756459019671,
      "tn" : 1756459019671298123,
      "q" : "0.02735",
      "p" : "109668.00",
      "s" : "buy",
      "i" : "BTC_USDT",
      "m" : "4611686018622591882"
    }, {
      "d" : "1756459016980705421",
      "t" : 1756459016980,
      "tn" : 1756459016980705421,
      "q" : "0.10002",
      "p" : "109675.32",
      "s" : "buy",
      "i" : "BTC_USDT",
      "m" : "4611686018622591881"
    }, {
      "d" : "1756459016979838994",
      "t" : 1756459016979,
      "tn" : 1756459016979838994,
      "q" : "0.04604",
      "p" : "109675.74",
      "s" : "buy",
      "i" : "BTC_USDT",
      "m" : "4611686018622591880"
    }, {
      "d" : "1756459016979836616",
      "t" : 1756459016979,
      "tn" : 1756459016979836616,
      "q" : "0.00456",
      "p" : "109667.19",
      "s" : "buy",
      "i" : "BTC_USDT",
      "m" : "4611686018622591879"
    }, {
      "d" : "1756459016979835042",
      "t" : 1756459016979,
      "tn" : 1756459016979835042,
      "q" : "0.09942",
      "p" : "109657.92",
      "s" : "buy",
      "i" : "BTC_USDT",
      "m" : "4611686018622591878"
    }, {
      "d" : "1756459016973254372",
      "t" : 1756459016973,
      "tn" : 1756459016973254372,
      "q" : "0.00026",
      "p" : "109657.92",
      "s" : "buy",
      "i" : "BTC_USDT",
      "m" : "4611686018622591877"
    }, {
      "d" : "1756459016973150818",
      "t" : 1756459016973,
      "tn" : 1756459016973150818,
      "q" : "0.00032",
      "p" : "109657.92",
      "s" : "buy",
      "i" : "BTC_USDT",
      "m" : "4611686018622591876"
    }, {
      "d" : "1756459016972535529",
      "t" : 1756459016972,
      "tn" : 1756459016972535529,
      "q" : "0.00091",
      "p" : "109654.22",
      "s" : "buy",
      "i" : "BTC_USDT",
      "m" : "4611686018622591875"
    }, {
      "d" : "1756459016972272332",
      "t" : 1756459016972,
      "tn" : 1756459016972272332,
      "q" : "0.09113",
      "p" : "109653.81",
      "s" : "buy",
      "i" : "BTC_USDT",
      "m" : "4611686018622591874"
    }, {
      "d" : "1756459016972250400",
      "t" : 1756459016972,
      "tn" : 1756459016972250400,
      "q" : "0.08482",
      "p" : "109653.81",
      "s" : "buy",
      "i" : "BTC_USDT",
      "m" : "4611686018622591873"
    }, {
      "d" : "1756459016972077715",
      "t" : 1756459016972,
      "tn" : 1756459016972077715,
      "q" : "0.00026",
      "p" : "109653.81",
      "s" : "buy",
      "i" : "BTC_USDT",
      "m" : "4611686018622591872"
    }, {
      "d" : "1756459016972049402",
      "t" : 1756459016972,
      "tn" : 1756459016972049402,
      "q" : "0.02730",
      "p" : "109653.81",
      "s" : "buy",
      "i" : "BTC_USDT",
      "m" : "4611686018622591871"
    }, {
      "d" : "1756459016972045747",
      "t" : 1756459016972,
      "tn" : 1756459016972045747,
      "q" : "0.00037",
      "p" : "109653.81",
      "s" : "buy",
      "i" : "BTC_USDT",
      "m" : "4611686018622591870"
    }, {
      "d" : "1756459016971847752",
      "t" : 1756459016971,
      "tn" : 1756459016971847752,
      "q" : "0.05450",
      "p" : "109653.81",
      "s" : "buy",
      "i" : "BTC_USDT",
      "m" : "4611686018622591869"
    }, {
      "d" : "1756459016971771407",
      "t" : 1756459016971,
      "tn" : 1756459016971771407,
      "q" : "0.10740",
      "p" : "109653.81",
      "s" : "buy",
      "i" : "BTC_USDT",
      "m" : "4611686018622591868"
    }, {
      "d" : "1756459016971584503",
      "t" : 1756459016971,
      "tn" : 1756459016971584503,
      "q" : "0.12493",
      "p" : "109653.81",
      "s" : "buy",
      "i" : "BTC_USDT",
      "m" : "4611686018622591867"
    }, {
      "d" : "1756459016971499049",
      "t" : 1756459016971,
      "tn" : 1756459016971499049,
      "q" : "0.04551",
      "p" : "109653.81",
      "s" : "buy",
      "i" : "BTC_USDT",
      "m" : "4611686018622591866"
    }, {
      "d" : "1756459016971495489",
      "t" : 1756459016971,
      "tn" : 1756459016971495489,
      "q" : "0.14486",
      "p" : "109653.81",
      "s" : "buy",
      "i" : "BTC_USDT",
      "m" : "4611686018622591865"
    }, {
      "d" : "1756459016971492158",
      "t" : 1756459016971,
      "tn" : 1756459016971492158,
      "q" : "0.15002",
      "p" : "109653.81",
      "s" : "buy",
      "i" : "BTC_USDT",
      "m" : "4611686018622591864"
    }, {
      "d" : "1756459016971449466",
      "t" : 1756459016971,
      "tn" : 1756459016971449466,
      "q" : "0.03240",
      "p" : "109653.81",
      "s" : "buy",
      "i" : "BTC_USDT",
      "m" : "4611686018622591863"
    }, {
      "d" : "1756459016971225249",
      "t" : 1756459016971,
      "tn" : 1756459016971225249,
      "q" : "0.09801",
      "p" : "109653.81",
      "s" : "buy",
      "i" : "BTC_USDT",
      "m" : "4611686018622591862"
    }, {
      "d" : "1756459016971124723",
      "t" : 1756459016971,
      "tn" : 1756459016971124723,
      "q" : "0.01957",
      "p" : "109653.81",
      "s" : "buy",
      "i" : "BTC_USDT",
      "m" : "4611686018622591861"
    }, {
      "d" : "1756459016971065545",
      "t" : 1756459016971,
      "tn" : 1756459016971065545,
      "q" : "0.02736",
      "p" : "109653.81",
      "s" : "buy",
      "i" : "BTC_USDT",
      "m" : "4611686018622591860"
    }, {
      "d" : "1756459016971060069",
      "t" : 1756459016971,
      "tn" : 1756459016971060069,
      "q" : "0.11390",
      "p" : "109653.81",
      "s" : "buy",
      "i" : "BTC_USDT",
      "m" : "4611686018622591859"
    }, {
      "d" : "1756459016970873673",
      "t" : 1756459016970,
      "tn" : 1756459016970873673,
      "q" : "0.03240",
      "p" : "109652.00",
      "s" : "buy",
      "i" : "BTC_USDT",
      "m" : "4611686018622591858"
    }, {
      "d" : "1756459016970871650",
      "t" : 1756459016970,
      "tn" : 1756459016970871650,
      "q" : "0.00091",
      "p" : "109650.14",
      "s" : "buy",
      "i" : "BTC_USDT",
      "m" : "4611686018622591857"
    }, {
      "d" : "1756459016970869507",
      "t" : 1756459016970,
      "tn" : 1756459016970869507,
      "q" : "0.00504",
      "p" : "109650.00",
      "s" : "buy",
      "i" : "BTC_USDT",
      "m" : "4611686018622591856"
    }, {
      "d" : "1756459016970585987",
      "t" : 1756459016970,
      "tn" : 1756459016970585987,
      "q" : "0.02736",
      "p" : "109650.00",
      "s" : "buy",
      "i" : "BTC_USDT",
      "m" : "4611686018622591855"
    }, {
      "d" : "1756459016970241434",
      "t" : 1756459016970,
      "tn" : 1756459016970241434,
      "q" : "0.01761",
      "p" : "109648.00",
      "s" : "buy",
      "i" : "BTC_USDT",
      "m" : "4611686018622591854"
    }, {
      "d" : "1756459016970187974",
      "t" : 1756459016970,
      "tn" : 1756459016970187974,
      "q" : "0.01479",
      "p" : "109648.00",
      "s" : "buy",
      "i" : "BTC_USDT",
      "m" : "4611686018622591853"
    }, {
      "d" : "1756459016970182478",
      "t" : 1756459016970,
      "tn" : 1756459016970182478,
      "q" : "0.00455",
      "p" : "109647.09",
      "s" : "buy",
      "i" : "BTC_USDT",
      "m" : "4611686018622591852"
    }, {
      "d" : "1756459016970179431",
      "t" : 1756459016970,
      "tn" : 1756459016970179430,
      "q" : "0.00002",
      "p" : "109646.96",
      "s" : "buy",
      "i" : "BTC_USDT",
      "m" : "4611686018622591851"
    }, {
      "d" : "1756459016970179430",
      "t" : 1756459016970,
      "tn" : 1756459016970179430,
      "q" : "0.01759",
      "p" : "109646.96",
      "s" : "buy",
      "i" : "BTC_USDT",
      "m" : "4611686018622591851"
    }, {
      "d" : "1756459016336372700",
      "t" : 1756459016336,
      "tn" : 1756459016336372700,
      "q" : "0.13301",
      "p" : "109646.96",
      "s" : "buy",
      "i" : "BTC_USDT",
      "m" : "4611686018622591850"
    }, {
      "d" : "1756459016336371305",
      "t" : 1756459016336,
      "tn" : 1756459016336371305,
      "q" : "0.00521",
      "p" : "109646.95",
      "s" : "buy",
      "i" : "BTC_USDT",
      "m" : "4611686018622591849"
    }, {
      "d" : "1756459016336369065",
      "t" : 1756459016336,
      "tn" : 1756459016336369065,
      "q" : "0.00455",
      "p" : "109644.22",
      "s" : "buy",
      "i" : "BTC_USDT",
      "m" : "4611686018622591848"
    }, {
      "d" : "1756459016336367105",
      "t" : 1756459016336,
      "tn" : 1756459016336367105,
      "q" : "0.00030",
      "p" : "109642.08",
      "s" : "buy",
      "i" : "BTC_USDT",
      "m" : "4611686018622591847"
    }, {
      "d" : "1756459016336365907",
      "t" : 1756459016336,
      "tn" : 1756459016336365907,
      "q" : "0.00002",
      "p" : "109638.90",
      "s" : "buy",
      "i" : "BTC_USDT",
      "m" : "4611686018622591846"
    }, {
      "d" : "1756459016333949453",
      "t" : 1756459016333,
      "tn" : 1756459016333949453,
      "q" : "0.02314",
      "p" : "109636.00",
      "s" : "buy",
      "i" : "BTC_USDT",
      "m" : "4611686018622591845"
    }, {
      "d" : "1756458997832211933",
      "t" : 1756458997832,
      "tn" : 1756458997832211932,
      "q" : "0.05076",
      "p" : "109629.69",
      "s" : "buy",
      "i" : "BTC_USDT",
      "m" : "4611686018622591844"
    }, {
      "d" : "1756458997832211932",
      "t" : 1756458997832,
      "tn" : 1756458997832211932,
      "q" : "0.02944",
      "p" : "109629.69",
      "s" : "buy",
      "i" : "BTC_USDT",
      "m" : "4611686018622591844"
    }, {
      "d" : "1756458997832202983",
      "t" : 1756458997832,
      "tn" : 1756458997832202983,
      "q" : "0.00010",
      "p" : "109629.69",
      "s" : "buy",
      "i" : "BTC_USDT",
      "m" : "4611686018622591843"
    }, {
      "d" : "1756458997832154003",
      "t" : 1756458997832,
      "tn" : 1756458997832154003,
      "q" : "0.01927",
      "p" : "109629.69",
      "s" : "buy",
      "i" : "BTC_USDT",
      "m" : "4611686018622591842"
    }, {
      "d" : "1756458997832151698",
      "t" : 1756458997832,
      "tn" : 1756458997832151698,
      "q" : "0.00042",
      "p" : "109622.07",
      "s" : "buy",
      "i" : "BTC_USDT",
      "m" : "4611686018622591841"
    }, {
      "d" : "1756458992659389444",
      "t" : 1756458992659,
      "tn" : 1756458992659389444,
      "q" : "0.00270",
      "p" : "109609.14",
      "s" : "buy",
      "i" : "BTC_USDT",
      "m" : "4611686018622591840"
    }, {
      "d" : "1756458990291974729",
      "t" : 1756458990291,
      "tn" : 1756458990291974729,
      "q" : "0.01860",
      "p" : "109602.00",
      "s" : "sell",
      "i" : "BTC_USDT",
      "m" : "4611686018622591839"
    }, {
      "d" : "1756458990291972303",
      "t" : 1756458990291,
      "tn" : 1756458990291972303,
      "q" : "0.03240",
      "p" : "109604.00",
      "s" : "sell",
      "i" : "BTC_USDT",
      "m" : "4611686018622591838"
    }, {
      "d" : "1756458990291969863",
      "t" : 1756458990291,
      "tn" : 1756458990291969863,
      "q" : "0.00030",
      "p" : "109604.54",
      "s" : "sell",
      "i" : "BTC_USDT",
      "m" : "4611686018622591837"
    }, {
      "d" : "1756458990291966931",
      "t" : 1756458990291,
      "tn" : 1756458990291966931,
      "q" : "0.03000",
      "p" : "109605.99",
      "s" : "sell",
      "i" : "BTC_USDT",
      "m" : "4611686018622591836"
    }, {
      "d" : "1756458990291964522",
      "t" : 1756458990291,
      "tn" : 1756458990291964522,
      "q" : "0.03240",
      "p" : "109606.00",
      "s" : "sell",
      "i" : "BTC_USDT",
      "m" : "4611686018622591835"
    }, {
      "d" : "1756458990291962150",
      "t" : 1756458990291,
      "tn" : 1756458990291962150,
      "q" : "0.03240",
      "p" : "109608.00",
      "s" : "sell",
      "i" : "BTC_USDT",
      "m" : "4611686018622591834"
    }, {
      "d" : "1756458987474724358",
      "t" : 1756458987474,
      "tn" : 1756458987474724358,
      "q" : "0.04297",
      "p" : "109602.38",
      "s" : "sell",
      "i" : "BTC_USDT",
      "m" : "4611686018622591833"
    }, {
      "d" : "1756458987474720776",
      "t" : 1756458987474,
      "tn" : 1756458987474720776,
      "q" : "0.11726",
      "p" : "109602.38",
      "s" : "sell",
      "i" : "BTC_USDT",
      "m" : "4611686018622591832"
    }, {
      "d" : "1756458987474718861",
      "t" : 1756458987474,
      "tn" : 1756458987474718861,
      "q" : "0.03240",
      "p" : "109604.00",
      "s" : "sell",
      "i" : "BTC_USDT",
      "m" : "4611686018622591831"
    }, {
      "d" : "1756458987474715950",
      "t" : 1756458987474,
      "tn" : 1756458987474715950,
      "q" : "0.00030",
      "p" : "109604.57",
      "s" : "sell",
      "i" : "BTC_USDT",
      "m" : "4611686018622591830"
    }, {
      "d" : "1756458983548731430",
      "t" : 1756458983548,
      "tn" : 1756458983548731430,
      "q" : "0.00265",
      "p" : "109600.00",
      "s" : "buy",
      "i" : "BTC_USDT",
      "m" : "4611686018622591829"
    }, {
      "d" : "1756458980211198518",
      "t" : 1756458980211,
      "tn" : 1756458980211198518,
      "q" : "0.00029",
      "p" : "109596.09",
      "s" : "buy",
      "i" : "BTC_USDT",
      "m" : "4611686018622591828"
    }, {
      "d" : "1756458980211196556",
      "t" : 1756458980211,
      "tn" : 1756458980211196555,
      "q" : "0.00549",
      "p" : "109596.00",
      "s" : "buy",
      "i" : "BTC_USDT",
      "m" : "4611686018622591827"
    }, {
      "d" : "1756458980211196555",
      "t" : 1756458980211,
      "tn" : 1756458980211196555,
      "q" : "0.00001",
      "p" : "109596.00",
      "s" : "buy",
      "i" : "BTC_USDT",
      "m" : "4611686018622591827"
    }, {
      "d" : "1756458980156420931",
      "t" : 1756458980156,
      "tn" : 1756458980156420930,
      "q" : "0.00001",
      "p" : "109596.00",
      "s" : "buy",
      "i" : "BTC_USDT",
      "m" : "4611686018622591826"
    }, {
      "d" : "1756458980156420930",
      "t" : 1756458980156,
      "tn" : 1756458980156420930,
      "q" : "0.00964",
      "p" : "109596.00",
      "s" : "buy",
      "i" : "BTC_USDT",
      "m" : "4611686018622591826"
    }, {
      "d" : "1756458979978556060",
      "t" : 1756458979978,
      "tn" : 1756458979978556060,
      "q" : "0.02881",
      "p" : "109596.00",
      "s" : "buy",
      "i" : "BTC_USDT",
      "m" : "4611686018622591825"
    }, {
      "d" : "1756458979978555505",
      "t" : 1756458979978,
      "tn" : 1756458979978555505,
      "q" : "0.06199",
      "p" : "109595.97",
      "s" : "buy",
      "i" : "BTC_USDT",
      "m" : "4611686018622591824"
    }, {
      "d" : "1756458979978372999",
      "t" : 1756458979978,
      "tn" : 1756458979978372999,
      "q" : "0.00010",
      "p" : "109595.97",
      "s" : "buy",
      "i" : "BTC_USDT",
      "m" : "4611686018622591823"
    }, {
      "d" : "1756458979978360473",
      "t" : 1756458979978,
      "tn" : 1756458979978360473,
      "q" : "0.00020",
      "p" : "109595.97",
      "s" : "buy",
      "i" : "BTC_USDT",
      "m" : "4611686018622591822"
    }, {
      "d" : "1756458979978164250",
      "t" : 1756458979978,
      "tn" : 1756458979978164250,
      "q" : "0.00010",
      "p" : "109595.97",
      "s" : "buy",
      "i" : "BTC_USDT",
      "m" : "4611686018622591821"
    }, {
      "d" : "1756458979977956120",
      "t" : 1756458979977,
      "tn" : 1756458979977956120,
      "q" : "0.00010",
      "p" : "109595.97",
      "s" : "buy",
      "i" : "BTC_USDT",
      "m" : "4611686018622591820"
    }, {
      "d" : "1756458979977868387",
      "t" : 1756458979977,
      "tn" : 1756458979977868387,
      "q" : "0.00010",
      "p" : "109595.97",
      "s" : "buy",
      "i" : "BTC_USDT",
      "m" : "4611686018622591819"
    }, {
      "d" : "1756458979977790968",
      "t" : 1756458979977,
      "tn" : 1756458979977790968,
      "q" : "0.00828",
      "p" : "109595.97",
      "s" : "buy",
      "i" : "BTC_USDT",
      "m" : "4611686018622591818"
    }, {
      "d" : "1756458979977790150",
      "t" : 1756458979977,
      "tn" : 1756458979977790150,
      "q" : "0.00003",
      "p" : "109593.70",
      "s" : "buy",
      "i" : "BTC_USDT",
      "m" : "4611686018622591817"
    }, {
      "d" : "1756458979977786333",
      "t" : 1756458979977,
      "tn" : 1756458979977786333,
      "q" : "0.00030",
      "p" : "109590.65",
      "s" : "buy",
      "i" : "BTC_USDT",
      "m" : "4611686018622591816"
    }, {
      "d" : "1756458979977031761",
      "t" : 1756458979977,
      "tn" : 1756458979977031760,
      "q" : "0.01282",
      "p" : "109588.00",
      "s" : "buy",
      "i" : "BTC_USDT",
      "m" : "4611686018622591815"
    }, {
      "d" : "1756458979977031760",
      "t" : 1756458979977,
      "tn" : 1756458979977031760,
      "q" : "0.00002",
      "p" : "109588.00",
      "s" : "buy",
      "i" : "BTC_USDT",
      "m" : "4611686018622591815"
    }, {
      "d" : "1756458979523127352",
      "t" : 1756458979523,
      "tn" : 1756458979523127352,
      "q" : "0.01530",
      "p" : "109584.00",
      "s" : "buy",
      "i" : "BTC_USDT",
      "m" : "4611686018622591814"
    }, {
      "d" : "1756458971382691871",
      "t" : 1756458971382,
      "tn" : 1756458971382691869,
      "q" : "0.03009",
      "p" : "109582.69",
      "s" : "buy",
      "i" : "BTC_USDT",
      "m" : "4611686018622591813"
    }, {
      "d" : "1756458971382691870",
      "t" : 1756458971382,
      "tn" : 1756458971382691869,
      "q" : "0.07841",
      "p" : "109582.69",
      "s" : "buy",
      "i" : "BTC_USDT",
      "m" : "4611686018622591813"
    }, {
      "d" : "1756458971382691869",
      "t" : 1756458971382,
      "tn" : 1756458971382691869,
      "q" : "0.10850",
      "p" : "109582.69",
      "s" : "buy",
      "i" : "BTC_USDT",
      "m" : "4611686018622591813"
    }, {
      "d" : "1756458961667711307",
      "t" : 1756458961667,
      "tn" : 1756458961667711307,
      "q" : "0.00088",
      "p" : "109593.70",
      "s" : "buy",
      "i" : "BTC_USDT",
      "m" : "4611686018622591812"
    }, {
      "d" : "1756458961667709858",
      "t" : 1756458961667,
      "tn" : 1756458961667709858,
      "q" : "0.00456",
      "p" : "109593.17",
      "s" : "buy",
      "i" : "BTC_USDT",
      "m" : "4611686018622591811"
    }, {
      "d" : "1756458961667708993",
      "t" : 1756458961667,
      "tn" : 1756458961667708989,
      "q" : "0.00010",
      "p" : "109592.00",
      "s" : "buy",
      "i" : "BTC_USDT",
      "m" : "4611686018622591810"
    }, {
      "d" : "1756458961667708992",
      "t" : 1756458961667,
      "tn" : 1756458961667708989,
      "q" : "0.00790",
      "p" : "109592.00",
      "s" : "buy",
      "i" : "BTC_USDT",
      "m" : "4611686018622591810"
    }, {
      "d" : "1756458961667708991",
      "t" : 1756458961667,
      "tn" : 1756458961667708989,
      "q" : "0.03438",
      "p" : "109592.00",
      "s" : "buy",
      "i" : "BTC_USDT",
      "m" : "4611686018622591810"
    }, {
      "d" : "1756458961667708990",
      "t" : 1756458961667,
      "tn" : 1756458961667708989,
      "q" : "0.01980",
      "p" : "109592.00",
      "s" : "buy",
      "i" : "BTC_USDT",
      "m" : "4611686018622591810"
    }, {
      "d" : "1756458961667708989",
      "t" : 1756458961667,
      "tn" : 1756458961667708989,
      "q" : "0.03240",
      "p" : "109592.00",
      "s" : "buy",
      "i" : "BTC_USDT",
      "m" : "4611686018622591810"
    }, {
      "d" : "1756458961520733549",
      "t" : 1756458961520,
      "tn" : 1756458961520733549,
      "q" : "0.01149",
      "p" : "109597.04",
      "s" : "buy",
      "i" : "BTC_USDT",
      "m" : "4611686018622591809"
    }, {
      "d" : "1756458961520732023",
      "t" : 1756458961520,
      "tn" : 1756458961520732023,
      "q" : "0.00456",
      "p" : "109596.01",
      "s" : "buy",
      "i" : "BTC_USDT",
      "m" : "4611686018622591808"
    }, {
      "d" : "1756458961520730690",
      "t" : 1756458961520,
      "tn" : 1756458961520730690,
      "q" : "0.04561",
      "p" : "109595.90",
      "s" : "buy",
      "i" : "BTC_USDT",
      "m" : "4611686018622591807"
    }, {
      "d" : "1756458961520728227",
      "t" : 1756458961520,
      "tn" : 1756458961520728227,
      "q" : "0.08836",
      "p" : "109588.45",
      "s" : "buy",
      "i" : "BTC_USDT",
      "m" : "4611686018622591806"
    }, {
      "d" : "1756458961520716009",
      "t" : 1756458961520,
      "tn" : 1756458961520716009,
      "q" : "0.00291",
      "p" : "109588.45",
      "s" : "buy",
      "i" : "BTC_USDT",
      "m" : "4611686018622591805"
    }, {
      "d" : "1756458961520714279",
      "t" : 1756458961520,
      "tn" : 1756458961520714279,
      "q" : "0.00456",
      "p" : "109587.63",
      "s" : "buy",
      "i" : "BTC_USDT",
      "m" : "4611686018622591804"
    }, {
      "d" : "1756458961520713336",
      "t" : 1756458961520,
      "tn" : 1756458961520713336,
      "q" : "0.00091",
      "p" : "109585.38",
      "s" : "buy",
      "i" : "BTC_USDT",
      "m" : "4611686018622591803"
    }, {
      "d" : "1756458961520709861",
      "t" : 1756458961520,
      "tn" : 1756458961520709861,
      "q" : "0.09128",
      "p" : "109581.81",
      "s" : "buy",
      "i" : "BTC_USDT",
      "m" : "4611686018622591802"
    }, {
      "d" : "1756458961520709233",
      "t" : 1756458961520,
      "tn" : 1756458961520709233,
      "q" : "0.00024",
      "p" : "109579.53",
      "s" : "buy",
      "i" : "BTC_USDT",
      "m" : "4611686018622591801"
    }, {
      "d" : "1756458961520629696",
      "t" : 1756458961520,
      "tn" : 1756458961520629696,
      "q" : "0.00011",
      "p" : "109579.53",
      "s" : "buy",
      "i" : "BTC_USDT",
      "m" : "4611686018622591800"
    }, {
      "d" : "1756458961519798790",
      "t" : 1756458961519,
      "tn" : 1756458961519798790,
      "q" : "0.00002",
      "p" : "109574.37",
      "s" : "buy",
      "i" : "BTC_USDT",
      "m" : "4611686018622591799"
    }, {
      "d" : "1756458961519795316",
      "t" : 1756458961519,
      "tn" : 1756458961519795315,
      "q" : "0.02357",
      "p" : "109574.37",
      "s" : "buy",
      "i" : "BTC_USDT",
      "m" : "4611686018622591798"
    }, {
      "d" : "1756458961519795315",
      "t" : 1756458961519,
      "tn" : 1756458961519795315,
      "q" : "0.08800",
      "p" : "109574.37",
      "s" : "buy",
      "i" : "BTC_USDT",
      "m" : "4611686018622591798"
    }, {
      "d" : "1756458961519359902",
      "t" : 1756458961519,
      "tn" : 1756458961519359902,
      "q" : "0.01200",
      "p" : "109574.37",
      "s" : "buy",
      "i" : "BTC_USDT",
      "m" : "4611686018622591797"
    }, {
      "d" : "1756458961475711718",
      "t" : 1756458961475,
      "tn" : 1756458961475711718,
      "q" : "0.00010",
      "p" : "109572.72",
      "s" : "buy",
      "i" : "BTC_USDT",
      "m" : "4611686018622591796"
    }, {
      "d" : "1756458961475627095",
      "t" : 1756458961475,
      "tn" : 1756458961475627095,
      "q" : "0.09980",
      "p" : "109572.72",
      "s" : "buy",
      "i" : "BTC_USDT",
      "m" : "4611686018622591795"
    }, {
      "d" : "1756458961475077328",
      "t" : 1756458961475,
      "tn" : 1756458961475077328,
      "q" : "0.00012",
      "p" : "109572.72",
      "s" : "buy",
      "i" : "BTC_USDT",
      "m" : "4611686018622591794"
    }, {
      "d" : "1756458961460065224",
      "t" : 1756458961460,
      "tn" : 1756458961460065223,
      "q" : "0.07848",
      "p" : "109570.48",
      "s" : "buy",
      "i" : "BTC_USDT",
      "m" : "4611686018622591793"
    }, {
      "d" : "1756458961460065223",
      "t" : 1756458961460,
      "tn" : 1756458961460065223,
      "q" : "0.02153",
      "p" : "109570.48",
      "s" : "buy",
      "i" : "BTC_USDT",
      "m" : "4611686018622591793"
    }, {
      "d" : "1756458961460061482",
      "t" : 1756458961460,
      "tn" : 1756458961460061482,
      "q" : "0.05492",
      "p" : "109570.48",
      "s" : "buy",
      "i" : "BTC_USDT",
      "m" : "4611686018622591792"
    }, {
      "d" : "1756458961460056306",
      "t" : 1756458961460,
      "tn" : 1756458961460056306,
      "q" : "0.03240",
      "p" : "109570.00",
      "s" : "buy",
      "i" : "BTC_USDT",
      "m" : "4611686018622591791"
    }, {
      "d" : "1756458961460054262",
      "t" : 1756458961460,
      "tn" : 1756458961460054262,
      "q" : "0.03240",
      "p" : "109568.00",
      "s" : "buy",
      "i" : "BTC_USDT",
      "m" : "4611686018622591790"
    }, {
      "d" : "1756458961460052322",
      "t" : 1756458961460,
      "tn" : 1756458961460052322,
      "q" : "0.03000",
      "p" : "109567.34",
      "s" : "buy",
      "i" : "BTC_USDT",
      "m" : "4611686018622591789"
    }, {
      "d" : "1756458961460049828",
      "t" : 1756458961460,
      "tn" : 1756458961460049828,
      "q" : "0.00030",
      "p" : "109566.24",
      "s" : "buy",
      "i" : "BTC_USDT",
      "m" : "4611686018622591788"
    }, {
      "d" : "1756458961457811294",
      "t" : 1756458961457,
      "tn" : 1756458961457811294,
      "q" : "0.00002",
      "p" : "109564.00",
      "s" : "buy",
      "i" : "BTC_USDT",
      "m" : "4611686018622591787"
    }, {
      "d" : "1756458961457808555",
      "t" : 1756458961457,
      "tn" : 1756458961457808555,
      "q" : "0.03103",
      "p" : "109563.41",
      "s" : "buy",
      "i" : "BTC_USDT",
      "m" : "4611686018622591786"
    }, {
      "d" : "1756458958260351177",
      "t" : 1756458958260,
      "tn" : 1756458958260351177,
      "q" : "0.00019",
      "p" : "109563.40",
      "s" : "sell",
      "i" : "BTC_USDT",
      "m" : "4611686018622591785"
    }, {
      "d" : "1756458958081970702",
      "t" : 1756458958081,
      "tn" : 1756458958081970702,
      "q" : "0.00207",
      "p" : "109563.30",
      "s" : "buy",
      "i" : "BTC_USDT",
      "m" : "4611686018622591784"
    }, {
      "d" : "1756458954531640456",
      "t" : 1756458954531,
      "tn" : 1756458954531640456,
      "q" : "0.00313",
      "p" : "109563.30",
      "s" : "buy",
      "i" : "BTC_USDT",
      "m" : "4611686018622591783"
    }, {
      "d" : "1756458946612213279",
      "t" : 1756458946612,
      "tn" : 1756458946612213279,
      "q" : "0.14999",
      "p" : "109561.25",
      "s" : "buy",
      "i" : "BTC_USDT",
      "m" : "4611686018622591782"
    }, {
      "d" : "1756458946612003216",
      "t" : 1756458946612,
      "tn" : 1756458946612003216,
      "q" : "0.09541",
      "p" : "109561.25",
      "s" : "buy",
      "i" : "BTC_USDT",
      "m" : "4611686018622591781"
    }, {
      "d" : "1756458946612000935",
      "t" : 1756458946612,
      "tn" : 1756458946612000935,
      "q" : "0.00002",
      "p" : "109560.42",
      "s" : "buy",
      "i" : "BTC_USDT",
      "m" : "4611686018622591780"
    }, {
      "d" : "1756458946611998092",
      "t" : 1756458946611,
      "tn" : 1756458946611998092,
      "q" : "0.00456",
      "p" : "109557.98",
      "s" : "buy",
      "i" : "BTC_USDT",
      "m" : "4611686018622591779"
    }, {
      "d" : "1756458944686513548",
      "t" : 1756458944686,
      "tn" : 1756458944686513548,
      "q" : "0.00047",
      "p" : "109556.39",
      "s" : "buy",
      "i" : "BTC_USDT",
      "m" : "4611686018622591778"
    }, {
      "d" : "1756458930491387845",
      "t" : 1756458930491,
      "tn" : 1756458930491387845,
      "q" : "0.00008",
      "p" : "109561.29",
      "s" : "buy",
      "i" : "BTC_USDT",
      "m" : "4611686018622591777"
    }, {
      "d" : "1756458917401721253",
      "t" : 1756458917401,
      "tn" : 1756458917401721253,
      "q" : "0.00011",
      "p" : "109556.38",
      "s" : "buy",
      "i" : "BTC_USDT",
      "m" : "4611686018622591776"
    }, {
      "d" : "1756458899524026709",
      "t" : 1756458899524,
      "tn" : 1756458899524026709,
      "q" : "0.02890",
      "p" : "109565.22",
      "s" : "sell",
      "i" : "BTC_USDT",
      "m" : "4611686018622591775"
    }, {
      "d" : "1756458899524023953",
      "t" : 1756458899524,
      "tn" : 1756458899524023953,
      "q" : "0.09552",
      "p" : "109565.22",
      "s" : "sell",
      "i" : "BTC_USDT",
      "m" : "4611686018622591774"
    }, {
      "d" : "1756458899524021799",
      "t" : 1756458899524,
      "tn" : 1756458899524021799,
      "q" : "0.02555",
      "p" : "109565.44",
      "s" : "sell",
      "i" : "BTC_USDT",
      "m" : "4611686018622591773"
    }, {
      "d" : "1756458899523943579",
      "t" : 1756458899523,
      "tn" : 1756458899523943578,
      "q" : "0.06048",
      "p" : "109565.44",
      "s" : "sell",
      "i" : "BTC_USDT",
      "m" : "4611686018622591772"
    }, {
      "d" : "1756458899523943578",
      "t" : 1756458899523,
      "tn" : 1756458899523943578,
      "q" : "0.00223",
      "p" : "109565.44",
      "s" : "sell",
      "i" : "BTC_USDT",
      "m" : "4611686018622591772"
    }, {
      "d" : "1756458899523940391",
      "t" : 1756458899523,
      "tn" : 1756458899523940391,
      "q" : "0.00456",
      "p" : "109566.18",
      "s" : "sell",
      "i" : "BTC_USDT",
      "m" : "4611686018622591771"
    }, {
      "d" : "1756458899523937884",
      "t" : 1756458899523,
      "tn" : 1756458899523937884,
      "q" : "0.03240",
      "p" : "109568.00",
      "s" : "sell",
      "i" : "BTC_USDT",
      "m" : "4611686018622591770"
    }, {
      "d" : "1756458899523935307",
      "t" : 1756458899523,
      "tn" : 1756458899523935307,
      "q" : "0.00030",
      "p" : "109568.34",
      "s" : "sell",
      "i" : "BTC_USDT",
      "m" : "4611686018622591769"
    }, {
      "d" : "1756458892956531768",
      "t" : 1756458892956,
      "tn" : 1756458892956531768,
      "q" : "0.09181",
      "p" : "109575.29",
      "s" : "buy",
      "i" : "BTC_USDT",
      "m" : "4611686018622591768"
    }, {
      "d" : "1756458892956529204",
      "t" : 1756458892956,
      "tn" : 1756458892956529204,
      "q" : "0.05822",
      "p" : "109575.28",
      "s" : "buy",
      "i" : "BTC_USDT",
      "m" : "4611686018622591767"
    }, {
      "d" : "1756458892953443170",
      "t" : 1756458892953,
      "tn" : 1756458892953443170,
      "q" : "0.03304",
      "p" : "109575.28",
      "s" : "buy",
      "i" : "BTC_USDT",
      "m" : "4611686018622591766"
    }, {
      "d" : "1756458892953441273",
      "t" : 1756458892953,
      "tn" : 1756458892953441273,
      "q" : "0.03240",
      "p" : "109574.00",
      "s" : "buy",
      "i" : "BTC_USDT",
      "m" : "4611686018622591765"
    }, {
      "d" : "1756458892953438974",
      "t" : 1756458892953,
      "tn" : 1756458892953438974,
      "q" : "0.00225",
      "p" : "109573.55",
      "s" : "buy",
      "i" : "BTC_USDT",
      "m" : "4611686018622591764"
    }, {
      "d" : "1756458892953436256",
      "t" : 1756458892953,
      "tn" : 1756458892953436256,
      "q" : "0.00091",
      "p" : "109572.62",
      "s" : "buy",
      "i" : "BTC_USDT",
      "m" : "4611686018622591763"
    }, {
      "d" : "1756458892953433954",
      "t" : 1756458892953,
      "tn" : 1756458892953433954,
      "q" : "0.00456",
      "p" : "109569.72",
      "s" : "buy",
      "i" : "BTC_USDT",
      "m" : "4611686018622591762"
    }, {
      "d" : "1756458892953431131",
      "t" : 1756458892953,
      "tn" : 1756458892953431131,
      "q" : "0.02653",
      "p" : "109569.36",
      "s" : "buy",
      "i" : "BTC_USDT",
      "m" : "4611686018622591761"
    }, {
      "d" : "1756458892953428695",
      "t" : 1756458892953,
      "tn" : 1756458892953428694,
      "q" : "0.00002",
      "p" : "109568.42",
      "s" : "buy",
      "i" : "BTC_USDT",
      "m" : "4611686018622591760"
    }, {
      "d" : "1756458892953428694",
      "t" : 1756458892953,
      "tn" : 1756458892953428694,
      "q" : "0.00030",
      "p" : "109568.42",
      "s" : "buy",
      "i" : "BTC_USDT",
      "m" : "4611686018622591760"
    } ]
  }
}
{
  "id" : -1,
  "method" : "public/get-trades",
  "code" : 0,
  "result" : {
    "data" : [ {
      "d" : "1756458876182344619",
      "t" : 1756458876182,
      "tn" : 1756458876182344619,
      "q" : "0.14990",
      "p" : "109567.39",
      "s" : "buy",
      "i" : "BTC_USDT",
      "m" : "4611686018622591759"
    }, {
      "d" : "1756458876182197484",
      "t" : 1756458876182,
      "tn" : 1756458876182197484,
      "q" : "0.00012",
      "p" : "109567.39",
      "s" : "buy",
      "i" : "BTC_USDT",
      "m" : "4611686018622591758"
    }, {
      "d" : "1756458876182039601",
      "t" : 1756458876182,
      "tn" : 1756458876182039601,
      "q" : "0.05680",
      "p" : "109567.39",
      "s" : "buy",
      "i" : "BTC_USDT",
      "m" : "4611686018622591757"
    }, {
      "d" : "1756458876181938418",
      "t" : 1756458876181,
      "tn" : 1756458876181938418,
      "q" : "0.00027",
      "p" : "109567.39",
      "s" : "buy",
      "i" : "BTC_USDT",
      "m" : "4611686018622591756"
    }, {
      "d" : "1756458876181936600",
      "t" : 1756458876181,
      "tn" : 1756458876181936600,
      "q" : "0.03806",
      "p" : "109566.00",
      "s" : "buy",
      "i" : "BTC_USDT",
      "m" : "4611686018622591755"
    }, {
      "d" : "1756458876181934423",
      "t" : 1756458876181,
      "tn" : 1756458876181934423,
      "q" : "0.00456",
      "p" : "109565.26",
      "s" : "buy",
      "i" : "BTC_USDT",
      "m" : "4611686018622591754"
    }, {
      "d" : "1756458876181931028",
      "t" : 1756458876181,
      "tn" : 1756458876181931027,
      "q" : "0.00002",
      "p" : "109564.62",
      "s" : "buy",
      "i" : "BTC_USDT",
      "m" : "4611686018622591753"
    }, {
      "d" : "1756458876181931027",
      "t" : 1756458876181,
      "tn" : 1756458876181931027,
      "q" : "0.00030",
      "p" : "109564.62",
      "s" : "buy",
      "i" : "BTC_USDT",
      "m" : "4611686018622591753"
    }, {
      "d" : "1756458871927551798",
      "t" : 1756458871927,
      "tn" : 1756458871927551798,
      "q" : "0.02141",
      "p" : "109563.99",
      "s" : "sell",
      "i" : "BTC_USDT",
      "m" : "4611686018622591752"
    }, {
      "d" : "1756458867322721085",
      "t" : 1756458867322,
      "tn" : 1756458867322721085,
      "q" : "0.00681",
      "p" : "109562.34",
      "s" : "sell",
      "i" : "BTC_USDT",
      "m" : "4611686018622591751"
    }, {
      "d" : "1756458866829925328",
      "t" : 1756458866829,
      "tn" : 1756458866829925328,
      "q" : "0.00094",
      "p" : "109562.00",
      "s" : "sell",
      "i" : "BTC_USDT",
      "m" : "4611686018622591750"
    }, {
      "d" : "1756458866829923639",
      "t" : 1756458866829,
      "tn" : 1756458866829923638,
      "q" : "0.01470",
      "p" : "109562.36",
      "s" : "sell",
      "i" : "BTC_USDT",
      "m" : "4611686018622591749"
    }, {
      "d" : "1756458866829923638",
      "t" : 1756458866829,
      "tn" : 1756458866829923638,
      "q" : "0.00456",
      "p" : "109562.36",
      "s" : "sell",
      "i" : "BTC_USDT",
      "m" : "4611686018622591749"
    }, {
      "d" : "1756458866793050167",
      "t" : 1756458866793,
      "tn" : 1756458866793050167,
      "q" : "0.00741",
      "p" : "109562.00",
      "s" : "sell",
      "i" : "BTC_USDT",
      "m" : "4611686018622591748"
    }, {
      "d" : "1756458866793048154",
      "t" : 1756458866793,
      "tn" : 1756458866793048154,
      "q" : "0.03240",
      "p" : "109564.00",
      "s" : "sell",
      "i" : "BTC_USDT",
      "m" : "4611686018622591747"
    }, {
      "d" : "1756458864552191561",
      "t" : 1756458864552,
      "tn" : 1756458864552191561,
      "q" : "0.00154",
      "p" : "109566.00",
      "s" : "buy",
      "i" : "BTC_USDT",
      "m" : "4611686018622591746"
    }, {
      "d" : "1756458864552182183",
      "t" : 1756458864552,
      "tn" : 1756458864552182183,
      "q" : "0.00091",
      "p" : "109564.52",
      "s" : "buy",
      "i" : "BTC_USDT",
      "m" : "4611686018622591745"
    }, {
      "d" : "1756458864552180957",
      "t" : 1756458864552,
      "tn" : 1756458864552180957,
      "q" : "0.00456",
      "p" : "109559.94",
      "s" : "buy",
      "i" : "BTC_USDT",
      "m" : "4611686018622591744"
    }, {
      "d" : "1756458864552178370",
      "t" : 1756458864552,
      "tn" : 1756458864552178370,
      "q" : "0.00289",
      "p" : "109558.00",
      "s" : "buy",
      "i" : "BTC_USDT",
      "m" : "4611686018622591743"
    }, {
      "d" : "1756458864551963545",
      "t" : 1756458864551,
      "tn" : 1756458864551963545,
      "q" : "0.00010",
      "p" : "109558.00",
      "s" : "buy",
      "i" : "BTC_USDT",
      "m" : "4611686018622591742"
    }, {
      "d" : "1756458864551921641",
      "t" : 1756458864551,
      "tn" : 1756458864551921641,
      "q" : "0.04232",
      "p" : "109558.00",
      "s" : "buy",
      "i" : "BTC_USDT",
      "m" : "4611686018622591741"
    }, {
      "d" : "1756458864404584661",
      "t" : 1756458864404,
      "tn" : 1756458864404584661,
      "q" : "0.10001",
      "p" : "109556.64",
      "s" : "buy",
      "i" : "BTC_USDT",
      "m" : "4611686018622591740"
    }, {
      "d" : "1756458864404579933",
      "t" : 1756458864404,
      "tn" : 1756458864404579933,
      "q" : "0.09590",
      "p" : "109556.64",
      "s" : "buy",
      "i" : "BTC_USDT",
      "m" : "4611686018622591739"
    }, {
      "d" : "1756458864404578293",
      "t" : 1756458864404,
      "tn" : 1756458864404578293,
      "q" : "0.00456",
      "p" : "109554.64",
      "s" : "buy",
      "i" : "BTC_USDT",
      "m" : "4611686018622591738"
    }, {
      "d" : "1756458864404575451",
      "t" : 1756458864404,
      "tn" : 1756458864404575451,
      "q" : "0.00030",
      "p" : "109553.81",
      "s" : "buy",
      "i" : "BTC_USDT",
      "m" : "4611686018622591737"
    }, {
      "d" : "1756458864404572335",
      "t" : 1756458864404,
      "tn" : 1756458864404572335,
      "q" : "0.04364",
      "p" : "109553.79",
      "s" : "buy",
      "i" : "BTC_USDT",
      "m" : "4611686018622591736"
    }, {
      "d" : "1756458864404433089",
      "t" : 1756458864404,
      "tn" : 1756458864404433089,
      "q" : "0.00562",
      "p" : "109553.79",
      "s" : "buy",
      "i" : "BTC_USDT",
      "m" : "4611686018622591735"
    }, {
      "d" : "1756458858723669597",
      "t" : 1756458858723,
      "tn" : 1756458858723669597,
      "q" : "0.00010",
      "p" : "109553.79",
      "s" : "buy",
      "i" : "BTC_USDT",
      "m" : "4611686018622591734"
    }, {
      "d" : "1756458858723396538",
      "t" : 1756458858723,
      "tn" : 1756458858723396538,
      "q" : "0.03190",
      "p" : "109553.79",
      "s" : "buy",
      "i" : "BTC_USDT",
      "m" : "4611686018622591733"
    }, {
      "d" : "1756458858723260439",
      "t" : 1756458858723,
      "tn" : 1756458858723260439,
      "q" : "0.05469",
      "p" : "109553.79",
      "s" : "buy",
      "i" : "BTC_USDT",
      "m" : "4611686018622591732"
    }, {
      "d" : "1756458858722255640",
      "t" : 1756458858722,
      "tn" : 1756458858722255640,
      "q" : "0.09159",
      "p" : "109553.79",
      "s" : "buy",
      "i" : "BTC_USDT",
      "m" : "4611686018622591731"
    }, {
      "d" : "1756458858722255088",
      "t" : 1756458858722,
      "tn" : 1756458858722255088,
      "q" : "0.00030",
      "p" : "109553.41",
      "s" : "buy",
      "i" : "BTC_USDT",
      "m" : "4611686018622591730"
    }, {
      "d" : "1756458858722250050",
      "t" : 1756458858722,
      "tn" : 1756458858722250050,
      "q" : "0.03141",
      "p" : "109552.01",
      "s" : "buy",
      "i" : "BTC_USDT",
      "m" : "4611686018622591729"
    }, {
      "d" : "1756458858722242843",
      "t" : 1756458858722,
      "tn" : 1756458858722242843,
      "q" : "0.02213",
      "p" : "109552.01",
      "s" : "buy",
      "i" : "BTC_USDT",
      "m" : "4611686018622591728"
    }, {
      "d" : "1756458858722240483",
      "t" : 1756458858722,
      "tn" : 1756458858722240483,
      "q" : "0.00456",
      "p" : "109551.98",
      "s" : "buy",
      "i" : "BTC_USDT",
      "m" : "4611686018622591727"
    }, {
      "d" : "1756458850605941495",
      "t" : 1756458850605,
      "tn" : 1756458850605941494,
      "q" : "0.00162",
      "p" : "109550.01",
      "s" : "buy",
      "i" : "BTC_USDT",
      "m" : "4611686018622591726"
    }, {
      "d" : "1756458850605941494",
      "t" : 1756458850605,
      "tn" : 1756458850605941494,
      "q" : "0.00070",
      "p" : "109550.01",
      "s" : "buy",
      "i" : "BTC_USDT",
      "m" : "4611686018622591726"
    }, {
      "d" : "1756458845451948758",
      "t" : 1756458845451,
      "tn" : 1756458845451948758,
      "q" : "0.08284",
      "p" : "109571.74",
      "s" : "sell",
      "i" : "BTC_USDT",
      "m" : "4611686018622591725"
    }, {
      "d" : "1756458845451945783",
      "t" : 1756458845451,
      "tn" : 1756458845451945783,
      "q" : "0.00030",
      "p" : "109572.13",
      "s" : "sell",
      "i" : "BTC_USDT",
      "m" : "4611686018622591724"
    }, {
      "d" : "1756458845451942804",
      "t" : 1756458845451,
      "tn" : 1756458845451942804,
      "q" : "0.00456",
      "p" : "109572.61",
      "s" : "sell",
      "i" : "BTC_USDT",
      "m" : "4611686018622591723"
    }, {
      "d" : "1756458845451941981",
      "t" : 1756458845451,
      "tn" : 1756458845451941981,
      "q" : "0.00091",
      "p" : "109574.65",
      "s" : "sell",
      "i" : "BTC_USDT",
      "m" : "4611686018622591722"
    }, {
      "d" : "1756458845451937975",
      "t" : 1756458845451,
      "tn" : 1756458845451937975,
      "q" : "0.00002",
      "p" : "109574.66",
      "s" : "sell",
      "i" : "BTC_USDT",
      "m" : "4611686018622591721"
    }, {
      "d" : "1756458845451935336",
      "t" : 1756458845451,
      "tn" : 1756458845451935336,
      "q" : "0.00015",
      "p" : "109576.00",
      "s" : "sell",
      "i" : "BTC_USDT",
      "m" : "4611686018622591720"
    }, {
      "d" : "1756458815376072205",
      "t" : 1756458815376,
      "tn" : 1756458815376072205,
      "q" : "0.01144",
      "p" : "109588.00",
      "s" : "buy",
      "i" : "BTC_USDT",
      "m" : "4611686018622591719"
    }, {
      "d" : "1756458815376069706",
      "t" : 1756458815376,
      "tn" : 1756458815376069705,
      "q" : "0.06574",
      "p" : "109587.74",
      "s" : "buy",
      "i" : "BTC_USDT",
      "m" : "4611686018622591718"
    }, {
      "d" : "1756458815376069705",
      "t" : 1756458815376,
      "tn" : 1756458815376069705,
      "q" : "0.02281",
      "p" : "109587.74",
      "s" : "buy",
      "i" : "BTC_USDT",
      "m" : "4611686018622591718"
    }, {
      "d" : "1756458810425273485",
      "t" : 1756458810425,
      "tn" : 1756458810425273485,
      "q" : "0.06036",
      "p" : "109590.85",
      "s" : "sell",
      "i" : "BTC_USDT",
      "m" : "4611686018622591717"
    }, {
      "d" : "1756458810425271050",
      "t" : 1756458810425,
      "tn" : 1756458810425271050,
      "q" : "0.03240",
      "p" : "109592.00",
      "s" : "sell",
      "i" : "BTC_USDT",
      "m" : "4611686018622591716"
    }, {
      "d" : "1756458810425269797",
      "t" : 1756458810425,
      "tn" : 1756458810425269797,
      "q" : "0.05514",
      "p" : "109592.21",
      "s" : "sell",
      "i" : "BTC_USDT",
      "m" : "4611686018622591715"
    }, {
      "d" : "1756458810425268204",
      "t" : 1756458810425,
      "tn" : 1756458810425268204,
      "q" : "0.00010",
      "p" : "109592.21",
      "s" : "sell",
      "i" : "BTC_USDT",
      "m" : "4611686018622591714"
    }, {
      "d" : "1756458810425267292",
      "t" : 1756458810425,
      "tn" : 1756458810425267292,
      "q" : "0.00200",
      "p" : "109592.21",
      "s" : "sell",
      "i" : "BTC_USDT",
      "m" : "4611686018622591713"
    }, {
      "d" : "1756458810425041411",
      "t" : 1756458810425,
      "tn" : 1756458810425041410,
      "q" : "0.01758",
      "p" : "109592.21",
      "s" : "sell",
      "i" : "BTC_USDT",
      "m" : "4611686018622591712"
    }, {
      "d" : "1756458810425041410",
      "t" : 1756458810425,
      "tn" : 1756458810425041410,
      "q" : "0.04423",
      "p" : "109592.21",
      "s" : "sell",
      "i" : "BTC_USDT",
      "m" : "4611686018622591712"
    }, {
      "d" : "1756458810425037757",
      "t" : 1756458810425,
      "tn" : 1756458810425037757,
      "q" : "0.03240",
      "p" : "109594.00",
      "s" : "sell",
      "i" : "BTC_USDT",
      "m" : "4611686018622591711"
    }, {
      "d" : "1756458810425035341",
      "t" : 1756458810425,
      "tn" : 1756458810425035341,
      "q" : "0.00091",
      "p" : "109596.13",
      "s" : "sell",
      "i" : "BTC_USDT",
      "m" : "4611686018622591710"
    }, {
      "d" : "1756458810425033320",
      "t" : 1756458810425,
      "tn" : 1756458810425033320,
      "q" : "0.00030",
      "p" : "109596.68",
      "s" : "sell",
      "i" : "BTC_USDT",
      "m" : "4611686018622591709"
    }, {
      "d" : "1756458810425030468",
      "t" : 1756458810425,
      "tn" : 1756458810425030468,
      "q" : "0.00456",
      "p" : "109599.01",
      "s" : "sell",
      "i" : "BTC_USDT",
      "m" : "4611686018622591708"
    }, {
      "d" : "1756458810425027642",
      "t" : 1756458810425,
      "tn" : 1756458810425027642,
      "q" : "0.00002",
      "p" : "109599.99",
      "s" : "sell",
      "i" : "BTC_USDT",
      "m" : "4611686018622591707"
    }, {
      "d" : "1756458797349970023",
      "t" : 1756458797349,
      "tn" : 1756458797349970023,
      "q" : "0.00002",
      "p" : "109604.01",
      "s" : "sell",
      "i" : "BTC_USDT",
      "m" : "4611686018622591706"
    }, {
      "d" : "1756458795271022967",
      "t" : 1756458795271,
      "tn" : 1756458795271022967,
      "q" : "0.02480",
      "p" : "109604.35",
      "s" : "sell",
      "i" : "BTC_USDT",
      "m" : "4611686018622591705"
    }, {
      "d" : "1756458795270442879",
      "t" : 1756458795270,
      "tn" : 1756458795270442879,
      "q" : "0.01947",
      "p" : "109608.00",
      "s" : "sell",
      "i" : "BTC_USDT",
      "m" : "4611686018622591704"
    }, {
      "d" : "1756458795268996058",
      "t" : 1756458795268,
      "tn" : 1756458795268996058,
      "q" : "0.00295",
      "p" : "109604.35",
      "s" : "sell",
      "i" : "BTC_USDT",
      "m" : "4611686018622591703"
    }, {
      "d" : "1756458795268994052",
      "t" : 1756458795268,
      "tn" : 1756458795268994052,
      "q" : "0.09123",
      "p" : "109604.39",
      "s" : "sell",
      "i" : "BTC_USDT",
      "m" : "4611686018622591702"
    }, {
      "d" : "1756458795268991483",
      "t" : 1756458795268,
      "tn" : 1756458795268991483,
      "q" : "0.00091",
      "p" : "109604.89",
      "s" : "sell",
      "i" : "BTC_USDT",
      "m" : "4611686018622591701"
    }, {
      "d" : "1756458795268988505",
      "t" : 1756458795268,
      "tn" : 1756458795268988505,
      "q" : "0.00030",
      "p" : "109608.14",
      "s" : "sell",
      "i" : "BTC_USDT",
      "m" : "4611686018622591700"
    }, {
      "d" : "1756458795268985393",
      "t" : 1756458795268,
      "tn" : 1756458795268985393,
      "q" : "0.00456",
      "p" : "109610.06",
      "s" : "sell",
      "i" : "BTC_USDT",
      "m" : "4611686018622591699"
    }, {
      "d" : "1756458795268980956",
      "t" : 1756458795268,
      "tn" : 1756458795268980956,
      "q" : "0.00002",
      "p" : "109611.05",
      "s" : "sell",
      "i" : "BTC_USDT",
      "m" : "4611686018622591698"
    }, {
      "d" : "1756458792586696285",
      "t" : 1756458792586,
      "tn" : 1756458792586696285,
      "q" : "0.00011",
      "p" : "109611.06",
      "s" : "buy",
      "i" : "BTC_USDT",
      "m" : "4611686018622591697"
    }, {
      "d" : "1756458777657472424",
      "t" : 1756458777657,
      "tn" : 1756458777657472422,
      "q" : "0.09226",
      "p" : "109602.01",
      "s" : "buy",
      "i" : "BTC_USDT",
      "m" : "4611686018622591696"
    }, {
      "d" : "1756458777657472423",
      "t" : 1756458777657,
      "tn" : 1756458777657472422,
      "q" : "0.00456",
      "p" : "109602.01",
      "s" : "buy",
      "i" : "BTC_USDT",
      "m" : "4611686018622591696"
    }, {
      "d" : "1756458777657472422",
      "t" : 1756458777657,
      "tn" : 1756458777657472422,
      "q" : "0.00319",
      "p" : "109602.01",
      "s" : "buy",
      "i" : "BTC_USDT",
      "m" : "4611686018622591696"
    }, {
      "d" : "1756458772349076885",
      "t" : 1756458772349,
      "tn" : 1756458772349076885,
      "q" : "0.09999",
      "p" : "109604.31",
      "s" : "buy",
      "i" : "BTC_USDT",
      "m" : "4611686018622591695"
    }, {
      "d" : "1756458772348915456",
      "t" : 1756458772348,
      "tn" : 1756458772348915456,
      "q" : "0.05493",
      "p" : "109604.31",
      "s" : "buy",
      "i" : "BTC_USDT",
      "m" : "4611686018622591694"
    }, {
      "d" : "1756458772348913996",
      "t" : 1756458772348,
      "tn" : 1756458772348913995,
      "q" : "0.05598",
      "p" : "109603.02",
      "s" : "buy",
      "i" : "BTC_USDT",
      "m" : "4611686018622591693"
    }, {
      "d" : "1756458772348913995",
      "t" : 1756458772348,
      "tn" : 1756458772348913995,
      "q" : "0.00210",
      "p" : "109603.02",
      "s" : "buy",
      "i" : "BTC_USDT",
      "m" : "4611686018622591693"
    }, {
      "d" : "1756458772348910781",
      "t" : 1756458772348,
      "tn" : 1756458772348910781,
      "q" : "0.03240",
      "p" : "109602.00",
      "s" : "buy",
      "i" : "BTC_USDT",
      "m" : "4611686018622591692"
    }, {
      "d" : "1756458772348908484",
      "t" : 1756458772348,
      "tn" : 1756458772348908484,
      "q" : "0.00456",
      "p" : "109599.93",
      "s" : "buy",
      "i" : "BTC_USDT",
      "m" : "4611686018622591691"
    }, {
      "d" : "1756458772348906430",
      "t" : 1756458772348,
      "tn" : 1756458772348906430,
      "q" : "0.00002",
      "p" : "109595.25",
      "s" : "buy",
      "i" : "BTC_USDT",
      "m" : "4611686018622591690"
    }, {
      "d" : "1756458772338054210",
      "t" : 1756458772338,
      "tn" : 1756458772338054210,
      "q" : "0.00004",
      "p" : "109592.66",
      "s" : "buy",
      "i" : "BTC_USDT",
      "m" : "4611686018622591689"
    }, {
      "d" : "1756458772324964393",
      "t" : 1756458772324,
      "tn" : 1756458772324964393,
      "q" : "0.00010",
      "p" : "109588.58",
      "s" : "buy",
      "i" : "BTC_USDT",
      "m" : "4611686018622591688"
    }, {
      "d" : "1756458752229799152",
      "t" : 1756458752229,
      "tn" : 1756458752229799152,
      "q" : "0.00249",
      "p" : "109587.97",
      "s" : "sell",
      "i" : "BTC_USDT",
      "m" : "4611686018622591687"
    }, {
      "d" : "1756458747448356550",
      "t" : 1756458747448,
      "tn" : 1756458747448356550,
      "q" : "0.01047",
      "p" : "109586.00",
      "s" : "sell",
      "i" : "BTC_USDT",
      "m" : "4611686018622591686"
    }, {
      "d" : "1756458747426742252",
      "t" : 1756458747426,
      "tn" : 1756458747426742252,
      "q" : "0.00182",
      "p" : "109586.00",
      "s" : "sell",
      "i" : "BTC_USDT",
      "m" : "4611686018622591685"
    }, {
      "d" : "1756458745805928238",
      "t" : 1756458745805,
      "tn" : 1756458745805928238,
      "q" : "0.00010",
      "p" : "109595.69",
      "s" : "sell",
      "i" : "BTC_USDT",
      "m" : "4611686018622591684"
    }, {
      "d" : "1756458745805861633",
      "t" : 1756458745805,
      "tn" : 1756458745805861633,
      "q" : "0.04570",
      "p" : "109595.69",
      "s" : "sell",
      "i" : "BTC_USDT",
      "m" : "4611686018622591683"
    }, {
      "d" : "1756458745805466328",
      "t" : 1756458745805,
      "tn" : 1756458745805466328,
      "q" : "0.04880",
      "p" : "109595.69",
      "s" : "sell",
      "i" : "BTC_USDT",
      "m" : "4611686018622591682"
    }, {
      "d" : "1756458745805428329",
      "t" : 1756458745805,
      "tn" : 1756458745805428328,
      "q" : "0.14909",
      "p" : "109595.69",
      "s" : "sell",
      "i" : "BTC_USDT",
      "m" : "4611686018622591681"
    }, {
      "d" : "1756458745805428328",
      "t" : 1756458745805,
      "tn" : 1756458745805428328,
      "q" : "0.00091",
      "p" : "109595.69",
      "s" : "sell",
      "i" : "BTC_USDT",
      "m" : "4611686018622591681"
    }, {
      "d" : "1756458745737472501",
      "t" : 1756458745737,
      "tn" : 1756458745737472501,
      "q" : "0.04881",
      "p" : "109593.94",
      "s" : "sell",
      "i" : "BTC_USDT",
      "m" : "4611686018622591680"
    }, {
      "d" : "1756458745737470777",
      "t" : 1756458745737,
      "tn" : 1756458745737470777,
      "q" : "0.04561",
      "p" : "109595.57",
      "s" : "sell",
      "i" : "BTC_USDT",
      "m" : "4611686018622591679"
    }, {
      "d" : "1756458745737466412",
      "t" : 1756458745737,
      "tn" : 1756458745737466412,
      "q" : "0.00456",
      "p" : "109599.58",
      "s" : "sell",
      "i" : "BTC_USDT",
      "m" : "4611686018622591678"
    }, {
      "d" : "1756458745737464575",
      "t" : 1756458745737,
      "tn" : 1756458745737464575,
      "q" : "0.00082",
      "p" : "109600.62",
      "s" : "sell",
      "i" : "BTC_USDT",
      "m" : "4611686018622591677"
    }, {
      "d" : "1756458745737421699",
      "t" : 1756458745737,
      "tn" : 1756458745737421699,
      "q" : "0.00009",
      "p" : "109600.62",
      "s" : "sell",
      "i" : "BTC_USDT",
      "m" : "4611686018622591676"
    }, {
      "d" : "1756458745737418704",
      "t" : 1756458745737,
      "tn" : 1756458745737418704,
      "q" : "0.00001",
      "p" : "109604.00",
      "s" : "sell",
      "i" : "BTC_USDT",
      "m" : "4611686018622591675"
    }, {
      "d" : "1756458745737289077",
      "t" : 1756458745737,
      "tn" : 1756458745737289077,
      "q" : "0.00010",
      "p" : "109604.00",
      "s" : "sell",
      "i" : "BTC_USDT",
      "m" : "4611686018622591674"
    }, {
      "d" : "1756458745594242508",
      "t" : 1756458745594,
      "tn" : 1756458745594242508,
      "q" : "0.00010",
      "p" : "109605.74",
      "s" : "sell",
      "i" : "BTC_USDT",
      "m" : "4611686018622591673"
    }, {
      "d" : "1756458745594239644",
      "t" : 1756458745594,
      "tn" : 1756458745594239644,
      "q" : "0.02998",
      "p" : "109605.74",
      "s" : "sell",
      "i" : "BTC_USDT",
      "m" : "4611686018622591672"
    }, {
      "d" : "1756458745594106193",
      "t" : 1756458745594,
      "tn" : 1756458745594106193,
      "q" : "0.11730",
      "p" : "109605.74",
      "s" : "sell",
      "i" : "BTC_USDT",
      "m" : "4611686018622591671"
    }, {
      "d" : "1756458745594105704",
      "t" : 1756458745594,
      "tn" : 1756458745594105704,
      "q" : "0.00030",
      "p" : "109605.81",
      "s" : "sell",
      "i" : "BTC_USDT",
      "m" : "4611686018622591670"
    }, {
      "d" : "1756458745594103222",
      "t" : 1756458745594,
      "tn" : 1756458745594103222,
      "q" : "0.03210",
      "p" : "109606.00",
      "s" : "sell",
      "i" : "BTC_USDT",
      "m" : "4611686018622591669"
    }, {
      "d" : "1756458745594064903",
      "t" : 1756458745594,
      "tn" : 1756458745594064903,
      "q" : "0.00010",
      "p" : "109606.00",
      "s" : "sell",
      "i" : "BTC_USDT",
      "m" : "4611686018622591668"
    }, {
      "d" : "1756458745593965219",
      "t" : 1756458745593,
      "tn" : 1756458745593965219,
      "q" : "0.00010",
      "p" : "109606.00",
      "s" : "sell",
      "i" : "BTC_USDT",
      "m" : "4611686018622591667"
    }, {
      "d" : "1756458745593778149",
      "t" : 1756458745593,
      "tn" : 1756458745593778149,
      "q" : "0.00010",
      "p" : "109606.00",
      "s" : "sell",
      "i" : "BTC_USDT",
      "m" : "4611686018622591666"
    }, {
      "d" : "1756458741942046725",
      "t" : 1756458741942,
      "tn" : 1756458741942046725,
      "q" : "0.00001",
      "p" : "109610.00",
      "s" : "sell",
      "i" : "BTC_USDT",
      "m" : "4611686018622591665"
    }, {
      "d" : "1756458717424092728",
      "t" : 1756458717424,
      "tn" : 1756458717424092728,
      "q" : "0.00076",
      "p" : "109614.01",
      "s" : "buy",
      "i" : "BTC_USDT",
      "m" : "4611686018622591664"
    }, {
      "d" : "1756458714453960687",
      "t" : 1756458714453,
      "tn" : 1756458714453960687,
      "q" : "0.14996",
      "p" : "109622.38",
      "s" : "sell",
      "i" : "BTC_USDT",
      "m" : "4611686018622591663"
    }, {
      "d" : "1756458714453035161",
      "t" : 1756458714453,
      "tn" : 1756458714453035159,
      "q" : "0.04400",
      "p" : "109625.10",
      "s" : "sell",
      "i" : "BTC_USDT",
      "m" : "4611686018622591662"
    }, {
      "d" : "1756458714453035160",
      "t" : 1756458714453,
      "tn" : 1756458714453035159,
      "q" : "0.00029",
      "p" : "109625.10",
      "s" : "sell",
      "i" : "BTC_USDT",
      "m" : "4611686018622591662"
    }, {
      "d" : "1756458714453035159",
      "t" : 1756458714453,
      "tn" : 1756458714453035159,
      "q" : "0.00091",
      "p" : "109625.10",
      "s" : "sell",
      "i" : "BTC_USDT",
      "m" : "4611686018622591662"
    }, {
      "d" : "1756458707835521986",
      "t" : 1756458707835,
      "tn" : 1756458707835521986,
      "q" : "0.01361",
      "p" : "109632.20",
      "s" : "buy",
      "i" : "BTC_USDT",
      "m" : "4611686018622591661"
    }, {
      "d" : "1756458707834727981",
      "t" : 1756458707834,
      "tn" : 1756458707834727981,
      "q" : "0.07618",
      "p" : "109632.21",
      "s" : "buy",
      "i" : "BTC_USDT",
      "m" : "4611686018622591660"
    }, {
      "d" : "1756458707834726376",
      "t" : 1756458707834,
      "tn" : 1756458707834726376,
      "q" : "0.01023",
      "p" : "109632.20",
      "s" : "buy",
      "i" : "BTC_USDT",
      "m" : "4611686018622591659"
    }, {
      "d" : "1756458707834459007",
      "t" : 1756458707834,
      "tn" : 1756458707834459006,
      "q" : "0.05756",
      "p" : "109632.20",
      "s" : "buy",
      "i" : "BTC_USDT",
      "m" : "4611686018622591658"
    }, {
      "d" : "1756458707834459006",
      "t" : 1756458707834,
      "tn" : 1756458707834459006,
      "q" : "0.09122",
      "p" : "109632.20",
      "s" : "buy",
      "i" : "BTC_USDT",
      "m" : "4611686018622591658"
    }, {
      "d" : "1756458707834455007",
      "t" : 1756458707834,
      "tn" : 1756458707834455007,
      "q" : "0.00091",
      "p" : "109631.99",
      "s" : "buy",
      "i" : "BTC_USDT",
      "m" : "4611686018622591657"
    }, {
      "d" : "1756458707834452103",
      "t" : 1756458707834,
      "tn" : 1756458707834452103,
      "q" : "0.00030",
      "p" : "109625.07",
      "s" : "buy",
      "i" : "BTC_USDT",
      "m" : "4611686018622591656"
    }, {
      "d" : "1756458707834449469",
      "t" : 1756458707834,
      "tn" : 1756458707834449469,
      "q" : "0.00002",
      "p" : "109624.87",
      "s" : "buy",
      "i" : "BTC_USDT",
      "m" : "4611686018622591655"
    }, {
      "d" : "1756458693269127370",
      "t" : 1756458693269,
      "tn" : 1756458693269127370,
      "q" : "0.03238",
      "p" : "109616.00",
      "s" : "buy",
      "i" : "BTC_USDT",
      "m" : "4611686018622591654"
    }, {
      "d" : "1756458693269125228",
      "t" : 1756458693269,
      "tn" : 1756458693269125228,
      "q" : "0.03240",
      "p" : "109614.00",
      "s" : "buy",
      "i" : "BTC_USDT",
      "m" : "4611686018622591653"
    }, {
      "d" : "1756458693269122485",
      "t" : 1756458693269,
      "tn" : 1756458693269122485,
      "q" : "0.00002",
      "p" : "109613.99",
      "s" : "buy",
      "i" : "BTC_USDT",
      "m" : "4611686018622591652"
    }, {
      "d" : "1756458685521257227",
      "t" : 1756458685521,
      "tn" : 1756458685521257227,
      "q" : "0.00188",
      "p" : "109614.00",
      "s" : "buy",
      "i" : "BTC_USDT",
      "m" : "4611686018622591651"
    }, {
      "d" : "1756458685521255900",
      "t" : 1756458685521,
      "tn" : 1756458685521255900,
      "q" : "0.00091",
      "p" : "109613.71",
      "s" : "buy",
      "i" : "BTC_USDT",
      "m" : "4611686018622591650"
    }, {
      "d" : "1756458685521253526",
      "t" : 1756458685521,
      "tn" : 1756458685521253526,
      "q" : "0.00641",
      "p" : "109612.00",
      "s" : "buy",
      "i" : "BTC_USDT",
      "m" : "4611686018622591649"
    }, {
      "d" : "1756458685521253042",
      "t" : 1756458685521,
      "tn" : 1756458685521253042,
      "q" : "0.03240",
      "p" : "109610.00",
      "s" : "buy",
      "i" : "BTC_USDT",
      "m" : "4611686018622591648"
    }, {
      "d" : "1756458685520144813",
      "t" : 1756458685520,
      "tn" : 1756458685520144813,
      "q" : "0.02599",
      "p" : "109612.00",
      "s" : "buy",
      "i" : "BTC_USDT",
      "m" : "4611686018622591647"
    }, {
      "d" : "1756458685520142879",
      "t" : 1756458685520,
      "tn" : 1756458685520142879,
      "q" : "0.03240",
      "p" : "109608.00",
      "s" : "buy",
      "i" : "BTC_USDT",
      "m" : "4611686018622591646"
    }, {
      "d" : "1756458685518655169",
      "t" : 1756458685518,
      "tn" : 1756458685518655169,
      "q" : "0.06621",
      "p" : "109607.95",
      "s" : "buy",
      "i" : "BTC_USDT",
      "m" : "4611686018622591645"
    }, {
      "d" : "1756458685518652921",
      "t" : 1756458685518,
      "tn" : 1756458685518652921,
      "q" : "0.00456",
      "p" : "109606.50",
      "s" : "buy",
      "i" : "BTC_USDT",
      "m" : "4611686018622591644"
    }, {
      "d" : "1756458685518650741",
      "t" : 1756458685518,
      "tn" : 1756458685518650741,
      "q" : "0.00002",
      "p" : "109606.01",
      "s" : "buy",
      "i" : "BTC_USDT",
      "m" : "4611686018622591643"
    }, {
      "d" : "1756458685208187171",
      "t" : 1756458685208,
      "tn" : 1756458685208187171,
      "q" : "0.02570",
      "p" : "109606.00",
      "s" : "sell",
      "i" : "BTC_USDT",
      "m" : "4611686018622591642"
    }, {
      "d" : "1756458685208180140",
      "t" : 1756458685208,
      "tn" : 1756458685208180140,
      "q" : "0.03240",
      "p" : "109608.00",
      "s" : "sell",
      "i" : "BTC_USDT",
      "m" : "4611686018622591641"
    }, {
      "d" : "1756458685203803048",
      "t" : 1756458685203,
      "tn" : 1756458685203803048,
      "q" : "0.05002",
      "p" : "109604.02",
      "s" : "sell",
      "i" : "BTC_USDT",
      "m" : "4611686018622591640"
    }, {
      "d" : "1756458685203801162",
      "t" : 1756458685203,
      "tn" : 1756458685203801161,
      "q" : "0.04797",
      "p" : "109604.03",
      "s" : "sell",
