{
  "id" : -1,
  "method" : "public/get-trades",
  "code" : 0,
  "result" : {
    "data" : [ {
      "d" : "1756459908856585059",
      "t" : 1756459908856,
      "tn" : 1756459908856585059,
      "q" : "1",
      "p" : "0.24358",
      "s" : "sell",
      "i" : "1INCHUSD-PERP",
      "m" : "4611686018431299121"
    }, {
      "d" : "1756459904167930889",
      "t" : 1756459904167,
      "tn" : 1756459904167930888,
      "q" : "1",
      "p" : "0.24368",
      "s" : "sell",
      "i" : "1INCHUSD-PERP",
      "m" : "4611686018431299120"
    }, {
      "d" : "1756459904167930888",
      "t" : 1756459904167,
      "tn" : 1756459904167930888,
      "q" : "1",
      "p" : "0.24368",
      "s" : "sell",
      "i" : "1INCHUSD-PERP",
      "m" : "4611686018431299120"
    }, {
      "d" : "1756459899997831522",
      "t" : 1756459899997,
      "tn" : 1756459899997831522,
      "q" : "615",
      "p" : "0.24370",
      "s" : "sell",
      "i" : "1INCHUSD-PERP",
      "m" : "4611686018431299119"
    }, {
      "d" : "1756459887207211261",
      "t" : 1756459887207,
      "tn" : 1756459887207211260,
      "q" : "1",
      "p" : "0.24378",
      "s" : "sell",
      "i" : "1INCHUSD-PERP",
      "m" : "4611686018431299118"
    }, {
      "d" : "1756459887207211260",
      "t" : 1756459887207,
      "tn" : 1756459887207211260,
      "q" : "1",
      "p" : "0.24378",
      "s" : "sell",
      "i" : "1INCHUSD-PERP",
      "m" : "4611686018431299118"
    }, {
      "d" : "1756459108889728689",
      "t" : 1756459108889,
      "tn" : 1756459108889728688,
      "q" : "1",
      "p" : "0.24328",
      "s" : "sell",
      "i" : "1INCHUSD-PERP",
      "m" : "4611686018431299117"
    }, {
      "d" : "1756459108889728688",
      "t" : 1756459108889,
      "tn" : 1756459108889728688,
      "q" : "1",
      "p" : "0.24328",
      "s" : "sell",
      "i" : "1INCHUSD-PERP",
      "m" : "4611686018431299117"
    }, {
      "d" : "1756459107646045330",
      "t" : 1756459107646,
      "tn" : 1756459107646045329,
      "q" : "1",
      "p" : "0.24328",
      "s" : "sell",
      "i" : "1INCHUSD-PERP",
      "m" : "4611686018431299116"
    }, {
      "d" : "1756459107646045329",
      "t" : 1756459107646,
      "tn" : 1756459107646045329,
      "q" : "1",
      "p" : "0.24328",
      "s" : "sell",
      "i" : "1INCHUSD-PERP",
      "m" : "4611686018431299116"
    }, {
      "d" : "1756459102502067811",
      "t" : 1756459102502,
      "tn" : 1756459102502067810,
      "q" : "1",
      "p" : "0.24328",
      "s" : "sell",
      "i" : "1INCHUSD-PERP",
      "m" : "4611686018431299115"
    }, {
      "d" : "1756459102502067810",
      "t" : 1756459102502,
      "tn" : 1756459102502067810,
      "q" : "1",
      "p" : "0.24328",
      "s" : "sell",
      "i" : "1INCHUSD-PERP",
      "m" : "4611686018431299115"
    }, {
      "d" : "1756459101762805159",
      "t" : 1756459101762,
      "tn" : 1756459101762805158,
      "q" : "1",
      "p" : "0.24328",
      "s" : "sell",
      "i" : "1INCHUSD-PERP",
      "m" : "4611686018431299114"
    }, {
      "d" : "1756459101762805158",
      "t" : 1756459101762,
      "tn" : 1756459101762805158,
      "q" : "1",
      "p" : "0.24328",
      "s" : "sell",
      "i" : "1INCHUSD-PERP",
      "m" : "4611686018431299114"
    }, {
      "d" : "1756459099638949147",
      "t" : 1756459099638,
      "tn" : 1756459099638949146,
      "q" : "1",
      "p" : "0.24328",
      "s" : "sell",
      "i" : "1INCHUSD-PERP",
      "m" : "4611686018431299113"
    }, {
      "d" : "1756459099638949146",
      "t" : 1756459099638,
      "tn" : 1756459099638949146,
      "q" : "1",
      "p" : "0.24328",
      "s" : "sell",
      "i" : "1INCHUSD-PERP",
      "m" : "4611686018431299113"
    }, {
      "d" : "1756459076700441484",
      "t" : 1756459076700,
      "tn" : 1756459076700441484,
      "q" : "100",
      "p" : "0.24293",
      "s" : "buy",
      "i" : "1INCHUSD-PERP",
      "m" : "4611686018431299112"
    }, {
      "d" : "1756459050709933617",
      "t" : 1756459050709,
      "tn" : 1756459050709933616,
      "q" : "1",
      "p" : "0.24268",
      "s" : "sell",
      "i" : "1INCHUSD-PERP",
      "m" : "4611686018431299111"
    }, {
      "d" : "1756459050709933616",
      "t" : 1756459050709,
      "tn" : 1756459050709933616,
      "q" : "1",
      "p" : "0.24268",
      "s" : "sell",
      "i" : "1INCHUSD-PERP",
      "m" : "4611686018431299111"
    }, {
      "d" : "1756458965301058367",
      "t" : 1756458965301,
      "tn" : 1756458965301058366,
      "q" : "1",
      "p" : "0.24258",
      "s" : "sell",
      "i" : "1INCHUSD-PERP",
      "m" : "4611686018431299110"
    }, {
      "d" : "1756458965301058366",
      "t" : 1756458965301,
      "tn" : 1756458965301058366,
      "q" : "1",
      "p" : "0.24258",
      "s" : "sell",
      "i" : "1INCHUSD-PERP",
      "m" : "4611686018431299110"
    }, {
      "d" : "1756458796543751381",
      "t" : 1756458796543,
      "tn" : 1756458796543751380,
      "q" : "1",
      "p" : "0.24288",
      "s" : "sell",
      "i" : "1INCHUSD-PERP",
      "m" : "4611686018431299109"
    }, {
      "d" : "1756458796543751380",
      "t" : 1756458796543,
      "tn" : 1756458796543751380,
      "q" : "1",
      "p" : "0.24288",
      "s" : "sell",
      "i" : "1INCHUSD-PERP",
      "m" : "4611686018431299109"
    }, {
      "d" : "1756458770306129774",
      "t" : 1756458770306,
      "tn" : 1756458770306129773,
      "q" : "1",
      "p" : "0.24268",
      "s" : "sell",
      "i" : "1INCHUSD-PERP",
      "m" : "4611686018431299108"
    }, {
      "d" : "1756458770306129773",
      "t" : 1756458770306,
      "tn" : 1756458770306129773,
      "q" : "1",
      "p" : "0.24268",
      "s" : "sell",
      "i" : "1INCHUSD-PERP",
      "m" : "4611686018431299108"
    }, {
      "d" : "1756458738531196834",
      "t" : 1756458738531,
      "tn" : 1756458738531196833,
      "q" : "1",
      "p" : "0.24268",
      "s" : "sell",
      "i" : "1INCHUSD-PERP",
      "m" : "4611686018431299107"
    }, {
      "d" : "1756458738531196833",
      "t" : 1756458738531,
      "tn" : 1756458738531196833,
      "q" : "1",
      "p" : "0.24268",
      "s" : "sell",
      "i" : "1INCHUSD-PERP",
      "m" : "4611686018431299107"
    }, {
      "d" : "1756458644066102531",
      "t" : 1756458644066,
      "tn" : 1756458644066102531,
      "q" : "10",
      "p" : "0.24216",
      "s" : "buy",
      "i" : "1INCHUSD-PERP",
      "m" : "4611686018431299106"
    }, {
      "d" : "1756458644066100480",
      "t" : 1756458644066,
      "tn" : 1756458644066100480,
      "q" : "100",
      "p" : "0.24215",
      "s" : "buy",
      "i" : "1INCHUSD-PERP",
      "m" : "4611686018431299105"
    }, {
      "d" : "1756458644066097599",
      "t" : 1756458644066,
      "tn" : 1756458644066097599,
      "q" : "1",
      "p" : "0.24206",
      "s" : "buy",
      "i" : "1INCHUSD-PERP",
      "m" : "4611686018431299104"
    }, {
      "d" : "1756458644066094131",
      "t" : 1756458644066,
      "tn" : 1756458644066094131,
      "q" : "507",
      "p" : "0.24205",
      "s" : "buy",
      "i" : "1INCHUSD-PERP",
      "m" : "4611686018431299103"
    }, {
      "d" : "1756458603504991402",
      "t" : 1756458603504,
      "tn" : 1756458603504991401,
      "q" : "1",
      "p" : "0.24228",
      "s" : "sell",
      "i" : "1INCHUSD-PERP",
      "m" : "4611686018431299102"
    }, {
      "d" : "1756458603504991401",
      "t" : 1756458603504,
      "tn" : 1756458603504991401,
      "q" : "1",
      "p" : "0.24228",
      "s" : "sell",
      "i" : "1INCHUSD-PERP",
      "m" : "4611686018431299102"
    }, {
      "d" : "1756458566833224712",
      "t" : 1756458566833,
      "tn" : 1756458566833224711,
      "q" : "1",
      "p" : "0.24238",
      "s" : "sell",
      "i" : "1INCHUSD-PERP",
      "m" : "4611686018431299101"
    }, {
      "d" : "1756458566833224711",
      "t" : 1756458566833,
      "tn" : 1756458566833224711,
      "q" : "1",
      "p" : "0.24238",
      "s" : "sell",
      "i" : "1INCHUSD-PERP",
      "m" : "4611686018431299101"
    }, {
      "d" : "1756458565845195672",
      "t" : 1756458565845,
      "tn" : 1756458565845195672,
      "q" : "1",
      "p" : "0.24238",
      "s" : "sell",
      "i" : "1INCHUSD-PERP",
      "m" : "4611686018431299100"
    }, {
      "d" : "1756458565845193569",
      "t" : 1756458565845,
      "tn" : 1756458565845193569,
      "q" : "1",
      "p" : "0.24239",
      "s" : "sell",
      "i" : "1INCHUSD-PERP",
      "m" : "4611686018431299099"
    }, {
      "d" : "1756458558350935505",
      "t" : 1756458558350,
      "tn" : 1756458558350935505,
      "q" : "1",
      "p" : "0.24238",
      "s" : "sell",
      "i" : "1INCHUSD-PERP",
      "m" : "4611686018431299098"
    }, {
      "d" : "1756458558350932921",
      "t" : 1756458558350,
      "tn" : 1756458558350932921,
      "q" : "1",
      "p" : "0.24239",
      "s" : "sell",
      "i" : "1INCHUSD-PERP",
      "m" : "4611686018431299097"
    }, {
      "d" : "1756458555941417398",
      "t" : 1756458555941,
      "tn" : 1756458555941417398,
      "q" : "1",
      "p" : "0.24238",
      "s" : "sell",
      "i" : "1INCHUSD-PERP",
      "m" : "4611686018431299096"
    }, {
      "d" : "1756458555941415093",
      "t" : 1756458555941,
      "tn" : 1756458555941415093,
      "q" : "1",
      "p" : "0.24239",
      "s" : "sell",
      "i" : "1INCHUSD-PERP",
      "m" : "4611686018431299095"
    }, {
      "d" : "1756458549837436999",
      "t" : 1756458549837,
      "tn" : 1756458549837436999,
      "q" : "1",
      "p" : "0.24239",
      "s" : "sell",
      "i" : "1INCHUSD-PERP",
      "m" : "4611686018431299094"
    }, {
      "d" : "1756458549798136263",
      "t" : 1756458549798,
      "tn" : 1756458549798136263,
      "q" : "1",
      "p" : "0.24238",
      "s" : "sell",
      "i" : "1INCHUSD-PERP",
      "m" : "4611686018431299093"
    }, {
      "d" : "1756458549730017993",
      "t" : 1756458549730,
      "tn" : 1756458549730017993,
      "q" : "1",
      "p" : "0.24238",
      "s" : "sell",
      "i" : "1INCHUSD-PERP",
      "m" : "4611686018431299092"
    }, {
      "d" : "1756458549730015858",
      "t" : 1756458549730,
      "tn" : 1756458549730015858,
      "q" : "1",
      "p" : "0.24239",
      "s" : "sell",
      "i" : "1INCHUSD-PERP",
      "m" : "4611686018431299091"
    }, {
      "d" : "1756458473939942821",
      "t" : 1756458473939,
      "tn" : 1756458473939942821,
      "q" : "1",
      "p" : "0.24208",
      "s" : "sell",
      "i" : "1INCHUSD-PERP",
      "m" : "4611686018431299090"
    }, {
      "d" : "1756458473939940583",
      "t" : 1756458473939,
      "tn" : 1756458473939940583,
      "q" : "1",
      "p" : "0.24209",
      "s" : "sell",
      "i" : "1INCHUSD-PERP",
      "m" : "4611686018431299089"
    }, {
      "d" : "1756458458833412632",
      "t" : 1756458458833,
      "tn" : 1756458458833412632,
      "q" : "1",
      "p" : "0.24208",
      "s" : "sell",
      "i" : "1INCHUSD-PERP",
      "m" : "4611686018431299088"
    }, {
      "d" : "1756458458833410169",
      "t" : 1756458458833,
      "tn" : 1756458458833410169,
      "q" : "1",
      "p" : "0.24209",
      "s" : "sell",
      "i" : "1INCHUSD-PERP",
      "m" : "4611686018431299087"
    }, {
      "d" : "1756458421036107788",
      "t" : 1756458421036,
      "tn" : 1756458421036107788,
      "q" : "1",
      "p" : "0.24229",
      "s" : "sell",
      "i" : "1INCHUSD-PERP",
      "m" : "4611686018431299086"
    }, {
      "d" : "1756458182042426799",
      "t" : 1756458182042,
      "tn" : 1756458182042426799,
      "q" : "3",
      "p" : "0.24175",
      "s" : "sell",
      "i" : "1INCHUSD-PERP",
      "m" : "4611686018431299085"
    }, {
      "d" : "1756458177756507137",
      "t" : 1756458177756,
      "tn" : 1756458177756507137,
      "q" : "1",
      "p" : "0.24208",
      "s" : "sell",
      "i" : "1INCHUSD-PERP",
      "m" : "4611686018431299084"
    }, {
      "d" : "1756458177755886752",
      "t" : 1756458177755,
      "tn" : 1756458177755886752,
      "q" : "1",
      "p" : "0.24209",
      "s" : "sell",
      "i" : "1INCHUSD-PERP",
      "m" : "4611686018431299083"
    }, {
      "d" : "1756458177371498655",
      "t" : 1756458177371,
      "tn" : 1756458177371498655,
      "q" : "825",
      "p" : "0.24220",
      "s" : "sell",
      "i" : "1INCHUSD-PERP",
      "m" : "4611686018431299082"
    }, {
      "d" : "1756458118365631011",
      "t" : 1756458118365,
      "tn" : 1756458118365631011,
      "q" : "1",
      "p" : "0.24318",
      "s" : "sell",
      "i" : "1INCHUSD-PERP",
      "m" : "4611686018431299081"
    }, {
      "d" : "1756458118365628114",
      "t" : 1756458118365,
      "tn" : 1756458118365628114,
      "q" : "1",
      "p" : "0.24319",
      "s" : "sell",
      "i" : "1INCHUSD-PERP",
      "m" : "4611686018431299080"
    }, {
      "d" : "1756458103974134573",
      "t" : 1756458103974,
      "tn" : 1756458103974134573,
      "q" : "1",
      "p" : "0.24319",
      "s" : "sell",
      "i" : "1INCHUSD-PERP",
      "m" : "4611686018431299079"
    }, {
      "d" : "1756458103632500133",
      "t" : 1756458103632,
      "tn" : 1756458103632500133,
      "q" : "616",
      "p" : "0.24325",
      "s" : "sell",
      "i" : "1INCHUSD-PERP",
      "m" : "4611686018431299078"
    }, {
      "d" : "1756458103617008174",
      "t" : 1756458103617,
      "tn" : 1756458103617008174,
      "q" : "1",
      "p" : "0.24328",
      "s" : "sell",
      "i" : "1INCHUSD-PERP",
      "m" : "4611686018431299077"
    }, {
      "d" : "1756458103617006369",
      "t" : 1756458103617,
      "tn" : 1756458103617006369,
      "q" : "1",
      "p" : "0.24329",
      "s" : "sell",
      "i" : "1INCHUSD-PERP",
      "m" : "4611686018431299076"
    }, {
      "d" : "1756457949460997138",
      "t" : 1756457949460,
      "tn" : 1756457949460997137,
      "q" : "1",
      "p" : "0.24370",
      "s" : "sell",
      "i" : "1INCHUSD-PERP",
      "m" : "4611686018431299075"
    }, {
      "d" : "1756457949460997137",
      "t" : 1756457949460,
      "tn" : 1756457949460997137,
      "q" : "1",
      "p" : "0.24370",
      "s" : "sell",
      "i" : "1INCHUSD-PERP",
      "m" : "4611686018431299075"
    }, {
      "d" : "1756457939343745325",
      "t" : 1756457939343,
      "tn" : 1756457939343745324,
      "q" : "1",
      "p" : "0.24370",
      "s" : "sell",
      "i" : "1INCHUSD-PERP",
      "m" : "4611686018431299074"
    }, {
      "d" : "1756457939343745324",
      "t" : 1756457939343,
      "tn" : 1756457939343745324,
      "q" : "1",
      "p" : "0.24370",
      "s" : "sell",
      "i" : "1INCHUSD-PERP",
      "m" : "4611686018431299074"
    }, {
      "d" : "1756457938815048276",
      "t" : 1756457938815,
      "tn" : 1756457938815048275,
      "q" : "1",
      "p" : "0.24370",
      "s" : "sell",
      "i" : "1INCHUSD-PERP",
      "m" : "4611686018431299073"
    }, {
      "d" : "1756457938815048275",
      "t" : 1756457938815,
      "tn" : 1756457938815048275,
      "q" : "1",
      "p" : "0.24370",
      "s" : "sell",
      "i" : "1INCHUSD-PERP",
      "m" : "4611686018431299073"
    }, {
      "d" : "1756457936249053406",
      "t" : 1756457936249,
      "tn" : 1756457936249053405,
      "q" : "1",
      "p" : "0.24370",
      "s" : "sell",
      "i" : "1INCHUSD-PERP",
      "m" : "4611686018431299072"
    }, {
      "d" : "1756457936249053405",
      "t" : 1756457936249,
      "tn" : 1756457936249053405,
      "q" : "1",
      "p" : "0.24370",
      "s" : "sell",
      "i" : "1INCHUSD-PERP",
      "m" : "4611686018431299072"
    }, {
      "d" : "1756457935809875495",
      "t" : 1756457935809,
      "tn" : 1756457935809875494,
      "q" : "1",
      "p" : "0.24370",
      "s" : "sell",
      "i" : "1INCHUSD-PERP",
      "m" : "4611686018431299071"
    }, {
      "d" : "1756457935809875494",
      "t" : 1756457935809,
      "tn" : 1756457935809875494,
      "q" : "1",
      "p" : "0.24370",
      "s" : "sell",
      "i" : "1INCHUSD-PERP",
      "m" : "4611686018431299071"
    }, {
      "d" : "1756457933354806080",
      "t" : 1756457933354,
      "tn" : 1756457933354806079,
      "q" : "1",
      "p" : "0.24370",
      "s" : "sell",
      "i" : "1INCHUSD-PERP",
      "m" : "4611686018431299070"
    }, {
      "d" : "1756457933354806079",
      "t" : 1756457933354,
      "tn" : 1756457933354806079,
      "q" : "1",
      "p" : "0.24370",
      "s" : "sell",
      "i" : "1INCHUSD-PERP",
      "m" : "4611686018431299070"
    }, {
      "d" : "1756457930960860129",
      "t" : 1756457930960,
      "tn" : 1756457930960860128,
      "q" : "1",
      "p" : "0.24370",
      "s" : "sell",
      "i" : "1INCHUSD-PERP",
      "m" : "4611686018431299069"
    }, {
      "d" : "1756457930960860128",
      "t" : 1756457930960,
      "tn" : 1756457930960860128,
      "q" : "1",
      "p" : "0.24370",
      "s" : "sell",
      "i" : "1INCHUSD-PERP",
      "m" : "4611686018431299069"
    }, {
      "d" : "1756457930816045696",
      "t" : 1756457930816,
      "tn" : 1756457930816045695,
      "q" : "1",
      "p" : "0.24370",
      "s" : "sell",
      "i" : "1INCHUSD-PERP",
      "m" : "4611686018431299068"
    }, {
      "d" : "1756457930816045695",
      "t" : 1756457930816,
      "tn" : 1756457930816045695,
      "q" : "1",
      "p" : "0.24370",
      "s" : "sell",
      "i" : "1INCHUSD-PERP",
      "m" : "4611686018431299068"
    }, {
      "d" : "1756457929159271388",
      "t" : 1756457929159,
      "tn" : 1756457929159271387,
      "q" : "1",
      "p" : "0.24370",
      "s" : "sell",
      "i" : "1INCHUSD-PERP",
      "m" : "4611686018431299067"
    }, {
      "d" : "1756457929159271387",
      "t" : 1756457929159,
      "tn" : 1756457929159271387,
      "q" : "1",
      "p" : "0.24370",
      "s" : "sell",
      "i" : "1INCHUSD-PERP",
      "m" : "4611686018431299067"
    }, {
      "d" : "1756457920354590897",
      "t" : 1756457920354,
      "tn" : 1756457920354590896,
      "q" : "1",
      "p" : "0.24370",
      "s" : "sell",
      "i" : "1INCHUSD-PERP",
      "m" : "4611686018431299066"
    }, {
      "d" : "1756457920354590896",
      "t" : 1756457920354,
      "tn" : 1756457920354590896,
      "q" : "1",
      "p" : "0.24370",
      "s" : "sell",
      "i" : "1INCHUSD-PERP",
      "m" : "4611686018431299066"
    }, {
      "d" : "1756457735827504071",
      "t" : 1756457735827,
      "tn" : 1756457735827504070,
      "q" : "1",
      "p" : "0.24390",
      "s" : "sell",
      "i" : "1INCHUSD-PERP",
      "m" : "4611686018431299065"
    }, {
      "d" : "1756457735827504070",
      "t" : 1756457735827,
      "tn" : 1756457735827504070,
      "q" : "1",
      "p" : "0.24390",
      "s" : "sell",
      "i" : "1INCHUSD-PERP",
      "m" : "4611686018431299065"
    }, {
      "d" : "1756457692053799747",
      "t" : 1756457692053,
      "tn" : 1756457692053799746,
      "q" : "1",
      "p" : "0.24390",
      "s" : "sell",
      "i" : "1INCHUSD-PERP",
      "m" : "4611686018431299064"
    }, {
      "d" : "1756457692053799746",
      "t" : 1756457692053,
      "tn" : 1756457692053799746,
      "q" : "1",
      "p" : "0.24390",
      "s" : "sell",
      "i" : "1INCHUSD-PERP",
      "m" : "4611686018431299064"
    }, {
      "d" : "1756457575223539551",
      "t" : 1756457575223,
      "tn" : 1756457575223539551,
      "q" : "1",
      "p" : "0.24410",
      "s" : "sell",
      "i" : "1INCHUSD-PERP",
      "m" : "4611686018431299063"
    }, {
      "d" : "1756457575219854010",
      "t" : 1756457575219,
      "tn" : 1756457575219854010,
      "q" : "1",
      "p" : "0.24411",
      "s" : "sell",
      "i" : "1INCHUSD-PERP",
      "m" : "4611686018431299062"
    }, {
      "d" : "1756457573049190063",
      "t" : 1756457573049,
      "tn" : 1756457573049190063,
      "q" : "1",
      "p" : "0.24420",
      "s" : "sell",
      "i" : "1INCHUSD-PERP",
      "m" : "4611686018431299061"
    }, {
      "d" : "1756457573049187761",
      "t" : 1756457573049,
      "tn" : 1756457573049187761,
      "q" : "1",
      "p" : "0.24421",
      "s" : "sell",
      "i" : "1INCHUSD-PERP",
      "m" : "4611686018431299060"
    }, {
      "d" : "1756457565750776983",
      "t" : 1756457565750,
      "tn" : 1756457565750776983,
      "q" : "1",
      "p" : "0.24430",
      "s" : "sell",
      "i" : "1INCHUSD-PERP",
      "m" : "4611686018431299059"
    }, {
      "d" : "1756457565750774194",
      "t" : 1756457565750,
      "tn" : 1756457565750774194,
      "q" : "1",
      "p" : "0.24431",
      "s" : "sell",
      "i" : "1INCHUSD-PERP",
      "m" : "4611686018431299058"
    }, {
      "d" : "1756457564539895204",
      "t" : 1756457564539,
      "tn" : 1756457564539895204,
      "q" : "1",
      "p" : "0.24430",
      "s" : "sell",
      "i" : "1INCHUSD-PERP",
      "m" : "4611686018431299057"
    }, {
      "d" : "1756457564539893425",
      "t" : 1756457564539,
      "tn" : 1756457564539893425,
      "q" : "1",
      "p" : "0.24431",
      "s" : "sell",
      "i" : "1INCHUSD-PERP",
      "m" : "4611686018431299056"
    }, {
      "d" : "1756457564415842666",
      "t" : 1756457564415,
      "tn" : 1756457564415842666,
      "q" : "1",
      "p" : "0.24430",
      "s" : "sell",
      "i" : "1INCHUSD-PERP",
      "m" : "4611686018431299055"
    }, {
      "d" : "1756457564415840599",
      "t" : 1756457564415,
      "tn" : 1756457564415840599,
      "q" : "1",
      "p" : "0.24431",
      "s" : "sell",
      "i" : "1INCHUSD-PERP",
      "m" : "4611686018431299054"
    }, {
      "d" : "1756457540440456922",
      "t" : 1756457540440,
      "tn" : 1756457540440456922,
      "q" : "1",
      "p" : "0.24430",
      "s" : "sell",
      "i" : "1INCHUSD-PERP",
      "m" : "4611686018431299053"
    }, {
      "d" : "1756457540439956021",
      "t" : 1756457540439,
      "tn" : 1756457540439956021,
      "q" : "1",
      "p" : "0.24431",
      "s" : "sell",
      "i" : "1INCHUSD-PERP",
      "m" : "4611686018431299052"
    }, {
      "d" : "1756457538275625342",
      "t" : 1756457538275,
      "tn" : 1756457538275625342,
      "q" : "1",
      "p" : "0.24431",
      "s" : "sell",
      "i" : "1INCHUSD-PERP",
      "m" : "4611686018431299051"
    }, {
      "d" : "1756457503801183438",
      "t" : 1756457503801,
      "tn" : 1756457503801183438,
      "q" : "1",
      "p" : "0.24431",
      "s" : "sell",
      "i" : "1INCHUSD-PERP",
      "m" : "4611686018431299050"
    }, {
      "d" : "1756457502507304221",
      "t" : 1756457502507,
      "tn" : 1756457502507304221,
      "q" : "1",
      "p" : "0.24431",
      "s" : "sell",
      "i" : "1INCHUSD-PERP",
      "m" : "4611686018431299049"
    }, {
      "d" : "1756457502477633158",
      "t" : 1756457502477,
      "tn" : 1756457502477633158,
      "q" : "1",
      "p" : "0.24424",
      "s" : "sell",
      "i" : "1INCHUSD-PERP",
      "m" : "4611686018431299048"
    }, {
      "d" : "1756457501953258379",
      "t" : 1756457501953,
      "tn" : 1756457501953258379,
      "q" : "1",
      "p" : "0.24431",
      "s" : "sell",
      "i" : "1INCHUSD-PERP",
      "m" : "4611686018431299047"
    }, {
      "d" : "1756457501385275913",
      "t" : 1756457501385,
      "tn" : 1756457501385275913,
      "q" : "1",
      "p" : "0.24431",
      "s" : "sell",
      "i" : "1INCHUSD-PERP",
      "m" : "4611686018431299046"
    }, {
      "d" : "1756457487844865150",
      "t" : 1756457487844,
      "tn" : 1756457487844865150,
      "q" : "1",
      "p" : "0.24442",
      "s" : "sell",
      "i" : "1INCHUSD-PERP",
      "m" : "4611686018431299045"
    }, {
      "d" : "1756457485838849990",
      "t" : 1756457485838,
      "tn" : 1756457485838849990,
      "q" : "1",
      "p" : "0.24452",
      "s" : "sell",
      "i" : "1INCHUSD-PERP",
      "m" : "4611686018431299044"
    }, {
      "d" : "1756457476500292968",
      "t" : 1756457476500,
      "tn" : 1756457476500292968,
      "q" : "1",
      "p" : "0.24450",
      "s" : "sell",
      "i" : "1INCHUSD-PERP",
      "m" : "4611686018431299043"
    }, {
      "d" : "1756457476500290672",
      "t" : 1756457476500,
      "tn" : 1756457476500290672,
      "q" : "1",
      "p" : "0.24452",
      "s" : "sell",
      "i" : "1INCHUSD-PERP",
      "m" : "4611686018431299042"
    }, {
      "d" : "1756457475396813723",
      "t" : 1756457475396,
      "tn" : 1756457475396813723,
      "q" : "1",
      "p" : "0.24450",
      "s" : "sell",
      "i" : "1INCHUSD-PERP",
      "m" : "4611686018431299041"
    }, {
      "d" : "1756457475396812083",
      "t" : 1756457475396,
      "tn" : 1756457475396812083,
      "q" : "1",
      "p" : "0.24452",
      "s" : "sell",
      "i" : "1INCHUSD-PERP",
      "m" : "4611686018431299040"
    }, {
      "d" : "1756457475104919888",
      "t" : 1756457475104,
      "tn" : 1756457475104919888,
      "q" : "1",
      "p" : "0.24450",
      "s" : "sell",
      "i" : "1INCHUSD-PERP",
      "m" : "4611686018431299039"
    }, {
      "d" : "1756457475104917441",
      "t" : 1756457475104,
      "tn" : 1756457475104917441,
      "q" : "1",
      "p" : "0.24452",
      "s" : "sell",
      "i" : "1INCHUSD-PERP",
      "m" : "4611686018431299038"
    }, {
      "d" : "1756457471522387366",
      "t" : 1756457471522,
      "tn" : 1756457471522387366,
      "q" : "1",
      "p" : "0.24450",
      "s" : "sell",
      "i" : "1INCHUSD-PERP",
      "m" : "4611686018431299037"
    }, {
      "d" : "1756457471522385129",
      "t" : 1756457471522,
      "tn" : 1756457471522385129,
      "q" : "1",
      "p" : "0.24452",
      "s" : "sell",
      "i" : "1INCHUSD-PERP",
      "m" : "4611686018431299036"
    }, {
      "d" : "1756457462377451930",
      "t" : 1756457462377,
      "tn" : 1756457462377451930,
      "q" : "1",
      "p" : "0.24450",
      "s" : "sell",
      "i" : "1INCHUSD-PERP",
      "m" : "4611686018431299035"
    }, {
      "d" : "1756457462377449284",
      "t" : 1756457462377,
      "tn" : 1756457462377449284,
      "q" : "1",
      "p" : "0.24452",
      "s" : "sell",
      "i" : "1INCHUSD-PERP",
      "m" : "4611686018431299034"
    }, {
      "d" : "1756457455865922334",
      "t" : 1756457455865,
      "tn" : 1756457455865922334,
      "q" : "1",
      "p" : "0.24450",
      "s" : "sell",
      "i" : "1INCHUSD-PERP",
      "m" : "4611686018431299033"
    }, {
      "d" : "1756457455865919888",
      "t" : 1756457455865,
      "tn" : 1756457455865919888,
      "q" : "1",
      "p" : "0.24452",
      "s" : "sell",
      "i" : "1INCHUSD-PERP",
      "m" : "4611686018431299032"
    }, {
      "d" : "1756457452661751822",
      "t" : 1756457452661,
      "tn" : 1756457452661751822,
      "q" : "1",
      "p" : "0.24450",
      "s" : "sell",
      "i" : "1INCHUSD-PERP",
      "m" : "4611686018431299031"
    }, {
      "d" : "1756457452661749462",
      "t" : 1756457452661,
      "tn" : 1756457452661749462,
      "q" : "1",
      "p" : "0.24452",
      "s" : "sell",
      "i" : "1INCHUSD-PERP",
      "m" : "4611686018431299030"
    }, {
      "d" : "1756457451481144761",
      "t" : 1756457451481,
      "tn" : 1756457451481144761,
      "q" : "1",
      "p" : "0.24450",
      "s" : "sell",
      "i" : "1INCHUSD-PERP",
      "m" : "4611686018431299029"
    }, {
      "d" : "1756457451481142002",
      "t" : 1756457451481,
      "tn" : 1756457451481142002,
      "q" : "1",
      "p" : "0.24452",
      "s" : "sell",
      "i" : "1INCHUSD-PERP",
      "m" : "4611686018431299028"
    }, {
      "d" : "1756457350064750285",
      "t" : 1756457350064,
      "tn" : 1756457350064750285,
      "q" : "1",
      "p" : "0.24452",
      "s" : "sell",
      "i" : "1INCHUSD-PERP",
      "m" : "4611686018431299027"
    }, {
      "d" : "1756457340874847133",
      "t" : 1756457340874,
      "tn" : 1756457340874847133,
      "q" : "1",
      "p" : "0.24450",
      "s" : "sell",
      "i" : "1INCHUSD-PERP",
      "m" : "4611686018431299026"
    }, {
      "d" : "1756457340874844736",
      "t" : 1756457340874,
      "tn" : 1756457340874844736,
      "q" : "1",
      "p" : "0.24452",
      "s" : "sell",
      "i" : "1INCHUSD-PERP",
      "m" : "4611686018431299025"
    }, {
      "d" : "1756457335427352403",
      "t" : 1756457335427,
      "tn" : 1756457335427352403,
      "q" : "1",
      "p" : "0.24450",
      "s" : "sell",
      "i" : "1INCHUSD-PERP",
      "m" : "4611686018431299024"
    }, {
      "d" : "1756457335427349517",
      "t" : 1756457335427,
      "tn" : 1756457335427349517,
      "q" : "1",
      "p" : "0.24452",
      "s" : "sell",
      "i" : "1INCHUSD-PERP",
      "m" : "4611686018431299023"
    }, {
      "d" : "1756457334683234541",
      "t" : 1756457334683,
      "tn" : 1756457334683234541,
      "q" : "1",
      "p" : "0.24453",
      "s" : "sell",
      "i" : "1INCHUSD-PERP",
      "m" : "4611686018431299022"
    }, {
      "d" : "1756457291781078663",
      "t" : 1756457291781,
      "tn" : 1756457291781078663,
      "q" : "1",
      "p" : "0.24443",
      "s" : "sell",
      "i" : "1INCHUSD-PERP",
      "m" : "4611686018431299021"
    }, {
      "d" : "1756457280650570195",
      "t" : 1756457280650,
      "tn" : 1756457280650570195,
      "q" : "1",
      "p" : "0.24453",
      "s" : "sell",
      "i" : "1INCHUSD-PERP",
      "m" : "4611686018431299020"
    }, {
      "d" : "1756457266243456464",
      "t" : 1756457266243,
      "tn" : 1756457266243456464,
      "q" : "1",
      "p" : "0.24450",
      "s" : "sell",
      "i" : "1INCHUSD-PERP",
      "m" : "4611686018431299019"
    }, {
      "d" : "1756457266243453943",
      "t" : 1756457266243,
      "tn" : 1756457266243453943,
      "q" : "1",
      "p" : "0.24453",
      "s" : "sell",
      "i" : "1INCHUSD-PERP",
      "m" : "4611686018431299018"
    }, {
      "d" : "1756457143637047411",
      "t" : 1756457143637,
      "tn" : 1756457143637047410,
      "q" : "507",
      "p" : "0.24483",
      "s" : "sell",
      "i" : "1INCHUSD-PERP",
      "m" : "4611686018431299017"
    }, {
      "d" : "1756457143637047410",
      "t" : 1756457143637,
      "tn" : 1756457143637047410,
      "q" : "1",
      "p" : "0.24483",
      "s" : "sell",
      "i" : "1INCHUSD-PERP",
      "m" : "4611686018431299017"
    }, {
      "d" : "1756457126365619619",
      "t" : 1756457126365,
      "tn" : 1756457126365619619,
      "q" : "1",
      "p" : "0.24470",
      "s" : "sell",
      "i" : "1INCHUSD-PERP",
      "m" : "4611686018431299016"
    }, {
      "d" : "1756457125871068148",
      "t" : 1756457125871,
      "tn" : 1756457125871068148,
      "q" : "1",
      "p" : "0.24473",
      "s" : "sell",
      "i" : "1INCHUSD-PERP",
      "m" : "4611686018431299015"
    }, {
      "d" : "1756457125871066001",
      "t" : 1756457125871,
      "tn" : 1756457125871066001,
      "q" : "504",
      "p" : "0.24474",
      "s" : "sell",
      "i" : "1INCHUSD-PERP",
      "m" : "4611686018431299014"
    }, {
      "d" : "1756457104587992343",
      "t" : 1756457104587,
      "tn" : 1756457104587992343,
      "q" : "1",
      "p" : "0.24470",
      "s" : "sell",
      "i" : "1INCHUSD-PERP",
      "m" : "4611686018431299013"
    }, {
      "d" : "1756457104587990408",
      "t" : 1756457104587,
      "tn" : 1756457104587990408,
      "q" : "1",
      "p" : "0.24473",
      "s" : "sell",
      "i" : "1INCHUSD-PERP",
      "m" : "4611686018431299012"
    }, {
      "d" : "1756457062403306991",
      "t" : 1756457062403,
      "tn" : 1756457062403306991,
      "q" : "1",
      "p" : "0.24473",
      "s" : "sell",
      "i" : "1INCHUSD-PERP",
      "m" : "4611686018431299011"
    }, {
      "d" : "1756457016137725112",
      "t" : 1756457016137,
      "tn" : 1756457016137725112,
      "q" : "1",
      "p" : "0.24460",
      "s" : "sell",
      "i" : "1INCHUSD-PERP",
      "m" : "4611686018431299010"
    }, {
      "d" : "1756457016137722371",
      "t" : 1756457016137,
      "tn" : 1756457016137722371,
      "q" : "1",
      "p" : "0.24463",
      "s" : "sell",
      "i" : "1INCHUSD-PERP",
      "m" : "4611686018431299009"
    }, {
      "d" : "1756457006088135869",
      "t" : 1756457006088,
      "tn" : 1756457006088135869,
      "q" : "1",
      "p" : "0.24453",
      "s" : "sell",
      "i" : "1INCHUSD-PERP",
      "m" : "4611686018431299008"
    }, {
      "d" : "1756456996070032422",
      "t" : 1756456996070,
      "tn" : 1756456996070032422,
      "q" : "1",
      "p" : "0.24450",
      "s" : "sell",
      "i" : "1INCHUSD-PERP",
      "m" : "4611686018431299007"
    }, {
      "d" : "1756456996070029959",
      "t" : 1756456996070,
      "tn" : 1756456996070029959,
      "q" : "1",
      "p" : "0.24453",
      "s" : "sell",
      "i" : "1INCHUSD-PERP",
      "m" : "4611686018431299006"
    }, {
      "d" : "1756456986011654075",
      "t" : 1756456986011,
      "tn" : 1756456986011654075,
      "q" : "1",
      "p" : "0.24453",
      "s" : "sell",
      "i" : "1INCHUSD-PERP",
      "m" : "4611686018431299005"
    }, {
      "d" : "1756456975993840117",
      "t" : 1756456975993,
      "tn" : 1756456975993840117,
      "q" : "1",
      "p" : "0.24464",
      "s" : "sell",
      "i" : "1INCHUSD-PERP",
      "m" : "4611686018431299004"
    }, {
      "d" : "1756456974941402911",
      "t" : 1756456974941,
      "tn" : 1756456974941402911,
      "q" : "1",
      "p" : "0.24464",
      "s" : "sell",
      "i" : "1INCHUSD-PERP",
      "m" : "4611686018431299003"
    }, {
      "d" : "1756456934670027615",
      "t" : 1756456934670,
      "tn" : 1756456934670027615,
      "q" : "1",
      "p" : "0.24464",
      "s" : "sell",
      "i" : "1INCHUSD-PERP",
      "m" : "4611686018431299002"
    }, {
      "d" : "1756456894531741570",
      "t" : 1756456894531,
      "tn" : 1756456894531741570,
      "q" : "1",
      "p" : "0.24464",
      "s" : "sell",
      "i" : "1INCHUSD-PERP",
      "m" : "4611686018431299001"
    }, {
      "d" : "1756456884485644656",
      "t" : 1756456884485,
      "tn" : 1756456884485644656,
      "q" : "1",
      "p" : "0.24480",
      "s" : "sell",
      "i" : "1INCHUSD-PERP",
      "m" : "4611686018431299000"
    }, {
      "d" : "1756456884485642458",
      "t" : 1756456884485,
      "tn" : 1756456884485642458,
      "q" : "1",
      "p" : "0.24484",
      "s" : "sell",
      "i" : "1INCHUSD-PERP",
      "m" : "4611686018431298999"
    } ]
  }
}