{
  "id" : -1,
  "method" : "public/get-trades",
  "code" : 0,
  "result" : {
    "data" : [ {
      "d" : "1756459912757178161",
      "t" : 1756459912757,
      "tn" : 1756459912757178161,
      "q" : "4.8",
      "p" : "0.24365",
      "s" : "sell",
      "i" : "1INCH_USD",
      "m" : "4611686018430340681"
    }, {
      "d" : "1756459907802040482",
      "t" : 1756459907802,
      "tn" : 1756459907802040482,
      "q" : "4.8",
      "p" : "0.24392",
      "s" : "buy",
      "i" : "1INCH_USD",
      "m" : "4611686018430340680"
    }, {
      "d" : "1756459899999133055",
      "t" : 1756459899999,
      "tn" : 1756459899999133055,
      "q" : "615.0",
      "p" : "0.24386",
      "s" : "sell",
      "i" : "1INCH_USD",
      "m" : "4611686018430340679"
    }, {
      "d" : "1756459020199084395",
      "t" : 1756459020199,
      "tn" : 1756459020199084395,
      "q" : "24.2",
      "p" : "0.24298",
      "s" : "sell",
      "i" : "1INCH_USD",
      "m" : "4611686018430340678"
    }, {
      "d" : "1756458821400039439",
      "t" : 1756458821400,
      "tn" : 1756458821400039439,
      "q" : "47.6",
      "p" : "0.24289",
      "s" : "sell",
      "i" : "1INCH_USD",
      "m" : "4611686018430340677"
    }, {
      "d" : "1756458103635443251",
      "t" : 1756458103635,
      "tn" : 1756458103635443251,
      "q" : "616.0",
      "p" : "0.24345",
      "s" : "sell",
      "i" : "1INCH_USD",
      "m" : "4611686018430340676"
    }, {
      "d" : "1756457844806753558",
      "t" : 1756457844806,
      "tn" : 1756457844806753558,
      "q" : "32.0",
      "p" : "0.24376",
      "s" : "sell",
      "i" : "1INCH_USD",
      "m" : "4611686018430340675"
    }, {
      "d" : "1756457844747180825",
      "t" : 1756457844747,
      "tn" : 1756457844747180825,
      "q" : "21.2",
      "p" : "0.24379",
      "s" : "sell",
      "i" : "1INCH_USD",
      "m" : "4611686018430340674"
    }, {
      "d" : "1756457840319224312",
      "t" : 1756457840319,
      "tn" : 1756457840319224312,
      "q" : "21.5",
      "p" : "0.24390",
      "s" : "sell",
      "i" : "1INCH_USD",
      "m" : "4611686018430340673"
    }, {
      "d" : "1756455440419653202",
      "t" : 1756455440419,
      "tn" : 1756455440419653202,
      "q" : "25.5",
      "p" : "0.24454",
      "s" : "sell",
      "i" : "1INCH_USD",
      "m" : "4611686018430340672"
    }, {
      "d" : "1756455143623949349",
      "t" : 1756455143623,
      "tn" : 1756455143623949349,
      "q" : "18.8",
      "p" : "0.24457",
      "s" : "sell",
      "i" : "1INCH_USD",
      "m" : "4611686018430340671"
    }, {
      "d" : "1756455104580250970",
      "t" : 1756455104580,
      "tn" : 1756455104580250970,
      "q" : "15.4",
      "p" : "0.24474",
      "s" : "sell",
      "i" : "1INCH_USD",
      "m" : "4611686018430340670"
    }, {
      "d" : "1756455055062260201",
      "t" : 1756455055062,
      "tn" : 1756455055062260201,
      "q" : "142.5",
      "p" : "0.24485",
      "s" : "sell",
      "i" : "1INCH_USD",
      "m" : "4611686018430340669"
    }, {
      "d" : "1756455046913981719",
      "t" : 1756455046913,
      "tn" : 1756455046913981719,
      "q" : "10.5",
      "p" : "0.24491",
      "s" : "sell",
      "i" : "1INCH_USD",
      "m" : "4611686018430340668"
    }, {
      "d" : "1756452534247110958",
      "t" : 1756452534247,
      "tn" : 1756452534247110958,
      "q" : "243.9",
      "p" : "0.24664",
      "s" : "sell",
      "i" : "1INCH_USD",
      "m" : "4611686018430340667"
    }, {
      "d" : "1756452338708418717",
      "t" : 1756452338708,
      "tn" : 1756452338708418717,
      "q" : "20.9",
      "p" : "0.24656",
      "s" : "sell",
      "i" : "1INCH_USD",
      "m" : "4611686018430340666"
    }, {
      "d" : "1756452335159882386",
      "t" : 1756452335159,
      "tn" : 1756452335159882386,
      "q" : "21.3",
      "p" : "0.24687",
      "s" : "sell",
      "i" : "1INCH_USD",
      "m" : "4611686018430340665"
    }, {
      "d" : "1756452135729934186",
      "t" : 1756452135729,
      "tn" : 1756452135729934186,
      "q" : "7.8",
      "p" : "0.24717",
      "s" : "sell",
      "i" : "1INCH_USD",
      "m" : "4611686018430340664"
    }, {
      "d" : "1756451953496907258",
      "t" : 1756451953496,
      "tn" : 1756451953496907258,
      "q" : "144.8",
      "p" : "0.24779",
      "s" : "sell",
      "i" : "1INCH_USD",
      "m" : "4611686018430340663"
    }, {
      "d" : "1756451852212825485",
      "t" : 1756451852212,
      "tn" : 1756451852212825485,
      "q" : "161.9",
      "p" : "0.24734",
      "s" : "buy",
      "i" : "1INCH_USD",
      "m" : "4611686018430340662"
    }, {
      "d" : "1756451665285428939",
      "t" : 1756451665285,
      "tn" : 1756451665285428939,
      "q" : "4.9",
      "p" : "0.24776",
      "s" : "sell",
      "i" : "1INCH_USD",
      "m" : "4611686018430340661"
    }, {
      "d" : "1756451615575466766",
      "t" : 1756451615575,
      "tn" : 1756451615575466766,
      "q" : "18.6",
      "p" : "0.24784",
      "s" : "sell",
      "i" : "1INCH_USD",
      "m" : "4611686018430340660"
    }, {
      "d" : "1756451568176410755",
      "t" : 1756451568176,
      "tn" : 1756451568176410755,
      "q" : "199.0",
      "p" : "0.24837",
      "s" : "sell",
      "i" : "1INCH_USD",
      "m" : "4611686018430340659"
    }, {
      "d" : "1756451370069940593",
      "t" : 1756451370069,
      "tn" : 1756451370069940593,
      "q" : "401.8",
      "p" : "0.24846",
      "s" : "sell",
      "i" : "1INCH_USD",
      "m" : "4611686018430340658"
    }, {
      "d" : "1756451280118603264",
      "t" : 1756451280118,
      "tn" : 1756451280118603264,
      "q" : "15.1",
      "p" : "0.24873",
      "s" : "sell",
      "i" : "1INCH_USD",
      "m" : "4611686018430340657"
    }, {
      "d" : "1756451234914870766",
      "t" : 1756451234914,
      "tn" : 1756451234914870766,
      "q" : "140.2",
      "p" : "0.24884",
      "s" : "sell",
      "i" : "1INCH_USD",
      "m" : "4611686018430340656"
    }, {
      "d" : "1756451232031463526",
      "t" : 1756451232031,
      "tn" : 1756451232031463526,
      "q" : "10.3",
      "p" : "0.24890",
      "s" : "sell",
      "i" : "1INCH_USD",
      "m" : "4611686018430340655"
    }, {
      "d" : "1756450985207296236",
      "t" : 1756450985207,
      "tn" : 1756450985207296236,
      "q" : "602.1",
      "p" : "0.24914",
      "s" : "buy",
      "i" : "1INCH_USD",
      "m" : "4611686018430340654"
    }, {
      "d" : "1756450975544735205",
      "t" : 1756450975544,
      "tn" : 1756450975544735205,
      "q" : "20.7",
      "p" : "0.24932",
      "s" : "sell",
      "i" : "1INCH_USD",
      "m" : "4611686018430340653"
    }, {
      "d" : "1756450955803137945",
      "t" : 1756450955803,
      "tn" : 1756450955803137945,
      "q" : "25.0",
      "p" : "0.24979",
      "s" : "sell",
      "i" : "1INCH_USD",
      "m" : "4611686018430340652"
    }, {
      "d" : "1756450955803135707",
      "t" : 1756450955803,
      "tn" : 1756450955803135707,
      "q" : "21.0",
      "p" : "0.24985",
      "s" : "sell",
      "i" : "1INCH_USD",
      "m" : "4611686018430340651"
    }, {
      "d" : "1756450887712772903",
      "t" : 1756450887712,
      "tn" : 1756450887712772903,
      "q" : "18.3",
      "p" : "0.25109",
      "s" : "sell",
      "i" : "1INCH_USD",
      "m" : "4611686018430340650"
    }, {
      "d" : "1756449597453055247",
      "t" : 1756449597453,
      "tn" : 1756449597453055247,
      "q" : "20.5",
      "p" : "0.25208",
      "s" : "sell",
      "i" : "1INCH_USD",
      "m" : "4611686018430340649"
    }, {
      "d" : "1756444672912798935",
      "t" : 1756444672912,
      "tn" : 1756444672912798935,
      "q" : "125.2",
      "p" : "0.25325",
      "s" : "buy",
      "i" : "1INCH_USD",
      "m" : "4611686018430340648"
    }, {
      "d" : "1756444516686915990",
      "t" : 1756444516686,
      "tn" : 1756444516686915990,
      "q" : "128.6",
      "p" : "0.25411",
      "s" : "sell",
      "i" : "1INCH_USD",
      "m" : "4611686018430340647"
    }, {
      "d" : "1756444342102128402",
      "t" : 1756444342102,
      "tn" : 1756444342102128402,
      "q" : "38.7",
      "p" : "0.25413",
      "s" : "sell",
      "i" : "1INCH_USD",
      "m" : "4611686018430340646"
    }, {
      "d" : "1756442922295959540",
      "t" : 1756442922295,
      "tn" : 1756442922295959540,
      "q" : "200.0",
      "p" : "0.25396",
      "s" : "buy",
      "i" : "1INCH_USD",
      "m" : "4611686018430340645"
    }, {
      "d" : "1756442482301833675",
      "t" : 1756442482301,
      "tn" : 1756442482301833675,
      "q" : "161.9",
      "p" : "0.25457",
      "s" : "sell",
      "i" : "1INCH_USD",
      "m" : "4611686018430340644"
    }, {
      "d" : "1756442125910020614",
      "t" : 1756442125910,
      "tn" : 1756442125910020614,
      "q" : "36.3",
      "p" : "0.25471",
      "s" : "sell",
      "i" : "1INCH_USD",
      "m" : "4611686018430340643"
    }, {
      "d" : "1756441951298068886",
      "t" : 1756441951298,
      "tn" : 1756441951298068886,
      "q" : "49.8",
      "p" : "0.25466",
      "s" : "buy",
      "i" : "1INCH_USD",
      "m" : "4611686018430340642"
    }, {
      "d" : "1756441731624851935",
      "t" : 1756441731624,
      "tn" : 1756441731624851935,
      "q" : "400.3",
      "p" : "0.25483",
      "s" : "sell",
      "i" : "1INCH_USD",
      "m" : "4611686018430340641"
    }, {
      "d" : "1756441614149560173",
      "t" : 1756441614149,
      "tn" : 1756441614149560173,
      "q" : "20.4",
      "p" : "0.25484",
      "s" : "buy",
      "i" : "1INCH_USD",
      "m" : "4611686018430340640"
    }, {
      "d" : "1756440977014747747",
      "t" : 1756440977014,
      "tn" : 1756440977014747746,
      "q" : "5.2",
      "p" : "0.25392",
      "s" : "sell",
      "i" : "1INCH_USD",
      "m" : "4611686018430340639"
    }, {
      "d" : "1756440977014747746",
      "t" : 1756440977014,
      "tn" : 1756440977014747746,
      "q" : "7.0",
      "p" : "0.25392",
      "s" : "sell",
      "i" : "1INCH_USD",
      "m" : "4611686018430340639"
    }, {
      "d" : "1756440215131438100",
      "t" : 1756440215131,
      "tn" : 1756440215131438100,
      "q" : "800.1",
      "p" : "0.25406",
      "s" : "sell",
      "i" : "1INCH_USD",
      "m" : "4611686018430340638"
    }, {
      "d" : "1756439656576026074",
      "t" : 1756439656576,
      "tn" : 1756439656576026074,
      "q" : "18.3",
      "p" : "0.25435",
      "s" : "buy",
      "i" : "1INCH_USD",
      "m" : "4611686018430340637"
    }, {
      "d" : "1756439416371320051",
      "t" : 1756439416371,
      "tn" : 1756439416371320051,
      "q" : "728.1",
      "p" : "0.25395",
      "s" : "buy",
      "i" : "1INCH_USD",
      "m" : "4611686018430340636"
    }, {
      "d" : "1756438834047232219",
      "t" : 1756438834047,
      "tn" : 1756438834047232219,
      "q" : "807.3",
      "p" : "0.25388",
      "s" : "sell",
      "i" : "1INCH_USD",
      "m" : "4611686018430340635"
    }, {
      "d" : "1756438736157428082",
      "t" : 1756438736157,
      "tn" : 1756438736157428082,
      "q" : "7.6",
      "p" : "0.25420",
      "s" : "sell",
      "i" : "1INCH_USD",
      "m" : "4611686018430340634"
    }, {
      "d" : "1756438250692149294",
      "t" : 1756438250692,
      "tn" : 1756438250692149294,
      "q" : "728.1",
      "p" : "0.25303",
      "s" : "sell",
      "i" : "1INCH_USD",
      "m" : "4611686018430340633"
    }, {
      "d" : "1756438112237956333",
      "t" : 1756438112237,
      "tn" : 1756438112237956333,
      "q" : "100.0",
      "p" : "0.25292",
      "s" : "sell",
      "i" : "1INCH_USD",
      "m" : "4611686018430340632"
    }, {
      "d" : "1756434447233928352",
      "t" : 1756434447233,
      "tn" : 1756434447233928352,
      "q" : "156.5",
      "p" : "0.25278",
      "s" : "buy",
      "i" : "1INCH_USD",
      "m" : "4611686018430340631"
    }, {
      "d" : "1756434447220774834",
      "t" : 1756434447220,
      "tn" : 1756434447220774834,
      "q" : "395.0",
      "p" : "0.25267",
      "s" : "buy",
      "i" : "1INCH_USD",
      "m" : "4611686018430340630"
    }, {
      "d" : "1756432238241010456",
      "t" : 1756432238241,
      "tn" : 1756432238241010456,
      "q" : "175.0",
      "p" : "0.25109",
      "s" : "buy",
      "i" : "1INCH_USD",
      "m" : "4611686018430340629"
    }, {
      "d" : "1756432160537026912",
      "t" : 1756432160537,
      "tn" : 1756432160537026912,
      "q" : "254.0",
      "p" : "0.25068",
      "s" : "buy",
      "i" : "1INCH_USD",
      "m" : "4611686018430340628"
    }, {
      "d" : "1756430801260106304",
      "t" : 1756430801260,
      "tn" : 1756430801260106304,
      "q" : "1000.0",
      "p" : "0.25073",
      "s" : "sell",
      "i" : "1INCH_USD",
      "m" : "4611686018430340627"
    }, {
      "d" : "1756430448161071791",
      "t" : 1756430448161,
      "tn" : 1756430448161071791,
      "q" : "18.3",
      "p" : "0.25109",
      "s" : "sell",
      "i" : "1INCH_USD",
      "m" : "4611686018430340626"
    }, {
      "d" : "1756429572054293040",
      "t" : 1756429572054,
      "tn" : 1756429572054293040,
      "q" : "396.1",
      "p" : "0.25259",
      "s" : "buy",
      "i" : "1INCH_USD",
      "m" : "4611686018430340625"
    }, {
      "d" : "1756429201027929152",
      "t" : 1756429201027,
      "tn" : 1756429201027929152,
      "q" : "394.0",
      "p" : "0.25391",
      "s" : "buy",
      "i" : "1INCH_USD",
      "m" : "4611686018430340624"
    }, {
      "d" : "1756429081010685495",
      "t" : 1756429081010,
      "tn" : 1756429081010685495,
      "q" : "394.1",
      "p" : "0.25325",
      "s" : "buy",
      "i" : "1INCH_USD",
      "m" : "4611686018430340623"
    }, {
      "d" : "1756427765953943117",
      "t" : 1756427765953,
      "tn" : 1756427765953943117,
      "q" : "457.9",
      "p" : "0.25332",
      "s" : "buy",
      "i" : "1INCH_USD",
      "m" : "4611686018430340622"
    }, {
      "d" : "1756427272581005134",
      "t" : 1756427272581,
      "tn" : 1756427272581005134,
      "q" : "590.0",
      "p" : "0.25385",
      "s" : "sell",
      "i" : "1INCH_USD",
      "m" : "4611686018430340621"
    }, {
      "d" : "1756426551204081854",
      "t" : 1756426551204,
      "tn" : 1756426551204081854,
      "q" : "26.8",
      "p" : "0.25379",
      "s" : "buy",
      "i" : "1INCH_USD",
      "m" : "4611686018430340620"
    }, {
      "d" : "1756425922805955956",
      "t" : 1756425922805,
      "tn" : 1756425922805955956,
      "q" : "393.9",
      "p" : "0.25373",
      "s" : "sell",
      "i" : "1INCH_USD",
      "m" : "4611686018430340619"
    }, {
      "d" : "1756425645151692171",
      "t" : 1756425645151,
      "tn" : 1756425645151692171,
      "q" : "105.8",
      "p" : "0.25409",
      "s" : "sell",
      "i" : "1INCH_USD",
      "m" : "4611686018430340618"
    }, {
      "d" : "1756425636846910813",
      "t" : 1756425636846,
      "tn" : 1756425636846910813,
      "q" : "15.2",
      "p" : "0.25420",
      "s" : "sell",
      "i" : "1INCH_USD",
      "m" : "4611686018430340617"
    }, {
      "d" : "1756425584901923876",
      "t" : 1756425584901,
      "tn" : 1756425584901923876,
      "q" : "29.7",
      "p" : "0.25375",
      "s" : "buy",
      "i" : "1INCH_USD",
      "m" : "4611686018430340616"
    }, {
      "d" : "1756425186821537181",
      "t" : 1756425186821,
      "tn" : 1756425186821537181,
      "q" : "120.9",
      "p" : "0.25363",
      "s" : "buy",
      "i" : "1INCH_USD",
      "m" : "4611686018430340615"
    }, {
      "d" : "1756424291323929760",
      "t" : 1756424291323,
      "tn" : 1756424291323929760,
      "q" : "395.0",
      "p" : "0.25312",
      "s" : "sell",
      "i" : "1INCH_USD",
      "m" : "4611686018430340614"
    }, {
      "d" : "1756424286140783014",
      "t" : 1756424286140,
      "tn" : 1756424286140783014,
      "q" : "395.0",
      "p" : "0.25315",
      "s" : "sell",
      "i" : "1INCH_USD",
      "m" : "4611686018430340613"
    }, {
      "d" : "1756423686132243714",
      "t" : 1756423686132,
      "tn" : 1756423686132243714,
      "q" : "44.0",
      "p" : "0.25314",
      "s" : "buy",
      "i" : "1INCH_USD",
      "m" : "4611686018430340612"
    }, {
      "d" : "1756422615607393004",
      "t" : 1756422615607,
      "tn" : 1756422615607393004,
      "q" : "536.3",
      "p" : "0.25392",
      "s" : "buy",
      "i" : "1INCH_USD",
      "m" : "4611686018430340611"
    }, {
      "d" : "1756422615607390567",
      "t" : 1756422615607,
      "tn" : 1756422615607390567,
      "q" : "1038.9",
      "p" : "0.25391",
      "s" : "buy",
      "i" : "1INCH_USD",
      "m" : "4611686018430340610"
    }, {
      "d" : "1756422273177307298",
      "t" : 1756422273177,
      "tn" : 1756422273177307298,
      "q" : "394.0",
      "p" : "0.25370",
      "s" : "sell",
      "i" : "1INCH_USD",
      "m" : "4611686018430340609"
    }, {
      "d" : "1756422057432883607",
      "t" : 1756422057432,
      "tn" : 1756422057432883607,
      "q" : "393.0",
      "p" : "0.25410",
      "s" : "sell",
      "i" : "1INCH_USD",
      "m" : "4611686018430340608"
    }, {
      "d" : "1756422016852982115",
      "t" : 1756422016852,
      "tn" : 1756422016852982115,
      "q" : "1179.8",
      "p" : "0.25428",
      "s" : "sell",
      "i" : "1INCH_USD",
      "m" : "4611686018430340607"
    }, {
      "d" : "1756421947000039365",
      "t" : 1756421947000,
      "tn" : 1756421947000039365,
      "q" : "261.3",
      "p" : "0.25373",
      "s" : "sell",
      "i" : "1INCH_USD",
      "m" : "4611686018430340606"
    }, {
      "d" : "1756420358487863941",
      "t" : 1756420358487,
      "tn" : 1756420358487863941,
      "q" : "5.0",
      "p" : "0.25443",
      "s" : "sell",
      "i" : "1INCH_USD",
      "m" : "4611686018430340605"
    }, {
      "d" : "1756420266772685438",
      "t" : 1756420266772,
      "tn" : 1756420266772685438,
      "q" : "18.2",
      "p" : "0.25435",
      "s" : "buy",
      "i" : "1INCH_USD",
      "m" : "4611686018430340604"
    }, {
      "d" : "1756419378973004052",
      "t" : 1756419378973,
      "tn" : 1756419378973004052,
      "q" : "200.0",
      "p" : "0.25295",
      "s" : "buy",
      "i" : "1INCH_USD",
      "m" : "4611686018430340603"
    }, {
      "d" : "1756418833146925769",
      "t" : 1756418833146,
      "tn" : 1756418833146925769,
      "q" : "25.0",
      "p" : "0.25241",
      "s" : "buy",
      "i" : "1INCH_USD",
      "m" : "4611686018430340602"
    }, {
      "d" : "1756418743037992993",
      "t" : 1756418743037,
      "tn" : 1756418743037992993,
      "q" : "58.8",
      "p" : "0.25227",
      "s" : "buy",
      "i" : "1INCH_USD",
      "m" : "4611686018430340601"
    }, {
      "d" : "1756417824740987887",
      "t" : 1756417824740,
      "tn" : 1756417824740987887,
      "q" : "1083.6",
      "p" : "0.25187",
      "s" : "buy",
      "i" : "1INCH_USD",
      "m" : "4611686018430340600"
    }, {
      "d" : "1756417728945957945",
      "t" : 1756417728945,
      "tn" : 1756417728945957945,
      "q" : "50.0",
      "p" : "0.25186",
      "s" : "buy",
      "i" : "1INCH_USD",
      "m" : "4611686018430340599"
    }, {
      "d" : "1756417169049043605",
      "t" : 1756417169049,
      "tn" : 1756417169049043605,
      "q" : "20.7",
      "p" : "0.25208",
      "s" : "buy",
      "i" : "1INCH_USD",
      "m" : "4611686018430340598"
    }, {
      "d" : "1756415796236063000",
      "t" : 1756415796236,
      "tn" : 1756415796236063000,
      "q" : "6.0",
      "p" : "0.25070",
      "s" : "buy",
      "i" : "1INCH_USD",
      "m" : "4611686018430340597"
    }, {
      "d" : "1756414617082029515",
      "t" : 1756414617082,
      "tn" : 1756414617082029505,
      "q" : "20.9",
      "p" : "0.25074",
      "s" : "sell",
      "i" : "1INCH_USD",
      "m" : "4611686018430340596"
    }, {
      "d" : "1756414617082029514",
      "t" : 1756414617082,
      "tn" : 1756414617082029505,
      "q" : "20.9",
      "p" : "0.25074",
      "s" : "sell",
      "i" : "1INCH_USD",
      "m" : "4611686018430340596"
    }, {
      "d" : "1756414617082029513",
      "t" : 1756414617082,
      "tn" : 1756414617082029505,
      "q" : "20.9",
      "p" : "0.25074",
      "s" : "sell",
      "i" : "1INCH_USD",
      "m" : "4611686018430340596"
    }, {
      "d" : "1756414617082029512",
      "t" : 1756414617082,
      "tn" : 1756414617082029505,
      "q" : "20.9",
      "p" : "0.25074",
      "s" : "sell",
      "i" : "1INCH_USD",
      "m" : "4611686018430340596"
    }, {
      "d" : "1756414617082029511",
      "t" : 1756414617082,
      "tn" : 1756414617082029505,
      "q" : "20.9",
      "p" : "0.25074",
      "s" : "sell",
      "i" : "1INCH_USD",
      "m" : "4611686018430340596"
    }, {
      "d" : "1756414617082029510",
      "t" : 1756414617082,
      "tn" : 1756414617082029505,
      "q" : "20.9",
      "p" : "0.25074",
      "s" : "sell",
      "i" : "1INCH_USD",
      "m" : "4611686018430340596"
    }, {
      "d" : "1756414617082029509",
      "t" : 1756414617082,
      "tn" : 1756414617082029505,
      "q" : "20.9",
      "p" : "0.25074",
      "s" : "sell",
      "i" : "1INCH_USD",
      "m" : "4611686018430340596"
    }, {
      "d" : "1756414617082029508",
      "t" : 1756414617082,
      "tn" : 1756414617082029505,
      "q" : "20.9",
      "p" : "0.25074",
      "s" : "sell",
      "i" : "1INCH_USD",
      "m" : "4611686018430340596"
    }, {
      "d" : "1756414617082029507",
      "t" : 1756414617082,
      "tn" : 1756414617082029505,
      "q" : "20.9",
      "p" : "0.25074",
      "s" : "sell",
      "i" : "1INCH_USD",
      "m" : "4611686018430340596"
    }, {
      "d" : "1756414617082029506",
      "t" : 1756414617082,
      "tn" : 1756414617082029505,
      "q" : "20.9",
      "p" : "0.25074",
      "s" : "sell",
      "i" : "1INCH_USD",
      "m" : "4611686018430340596"
    }, {
      "d" : "1756414617082029505",
      "t" : 1756414617082,
      "tn" : 1756414617082029505,
      "q" : "20.9",
      "p" : "0.25074",
      "s" : "sell",
      "i" : "1INCH_USD",
      "m" : "4611686018430340596"
    }, {
      "d" : "1756414367895805202",
      "t" : 1756414367895,
      "tn" : 1756414367895805202,
      "q" : "100.0",
      "p" : "0.25074",
      "s" : "sell",
      "i" : "1INCH_USD",
      "m" : "4611686018430340595"
    }, {
      "d" : "1756412526159011032",
      "t" : 1756412526159,
      "tn" : 1756412526159011032,
      "q" : "100.0",
      "p" : "0.25074",
      "s" : "sell",
      "i" : "1INCH_USD",
      "m" : "4611686018430340594"
    }, {
      "d" : "1756411689038005888",
      "t" : 1756411689038,
      "tn" : 1756411689038005888,
      "q" : "457.9",
      "p" : "0.24999",
      "s" : "sell",
      "i" : "1INCH_USD",
      "m" : "4611686018430340593"
    }, {
      "d" : "1756411212981853889",
      "t" : 1756411212981,
      "tn" : 1756411212981853889,
      "q" : "20.7",
      "p" : "0.24932",
      "s" : "sell",
      "i" : "1INCH_USD",
      "m" : "4611686018430340592"
    }, {
      "d" : "1756411187534324116",
      "t" : 1756411187534,
      "tn" : 1756411187534324116,
      "q" : "214.0",
      "p" : "0.24964",
      "s" : "sell",
      "i" : "1INCH_USD",
      "m" : "4611686018430340591"
    }, {
      "d" : "1756411187532392995",
      "t" : 1756411187532,
      "tn" : 1756411187532392995,
      "q" : "186.0",
      "p" : "0.24968",
      "s" : "sell",
      "i" : "1INCH_USD",
      "m" : "4611686018430340590"
    }, {
      "d" : "1756411033245681475",
      "t" : 1756411033245,
      "tn" : 1756411033245681475,
      "q" : "25.0",
      "p" : "0.24979",
      "s" : "sell",
      "i" : "1INCH_USD",
      "m" : "4611686018430340589"
    }, {
      "d" : "1756410048108466017",
      "t" : 1756410048108,
      "tn" : 1756410048108466017,
      "q" : "398.0",
      "p" : "0.25068",
      "s" : "sell",
      "i" : "1INCH_USD",
      "m" : "4611686018430340588"
    }, {
      "d" : "1756409852543130592",
      "t" : 1756409852543,
      "tn" : 1756409852543130592,
      "q" : "231.5",
      "p" : "0.25116",
      "s" : "sell",
      "i" : "1INCH_USD",
      "m" : "4611686018430340587"
    }, {
      "d" : "1756409626526862725",
      "t" : 1756409626526,
      "tn" : 1756409626526862725,
      "q" : "398.0",
      "p" : "0.25116",
      "s" : "sell",
      "i" : "1INCH_USD",
      "m" : "4611686018430340586"
    }, {
      "d" : "1756408960474383895",
      "t" : 1756408960474,
      "tn" : 1756408960474383895,
      "q" : "8.0",
      "p" : "0.25188",
      "s" : "sell",
      "i" : "1INCH_USD",
      "m" : "4611686018430340585"
    }, {
      "d" : "1756408341411650015",
      "t" : 1756408341411,
      "tn" : 1756408341411650015,
      "q" : "10.0",
      "p" : "0.25245",
      "s" : "buy",
      "i" : "1INCH_USD",
      "m" : "4611686018430340584"
    }, {
      "d" : "1756408063044115290",
      "t" : 1756408063044,
      "tn" : 1756408063044115290,
      "q" : "13.1",
      "p" : "0.25227",
      "s" : "buy",
      "i" : "1INCH_USD",
      "m" : "4611686018430340583"
    }, {
      "d" : "1756407458828142113",
      "t" : 1756407458828,
      "tn" : 1756407458828142113,
      "q" : "25.0",
      "p" : "0.25212",
      "s" : "buy",
      "i" : "1INCH_USD",
      "m" : "4611686018430340582"
    }, {
      "d" : "1756407392266973121",
      "t" : 1756407392266,
      "tn" : 1756407392266973121,
      "q" : "396.0",
      "p" : "0.25239",
      "s" : "sell",
      "i" : "1INCH_USD",
      "m" : "4611686018430340581"
    }, {
      "d" : "1756406895370019433",
      "t" : 1756406895370,
      "tn" : 1756406895370019433,
      "q" : "793.0",
      "p" : "0.25219",
      "s" : "buy",
      "i" : "1INCH_USD",
      "m" : "4611686018430340580"
    }, {
      "d" : "1756405731351454961",
      "t" : 1756405731351,
      "tn" : 1756405731351454961,
      "q" : "25.0",
      "p" : "0.25241",
      "s" : "buy",
      "i" : "1INCH_USD",
      "m" : "4611686018430340579"
    }, {
      "d" : "1756405590883271577",
      "t" : 1756405590883,
      "tn" : 1756405590883271577,
      "q" : "20.6",
      "p" : "0.25208",
      "s" : "buy",
      "i" : "1INCH_USD",
      "m" : "4611686018430340578"
    }, {
      "d" : "1756405496878070743",
      "t" : 1756405496878,
      "tn" : 1756405496878070743,
      "q" : "1000.0",
      "p" : "0.25170",
      "s" : "buy",
      "i" : "1INCH_USD",
      "m" : "4611686018430340577"
    }, {
      "d" : "1756405065394853578",
      "t" : 1756405065394,
      "tn" : 1756405065394853578,
      "q" : "374.2",
      "p" : "0.25124",
      "s" : "buy",
      "i" : "1INCH_USD",
      "m" : "4611686018430340576"
    }, {
      "d" : "1756404805462940731",
      "t" : 1756404805462,
      "tn" : 1756404805462940731,
      "q" : "504.2",
      "p" : "0.25131",
      "s" : "buy",
      "i" : "1INCH_USD",
      "m" : "4611686018430340575"
    }, {
      "d" : "1756403986833275849",
      "t" : 1756403986833,
      "tn" : 1756403986833275849,
      "q" : "111.4",
      "p" : "0.25167",
      "s" : "buy",
      "i" : "1INCH_USD",
      "m" : "4611686018430340574"
    }, {
      "d" : "1756403220096354681",
      "t" : 1756403220096,
      "tn" : 1756403220096354681,
      "q" : "725.3",
      "p" : "0.25168",
      "s" : "sell",
      "i" : "1INCH_USD",
      "m" : "4611686018430340573"
    }, {
      "d" : "1756403219918008930",
      "t" : 1756403219918,
      "tn" : 1756403219918008930,
      "q" : "1236.9",
      "p" : "0.25168",
      "s" : "sell",
      "i" : "1INCH_USD",
      "m" : "4611686018430340572"
    }, {
      "d" : "1756402887125364185",
      "t" : 1756402887125,
      "tn" : 1756402887125364185,
      "q" : "20.0",
      "p" : "0.25135",
      "s" : "buy",
      "i" : "1INCH_USD",
      "m" : "4611686018430340571"
    }, {
      "d" : "1756402216691065502",
      "t" : 1756402216691,
      "tn" : 1756402216691065502,
      "q" : "397.0",
      "p" : "0.25108",
      "s" : "sell",
      "i" : "1INCH_USD",
      "m" : "4611686018430340570"
    }, {
      "d" : "1756401075592051700",
      "t" : 1756401075592,
      "tn" : 1756401075592051700,
      "q" : "86.0",
      "p" : "0.24971",
      "s" : "buy",
      "i" : "1INCH_USD",
      "m" : "4611686018430340569"
    }, {
      "d" : "1756400730248537285",
      "t" : 1756400730248,
      "tn" : 1756400730248537285,
      "q" : "400.0",
      "p" : "0.24999",
      "s" : "sell",
      "i" : "1INCH_USD",
      "m" : "4611686018430340568"
    }, {
      "d" : "1756400681074136678",
      "t" : 1756400681074,
      "tn" : 1756400681074136678,
      "q" : "399.0",
      "p" : "0.25010",
      "s" : "sell",
      "i" : "1INCH_USD",
      "m" : "4611686018430340567"
    }, {
      "d" : "1756400459379740507",
      "t" : 1756400459379,
      "tn" : 1756400459379740507,
      "q" : "763.3",
      "p" : "0.24971",
      "s" : "sell",
      "i" : "1INCH_USD",
      "m" : "4611686018430340566"
    }, {
      "d" : "1756400373747822911",
      "t" : 1756400373747,
      "tn" : 1756400373747822911,
      "q" : "20.7",
      "p" : "0.24932",
      "s" : "sell",
      "i" : "1INCH_USD",
      "m" : "4611686018430340565"
    }, {
      "d" : "1756400359491656552",
      "t" : 1756400359491,
      "tn" : 1756400359491656552,
      "q" : "25.0",
      "p" : "0.24979",
      "s" : "sell",
      "i" : "1INCH_USD",
      "m" : "4611686018430340564"
    }, {
      "d" : "1756400262036310034",
      "t" : 1756400262036,
      "tn" : 1756400262036310034,
      "q" : "18.3",
      "p" : "0.25109",
      "s" : "sell",
      "i" : "1INCH_USD",
      "m" : "4611686018430340563"
    }, {
      "d" : "1756399343493286136",
      "t" : 1756399343493,
      "tn" : 1756399343493286136,
      "q" : "394.0",
      "p" : "0.25336",
      "s" : "sell",
      "i" : "1INCH_USD",
      "m" : "4611686018430340562"
    }, {
      "d" : "1756399121648514514",
      "t" : 1756399121648,
      "tn" : 1756399121648514514,
      "q" : "394.0",
      "p" : "0.25332",
      "s" : "sell",
      "i" : "1INCH_USD",
      "m" : "4611686018430340561"
    }, {
      "d" : "1756399065365372119",
      "t" : 1756399065365,
      "tn" : 1756399065365372119,
      "q" : "394.0",
      "p" : "0.25323",
      "s" : "sell",
      "i" : "1INCH_USD",
      "m" : "4611686018430340560"
    }, {
      "d" : "1756398617875875951",
      "t" : 1756398617875,
      "tn" : 1756398617875875951,
      "q" : "394.0",
      "p" : "0.25327",
      "s" : "sell",
      "i" : "1INCH_USD",
      "m" : "4611686018430340559"
    }, {
      "d" : "1756398460188504686",
      "t" : 1756398460188,
      "tn" : 1756398460188504686,
      "q" : "12.9",
      "p" : "0.25310",
      "s" : "buy",
      "i" : "1INCH_USD",
      "m" : "4611686018430340558"
    }, {
      "d" : "1756397239507151471",
      "t" : 1756397239507,
      "tn" : 1756397239507151471,
      "q" : "108.0",
      "p" : "0.25278",
      "s" : "sell",
      "i" : "1INCH_USD",
      "m" : "4611686018430340557"
    }, {
      "d" : "1756397239506660795",
      "t" : 1756397239506,
      "tn" : 1756397239506660795,
      "q" : "191.0",
      "p" : "0.25278",
      "s" : "sell",
      "i" : "1INCH_USD",
      "m" : "4611686018430340556"
    }, {
      "d" : "1756396897822704761",
      "t" : 1756396897822,
      "tn" : 1756396897822704761,
      "q" : "395.8",
      "p" : "0.25243",
      "s" : "sell",
      "i" : "1INCH_USD",
      "m" : "4611686018430340555"
    }, {
      "d" : "1756396661942892997",
      "t" : 1756396661942,
      "tn" : 1756396661942892997,
      "q" : "610.2",
      "p" : "0.25231",
      "s" : "sell",
      "i" : "1INCH_USD",
      "m" : "4611686018430340554"
    }, {
      "d" : "1756396661937066752",
      "t" : 1756396661937,
      "tn" : 1756396661937066752,
      "q" : "218.3",
      "p" : "0.25231",
      "s" : "sell",
      "i" : "1INCH_USD",
      "m" : "4611686018430340553"
    }, {
      "d" : "1756396406679967931",
      "t" : 1756396406679,
      "tn" : 1756396406679967931,
      "q" : "10.0",
      "p" : "0.25169",
      "s" : "buy",
      "i" : "1INCH_USD",
      "m" : "4611686018430340552"
    }, {
      "d" : "1756396334661072215",
      "t" : 1756396334661,
      "tn" : 1756396334661072215,
      "q" : "744.5",
      "p" : "0.25159",
      "s" : "buy",
      "i" : "1INCH_USD",
      "m" : "4611686018430340551"
    }, {
      "d" : "1756395206288900850",
      "t" : 1756395206288,
      "tn" : 1756395206288900850,
      "q" : "903.8",
      "p" : "0.25342",
      "s" : "buy",
      "i" : "1INCH_USD",
      "m" : "4611686018430340550"
    }, {
      "d" : "1756395201390869530",
      "t" : 1756395201390,
      "tn" : 1756395201390869530,
      "q" : "590.1",
      "p" : "0.25337",
      "s" : "buy",
      "i" : "1INCH_USD",
      "m" : "4611686018430340549"
    }, {
      "d" : "1756395007920152276",
      "t" : 1756395007920,
      "tn" : 1756395007920152276,
      "q" : "4.9",
      "p" : "0.25288",
      "s" : "buy",
      "i" : "1INCH_USD",
      "m" : "4611686018430340548"
    }, {
      "d" : "1756394676952273811",
      "t" : 1756394676952,
      "tn" : 1756394676952273811,
      "q" : "29.6",
      "p" : "0.25330",
      "s" : "buy",
      "i" : "1INCH_USD",
      "m" : "4611686018430340547"
    }, {
      "d" : "1756394676950386004",
      "t" : 1756394676950,
      "tn" : 1756394676950386004,
      "q" : "768.4",
      "p" : "0.25330",
      "s" : "sell",
      "i" : "1INCH_USD",
      "m" : "4611686018430340546"
    }, {
      "d" : "1756394636046951580",
      "t" : 1756394636046,
      "tn" : 1756394636046951580,
      "q" : "371.7",
      "p" : "0.25352",
      "s" : "sell",
      "i" : "1INCH_USD",
      "m" : "4611686018430340545"
    }, {
      "d" : "1756393771054674087",
      "t" : 1756393771054,
      "tn" : 1756393771054674087,
      "q" : "26.0",
      "p" : "0.25446",
      "s" : "buy",
      "i" : "1INCH_USD",
      "m" : "4611686018430340544"
    }, {
      "d" : "1756393324318981908",
      "t" : 1756393324318,
      "tn" : 1756393324318981908,
      "q" : "18.3",
      "p" : "0.25435",
      "s" : "buy",
      "i" : "1INCH_USD",
      "m" : "4611686018430340543"
    } ]
  }
}