{
  "id" : -1,
  "method" : "public/get-trades",
  "code" : 0,
  "result" : {
    "data" : [ {
      "d" : "1756458177372630797",
      "t" : 1756458177372,
      "tn" : 1756458177372630797,
      "q" : "699.0",
      "p" : "0.24224",
      "s" : "sell",
      "i" : "1INCH_USDT",
      "m" : "4611686018430756844"
    }, {
      "d" : "1756458169359128147",
      "t" : 1756458169359,
      "tn" : 1756458169359128147,
      "q" : "37.3",
      "p" : "0.24273",
      "s" : "sell",
      "i" : "1INCH_USDT",
      "m" : "4611686018430756843"
    }, {
      "d" : "1756458063066903257",
      "t" : 1756458063066,
      "tn" : 1756458063066903257,
      "q" : "48.3",
      "p" : "0.24341",
      "s" : "sell",
      "i" : "1INCH_USDT",
      "m" : "4611686018430756842"
    }, {
      "d" : "1756452363002153242",
      "t" : 1756452363002,
      "tn" : 1756452363002153242,
      "q" : "47.7",
      "p" : "0.24615",
      "s" : "sell",
      "i" : "1INCH_USDT",
      "m" : "4611686018430756841"
    }, {
      "d" : "1756452361031762877",
      "t" : 1756452361031,
      "tn" : 1756452361031762877,
      "q" : "36.7",
      "p" : "0.24623",
      "s" : "sell",
      "i" : "1INCH_USDT",
      "m" : "4611686018430756840"
    }, {
      "d" : "1756451553396332449",
      "t" : 1756451553396,
      "tn" : 1756451553396332449,
      "q" : "200.5",
      "p" : "0.24827",
      "s" : "sell",
      "i" : "1INCH_USDT",
      "m" : "4611686018430756839"
    }, {
      "d" : "1756451553396330555",
      "t" : 1756451553396,
      "tn" : 1756451553396330555,
      "q" : "402.5",
      "p" : "0.24837",
      "s" : "sell",
      "i" : "1INCH_USDT",
      "m" : "4611686018430756838"
    }, {
      "d" : "1756450972519731447",
      "t" : 1756450972519,
      "tn" : 1756450972519731447,
      "q" : "19.8",
      "p" : "0.24886",
      "s" : "sell",
      "i" : "1INCH_USDT",
      "m" : "4611686018430756837"
    }, {
      "d" : "1756450964880895154",
      "t" : 1756450964880,
      "tn" : 1756450964880895154,
      "q" : "47.1",
      "p" : "0.24934",
      "s" : "sell",
      "i" : "1INCH_USDT",
      "m" : "4611686018430756836"
    }, {
      "d" : "1756450964880893289",
      "t" : 1756450964880,
      "tn" : 1756450964880893289,
      "q" : "389.5",
      "p" : "0.24935",
      "s" : "sell",
      "i" : "1INCH_USDT",
      "m" : "4611686018430756835"
    }, {
      "d" : "1756450964780581992",
      "t" : 1756450964780,
      "tn" : 1756450964780581992,
      "q" : "1578.5",
      "p" : "0.24935",
      "s" : "sell",
      "i" : "1INCH_USDT",
      "m" : "4611686018430756834"
    }, {
      "d" : "1756450954621434250",
      "t" : 1756450954621,
      "tn" : 1756450954621434250,
      "q" : "668.8",
      "p" : "0.24970",
      "s" : "sell",
      "i" : "1INCH_USDT",
      "m" : "4611686018430756833"
    }, {
      "d" : "1756450954621432411",
      "t" : 1756450954621,
      "tn" : 1756450954621432411,
      "q" : "36.2",
      "p" : "0.24973",
      "s" : "sell",
      "i" : "1INCH_USDT",
      "m" : "4611686018430756832"
    }, {
      "d" : "1756449596663127626",
      "t" : 1756449596663,
      "tn" : 1756449596663127626,
      "q" : "46.6",
      "p" : "0.25211",
      "s" : "sell",
      "i" : "1INCH_USDT",
      "m" : "4611686018430756831"
    }, {
      "d" : "1756443340780263296",
      "t" : 1756443340780,
      "tn" : 1756443340780263296,
      "q" : "238.9",
      "p" : "0.25363",
      "s" : "sell",
      "i" : "1INCH_USDT",
      "m" : "4611686018430756830"
    }, {
      "d" : "1756441701559857577",
      "t" : 1756441701559,
      "tn" : 1756441701559857577,
      "q" : "46.5",
      "p" : "0.25487",
      "s" : "buy",
      "i" : "1INCH_USDT",
      "m" : "4611686018430756829"
    }, {
      "d" : "1756437695942079501",
      "t" : 1756437695942,
      "tn" : 1756437695942079501,
      "q" : "0.2",
      "p" : "0.25325",
      "s" : "buy",
      "i" : "1INCH_USDT",
      "m" : "4611686018430756828"
    }, {
      "d" : "1756434475749022386",
      "t" : 1756434475749,
      "tn" : 1756434475749022386,
      "q" : "194.0",
      "p" : "0.25293",
      "s" : "buy",
      "i" : "1INCH_USDT",
      "m" : "4611686018430756827"
    }, {
      "d" : "1756434447233925118",
      "t" : 1756434447233,
      "tn" : 1756434447233925118,
      "q" : "238.6",
      "p" : "0.25305",
      "s" : "buy",
      "i" : "1INCH_USDT",
      "m" : "4611686018430756826"
    }, {
      "d" : "1756434447225094751",
      "t" : 1756434447225,
      "tn" : 1756434447225094751,
      "q" : "216.4",
      "p" : "0.25264",
      "s" : "buy",
      "i" : "1INCH_USDT",
      "m" : "4611686018430756825"
    }, {
      "d" : "1756434399656373795",
      "t" : 1756434399656,
      "tn" : 1756434399656373795,
      "q" : "827.2",
      "p" : "0.25234",
      "s" : "sell",
      "i" : "1INCH_USDT",
      "m" : "4611686018430756824"
    }, {
      "d" : "1756434399656371568",
      "t" : 1756434399656,
      "tn" : 1756434399656371568,
      "q" : "396.2",
      "p" : "0.25235",
      "s" : "sell",
      "i" : "1INCH_USDT",
      "m" : "4611686018430756823"
    }, {
      "d" : "1756430954496144973",
      "t" : 1756430954496,
      "tn" : 1756430954496144973,
      "q" : "19.9",
      "p" : "0.25086",
      "s" : "buy",
      "i" : "1INCH_USDT",
      "m" : "4611686018430756822"
    }, {
      "d" : "1756430469713216869",
      "t" : 1756430469713,
      "tn" : 1756430469713216869,
      "q" : "19.6",
      "p" : "0.25043",
      "s" : "sell",
      "i" : "1INCH_USDT",
      "m" : "4611686018430756821"
    }, {
      "d" : "1756430354188881101",
      "t" : 1756430354188,
      "tn" : 1756430354188881101,
      "q" : "19.7",
      "p" : "0.25167",
      "s" : "buy",
      "i" : "1INCH_USDT",
      "m" : "4611686018430756820"
    }, {
      "d" : "1756430241307776645",
      "t" : 1756430241307,
      "tn" : 1756430241307776645,
      "q" : "19.6",
      "p" : "0.25131",
      "s" : "sell",
      "i" : "1INCH_USDT",
      "m" : "4611686018430756819"
    }, {
      "d" : "1756429760070961408",
      "t" : 1756429760070,
      "tn" : 1756429760070961408,
      "q" : "19.7",
      "p" : "0.25266",
      "s" : "buy",
      "i" : "1INCH_USDT",
      "m" : "4611686018430756818"
    }, {
      "d" : "1756429726597463655",
      "t" : 1756429726597,
      "tn" : 1756429726597463655,
      "q" : "397.1",
      "p" : "0.25212",
      "s" : "buy",
      "i" : "1INCH_USDT",
      "m" : "4611686018430756817"
    }, {
      "d" : "1756429557677436721",
      "t" : 1756429557677,
      "tn" : 1756429557677436721,
      "q" : "19.5",
      "p" : "0.25193",
      "s" : "sell",
      "i" : "1INCH_USDT",
      "m" : "4611686018430756816"
    }, {
      "d" : "1756429201028300154",
      "t" : 1756429201028,
      "tn" : 1756429201028300154,
      "q" : "471.3",
      "p" : "0.25388",
      "s" : "buy",
      "i" : "1INCH_USDT",
      "m" : "4611686018430756815"
    }, {
      "d" : "1756429201028298300",
      "t" : 1756429201028,
      "tn" : 1756429201028298300,
      "q" : "119.8",
      "p" : "0.25377",
      "s" : "buy",
      "i" : "1INCH_USDT",
      "m" : "4611686018430756814"
    }, {
      "d" : "1756428570905576455",
      "t" : 1756428570905,
      "tn" : 1756428570905576455,
      "q" : "19.6",
      "p" : "0.25316",
      "s" : "buy",
      "i" : "1INCH_USDT",
      "m" : "4611686018430756813"
    }, {
      "d" : "1756428184584340496",
      "t" : 1756428184584,
      "tn" : 1756428184584340496,
      "q" : "19.4",
      "p" : "0.25275",
      "s" : "sell",
      "i" : "1INCH_USDT",
      "m" : "4611686018430756812"
    }, {
      "d" : "1756427325686567801",
      "t" : 1756427325686,
      "tn" : 1756427325686567801,
      "q" : "392.9",
      "p" : "0.25448",
      "s" : "buy",
      "i" : "1INCH_USDT",
      "m" : "4611686018430756811"
    }, {
      "d" : "1756427272583613740",
      "t" : 1756427272583,
      "tn" : 1756427272583613740,
      "q" : "120.0",
      "p" : "0.25395",
      "s" : "sell",
      "i" : "1INCH_USDT",
      "m" : "4611686018430756810"
    }, {
      "d" : "1756425186827182766",
      "t" : 1756425186827,
      "tn" : 1756425186827182766,
      "q" : "273.0",
      "p" : "0.25376",
      "s" : "buy",
      "i" : "1INCH_USDT",
      "m" : "4611686018430756809"
    }, {
      "d" : "1756425040324863823",
      "t" : 1756425040324,
      "tn" : 1756425040324863823,
      "q" : "794.0",
      "p" : "0.25330",
      "s" : "buy",
      "i" : "1INCH_USDT",
      "m" : "4611686018430756808"
    }, {
      "d" : "1756424403178895674",
      "t" : 1756424403178,
      "tn" : 1756424403178895674,
      "q" : "19.5",
      "p" : "0.25396",
      "s" : "buy",
      "i" : "1INCH_USDT",
      "m" : "4611686018430756807"
    }, {
      "d" : "1756424052349559670",
      "t" : 1756424052349,
      "tn" : 1756424052349559670,
      "q" : "19.5",
      "p" : "0.25254",
      "s" : "sell",
      "i" : "1INCH_USDT",
      "m" : "4611686018430756806"
    }, {
      "d" : "1756423337043736188",
      "t" : 1756423337043,
      "tn" : 1756423337043736188,
      "q" : "395.0",
      "p" : "0.25296",
      "s" : "sell",
      "i" : "1INCH_USDT",
      "m" : "4611686018430756805"
    }, {
      "d" : "1756421426325533390",
      "t" : 1756421426325,
      "tn" : 1756421426325533390,
      "q" : "19.6",
      "p" : "0.25382",
      "s" : "buy",
      "i" : "1INCH_USDT",
      "m" : "4611686018430756804"
    }, {
      "d" : "1756421068256920383",
      "t" : 1756421068256,
      "tn" : 1756421068256920383,
      "q" : "19.4",
      "p" : "0.25309",
      "s" : "sell",
      "i" : "1INCH_USDT",
      "m" : "4611686018430756803"
    }, {
      "d" : "1756420830066434441",
      "t" : 1756420830066,
      "tn" : 1756420830066434441,
      "q" : "19.5",
      "p" : "0.25434",
      "s" : "buy",
      "i" : "1INCH_USDT",
      "m" : "4611686018430756802"
    }, {
      "d" : "1756420269031570834",
      "t" : 1756420269031,
      "tn" : 1756420269031570834,
      "q" : "379.6",
      "p" : "0.25476",
      "s" : "buy",
      "i" : "1INCH_USDT",
      "m" : "4611686018430756801"
    }, {
      "d" : "1756420269031568822",
      "t" : 1756420269031,
      "tn" : 1756420269031568822,
      "q" : "211.3",
      "p" : "0.25475",
      "s" : "buy",
      "i" : "1INCH_USDT",
      "m" : "4611686018430756800"
    }, {
      "d" : "1756420258758025690",
      "t" : 1756420258758,
      "tn" : 1756420258758025690,
      "q" : "30.1",
      "p" : "0.25424",
      "s" : "buy",
      "i" : "1INCH_USDT",
      "m" : "4611686018430756799"
    }, {
      "d" : "1756419480045935827",
      "t" : 1756419480045,
      "tn" : 1756419480045935827,
      "q" : "60.6",
      "p" : "0.25355",
      "s" : "buy",
      "i" : "1INCH_USDT",
      "m" : "4611686018430756798"
    }, {
      "d" : "1756419404939975894",
      "t" : 1756419404939,
      "tn" : 1756419404939975894,
      "q" : "2645.5",
      "p" : "0.25351",
      "s" : "buy",
      "i" : "1INCH_USDT",
      "m" : "4611686018430756797"
    }, {
      "d" : "1756419404939973914",
      "t" : 1756419404939,
      "tn" : 1756419404939973914,
      "q" : "925.2",
      "p" : "0.25344",
      "s" : "buy",
      "i" : "1INCH_USDT",
      "m" : "4611686018430756796"
    }, {
      "d" : "1756419404939971360",
      "t" : 1756419404939,
      "tn" : 1756419404939971360,
      "q" : "493.2",
      "p" : "0.25343",
      "s" : "buy",
      "i" : "1INCH_USDT",
      "m" : "4611686018430756795"
    }, {
      "d" : "1756419404939968796",
      "t" : 1756419404939,
      "tn" : 1756419404939968796,
      "q" : "36.1",
      "p" : "0.25323",
      "s" : "buy",
      "i" : "1INCH_USDT",
      "m" : "4611686018430756794"
    }, {
      "d" : "1756418098641985535",
      "t" : 1756418098641,
      "tn" : 1756418098641985535,
      "q" : "47.0",
      "p" : "0.25211",
      "s" : "buy",
      "i" : "1INCH_USDT",
      "m" : "4611686018430756793"
    }, {
      "d" : "1756411211706231334",
      "t" : 1756411211706,
      "tn" : 1756411211706231334,
      "q" : "47.1",
      "p" : "0.24934",
      "s" : "sell",
      "i" : "1INCH_USDT",
      "m" : "4611686018430756792"
    }, {
      "d" : "1756408332174015550",
      "t" : 1756408332174,
      "tn" : 1756408332174015550,
      "q" : "19.5",
      "p" : "0.25219",
      "s" : "sell",
      "i" : "1INCH_USDT",
      "m" : "4611686018430756791"
    }, {
      "d" : "1756405691093851389",
      "t" : 1756405691093,
      "tn" : 1756405691093851389,
      "q" : "47.0",
      "p" : "0.25211",
      "s" : "buy",
      "i" : "1INCH_USDT",
      "m" : "4611686018430756790"
    }, {
      "d" : "1756403907379415304",
      "t" : 1756403907379,
      "tn" : 1756403907379415304,
      "q" : "397.0",
      "p" : "0.25149",
      "s" : "sell",
      "i" : "1INCH_USDT",
      "m" : "4611686018430756789"
    }, {
      "d" : "1756401523425378665",
      "t" : 1756401523425,
      "tn" : 1756401523425378665,
      "q" : "6.1",
      "p" : "0.25069",
      "s" : "buy",
      "i" : "1INCH_USDT",
      "m" : "4611686018430756788"
    }, {
      "d" : "1756400691338221736",
      "t" : 1756400691338,
      "tn" : 1756400691338221736,
      "q" : "838.9",
      "p" : "0.24977",
      "s" : "sell",
      "i" : "1INCH_USDT",
      "m" : "4611686018430756787"
    }, {
      "d" : "1756400691338219760",
      "t" : 1756400691338,
      "tn" : 1756400691338219760,
      "q" : "400.3",
      "p" : "0.24978",
      "s" : "sell",
      "i" : "1INCH_USDT",
      "m" : "4611686018430756786"
    }, {
      "d" : "1756400359434816574",
      "t" : 1756400359434,
      "tn" : 1756400359434816574,
      "q" : "114.5",
      "p" : "0.24931",
      "s" : "sell",
      "i" : "1INCH_USDT",
      "m" : "4611686018430756785"
    }, {
      "d" : "1756400359434814341",
      "t" : 1756400359434,
      "tn" : 1756400359434814340,
      "q" : "401.0",
      "p" : "0.24934",
      "s" : "sell",
      "i" : "1INCH_USDT",
      "m" : "4611686018430756784"
    }, {
      "d" : "1756400359434814340",
      "t" : 1756400359434,
      "tn" : 1756400359434814340,
      "q" : "47.1",
      "p" : "0.24934",
      "s" : "sell",
      "i" : "1INCH_USDT",
      "m" : "4611686018430756784"
    }, {
      "d" : "1756400359434810027",
      "t" : 1756400359434,
      "tn" : 1756400359434810027,
      "q" : "36.2",
      "p" : "0.24973",
      "s" : "sell",
      "i" : "1INCH_USDT",
      "m" : "4611686018430756783"
    }, {
      "d" : "1756400016866692517",
      "t" : 1756400016866,
      "tn" : 1756400016866692517,
      "q" : "827.1",
      "p" : "0.25161",
      "s" : "sell",
      "i" : "1INCH_USDT",
      "m" : "4611686018430756782"
    }, {
      "d" : "1756396170142333716",
      "t" : 1756396170142,
      "tn" : 1756396170142333716,
      "q" : "46.6",
      "p" : "0.25211",
      "s" : "sell",
      "i" : "1INCH_USDT",
      "m" : "4611686018430756781"
    }, {
      "d" : "1756394914674691006",
      "t" : 1756394914674,
      "tn" : 1756394914674691006,
      "q" : "19.6",
      "p" : "0.25343",
      "s" : "buy",
      "i" : "1INCH_USDT",
      "m" : "4611686018430756780"
    }, {
      "d" : "1756393374008155420",
      "t" : 1756393374008,
      "tn" : 1756393374008155420,
      "q" : "69.3",
      "p" : "0.25490",
      "s" : "buy",
      "i" : "1INCH_USDT",
      "m" : "4611686018430756779"
    }, {
      "d" : "1756393374008153741",
      "t" : 1756393374008,
      "tn" : 1756393374008153741,
      "q" : "46.5",
      "p" : "0.25487",
      "s" : "buy",
      "i" : "1INCH_USDT",
      "m" : "4611686018430756778"
    }, {
      "d" : "1756393374008150625",
      "t" : 1756393374008,
      "tn" : 1756393374008150625,
      "q" : "472.3",
      "p" : "0.25481",
      "s" : "buy",
      "i" : "1INCH_USDT",
      "m" : "4611686018430756777"
    }, {
      "d" : "1756392115033391942",
      "t" : 1756392115033,
      "tn" : 1756392115033391942,
      "q" : "823.2",
      "p" : "0.25335",
      "s" : "sell",
      "i" : "1INCH_USDT",
      "m" : "4611686018430756776"
    }, {
      "d" : "1756391848442189625",
      "t" : 1756391848442,
      "tn" : 1756391848442189625,
      "q" : "431.1",
      "p" : "0.25234",
      "s" : "sell",
      "i" : "1INCH_USDT",
      "m" : "4611686018430756775"
    }, {
      "d" : "1756391848442187472",
      "t" : 1756391848442,
      "tn" : 1756391848442187472,
      "q" : "396.2",
      "p" : "0.25237",
      "s" : "sell",
      "i" : "1INCH_USDT",
      "m" : "4611686018430756774"
    }, {
      "d" : "1756391777399997833",
      "t" : 1756391777399,
      "tn" : 1756391777399997833,
      "q" : "76.1",
      "p" : "0.25204",
      "s" : "sell",
      "i" : "1INCH_USDT",
      "m" : "4611686018430756773"
    }, {
      "d" : "1756390611420059692",
      "t" : 1756390611420,
      "tn" : 1756390611420059692,
      "q" : "36.1",
      "p" : "0.25323",
      "s" : "buy",
      "i" : "1INCH_USDT",
      "m" : "4611686018430756772"
    }, {
      "d" : "1756390044295367667",
      "t" : 1756390044295,
      "tn" : 1756390044295367667,
      "q" : "466.4",
      "p" : "0.25261",
      "s" : "buy",
      "i" : "1INCH_USDT",
      "m" : "4611686018430756771"
    }, {
      "d" : "1756390044295364571",
      "t" : 1756390044295,
      "tn" : 1756390044295364571,
      "q" : "165.7",
      "p" : "0.25260",
      "s" : "buy",
      "i" : "1INCH_USDT",
      "m" : "4611686018430756770"
    }, {
      "d" : "1756389875624476850",
      "t" : 1756389875624,
      "tn" : 1756389875624476850,
      "q" : "826.5",
      "p" : "0.25139",
      "s" : "sell",
      "i" : "1INCH_USDT",
      "m" : "4611686018430756769"
    }, {
      "d" : "1756389548447789636",
      "t" : 1756389548447,
      "tn" : 1756389548447789636,
      "q" : "256.5",
      "p" : "0.25087",
      "s" : "buy",
      "i" : "1INCH_USDT",
      "m" : "4611686018430756768"
    }, {
      "d" : "1756388164771536418",
      "t" : 1756388164771,
      "tn" : 1756388164771536418,
      "q" : "515.3",
      "p" : "0.25090",
      "s" : "buy",
      "i" : "1INCH_USDT",
      "m" : "4611686018430756767"
    }, {
      "d" : "1756388164771534008",
      "t" : 1756388164771,
      "tn" : 1756388164771534008,
      "q" : "82.8",
      "p" : "0.25087",
      "s" : "buy",
      "i" : "1INCH_USDT",
      "m" : "4611686018430756766"
    }, {
      "d" : "1756386371327096215",
      "t" : 1756386371327,
      "tn" : 1756386371327096215,
      "q" : "4.2",
      "p" : "0.25013",
      "s" : "sell",
      "i" : "1INCH_USDT",
      "m" : "4611686018430756765"
    }, {
      "d" : "1756384396506403157",
      "t" : 1756384396506,
      "tn" : 1756384396506403157,
      "q" : "598.1",
      "p" : "0.25059",
      "s" : "buy",
      "i" : "1INCH_USDT",
      "m" : "4611686018430756764"
    }, {
      "d" : "1756384293278166087",
      "t" : 1756384293278,
      "tn" : 1756384293278166087,
      "q" : "598.1",
      "p" : "0.25052",
      "s" : "buy",
      "i" : "1INCH_USDT",
      "m" : "4611686018430756763"
    }, {
      "d" : "1756384290358136006",
      "t" : 1756384290358,
      "tn" : 1756384290358136006,
      "q" : "600.1",
      "p" : "0.25050",
      "s" : "buy",
      "i" : "1INCH_USDT",
      "m" : "4611686018430756762"
    }, {
      "d" : "1756381683817347090",
      "t" : 1756381683817,
      "tn" : 1756381683817347090,
      "q" : "500.0",
      "p" : "0.25031",
      "s" : "buy",
      "i" : "1INCH_USDT",
      "m" : "4611686018430756761"
    }, {
      "d" : "1756381683816766512",
      "t" : 1756381683816,
      "tn" : 1756381683816766512,
      "q" : "207.9",
      "p" : "0.25013",
      "s" : "buy",
      "i" : "1INCH_USDT",
      "m" : "4611686018430756760"
    }, {
      "d" : "1756375427634414740",
      "t" : 1756375427634,
      "tn" : 1756375427634414740,
      "q" : "19.8",
      "p" : "0.24945",
      "s" : "sell",
      "i" : "1INCH_USDT",
      "m" : "4611686018430756759"
    }, {
      "d" : "1756375423020867369",
      "t" : 1756375423020,
      "tn" : 1756375423020867369,
      "q" : "36.2",
      "p" : "0.24973",
      "s" : "sell",
      "i" : "1INCH_USDT",
      "m" : "4611686018430756758"
    }, {
      "d" : "1756373793047760765",
      "t" : 1756373793047,
      "tn" : 1756373793047760765,
      "q" : "4.7",
      "p" : "0.25033",
      "s" : "sell",
      "i" : "1INCH_USDT",
      "m" : "4611686018430756757"
    }, {
      "d" : "1756373789360925349",
      "t" : 1756373789360,
      "tn" : 1756373789360925349,
      "q" : "4.7",
      "p" : "0.25081",
      "s" : "buy",
      "i" : "1INCH_USDT",
      "m" : "4611686018430756756"
    } ]
  }
}