{
  "id" : -1,
  "method" : "public/get-trades",
  "code" : 0,
  "result" : {
    "data" : [ {
      "d" : "1756459353434287520",
      "t" : 1756459353434,
      "tn" : 1756459353434287520,
      "q" : "10000",
      "p" : "0.0053772",
      "s" : "sell",
      "i" : "A2Z_USD",
      "m" : "4611686018427416217"
    }, {
      "d" : "1756459173092141720",
      "t" : 1756459173092,
      "tn" : 1756459173092141720,
      "q" : "190",
      "p" : "0.0054480",
      "s" : "buy",
      "i" : "A2Z_USD",
      "m" : "4611686018427416216"
    }, {
      "d" : "1756459136041954265",
      "t" : 1756459136041,
      "tn" : 1756459136041954265,
      "q" : "500",
      "p" : "0.0054351",
      "s" : "buy",
      "i" : "A2Z_USD",
      "m" : "4611686018427416215"
    }, {
      "d" : "1756459123333164759",
      "t" : 1756459123333,
      "tn" : 1756459123333164759,
      "q" : "500",
      "p" : "0.0054538",
      "s" : "buy",
      "i" : "A2Z_USD",
      "m" : "4611686018427416214"
    }, {
      "d" : "1756459096127614297",
      "t" : 1756459096127,
      "tn" : 1756459096127614297,
      "q" : "6290",
      "p" : "0.0054343",
      "s" : "buy",
      "i" : "A2Z_USD",
      "m" : "4611686018427416213"
    }, {
      "d" : "1756459096127612406",
      "t" : 1756459096127,
      "tn" : 1756459096127612406,
      "q" : "10710",
      "p" : "0.0054342",
      "s" : "buy",
      "i" : "A2Z_USD",
      "m" : "4611686018427416212"
    }, {
      "d" : "1756458157340065001",
      "t" : 1756458157340,
      "tn" : 1756458157340065001,
      "q" : "1150",
      "p" : "0.0054022",
      "s" : "sell",
      "i" : "A2Z_USD",
      "m" : "4611686018427416211"
    }, {
      "d" : "1756457718516408764",
      "t" : 1756457718516,
      "tn" : 1756457718516408764,
      "q" : "4480",
      "p" : "0.0054070",
      "s" : "sell",
      "i" : "A2Z_USD",
      "m" : "4611686018427416210"
    }, {
      "d" : "1756456849399137010",
      "t" : 1756456849399,
      "tn" : 1756456849399137010,
      "q" : "2860",
      "p" : "0.0054319",
      "s" : "sell",
      "i" : "A2Z_USD",
      "m" : "4611686018427416209"
    }, {
      "d" : "1756456747106681856",
      "t" : 1756456747106,
      "tn" : 1756456747106681856,
      "q" : "2060",
      "p" : "0.0055197",
      "s" : "buy",
      "i" : "A2Z_USD",
      "m" : "4611686018427416208"
    }, {
      "d" : "1756456045444401260",
      "t" : 1756456045444,
      "tn" : 1756456045444401260,
      "q" : "5090",
      "p" : "0.0055367",
      "s" : "buy",
      "i" : "A2Z_USD",
      "m" : "4611686018427416207"
    }, {
      "d" : "1756455654580456199",
      "t" : 1756455654580,
      "tn" : 1756455654580456199,
      "q" : "7450",
      "p" : "0.0054832",
      "s" : "sell",
      "i" : "A2Z_USD",
      "m" : "4611686018427416206"
    }, {
      "d" : "1756454613690100503",
      "t" : 1756454613690,
      "tn" : 1756454613690100503,
      "q" : "900",
      "p" : "0.0056285",
      "s" : "buy",
      "i" : "A2Z_USD",
      "m" : "4611686018427416205"
    }, {
      "d" : "1756454613690098485",
      "t" : 1756454613690,
      "tn" : 1756454613690098485,
      "q" : "10710",
      "p" : "0.0056284",
      "s" : "buy",
      "i" : "A2Z_USD",
      "m" : "4611686018427416204"
    }, {
      "d" : "1756453923089592665",
      "t" : 1756453923089,
      "tn" : 1756453923089592665,
      "q" : "6740",
      "p" : "0.0055100",
      "s" : "sell",
      "i" : "A2Z_USD",
      "m" : "4611686018427416203"
    }, {
      "d" : "1756453845959520175",
      "t" : 1756453845959,
      "tn" : 1756453845959520175,
      "q" : "4510",
      "p" : "0.0055991",
      "s" : "buy",
      "i" : "A2Z_USD",
      "m" : "4611686018427416202"
    }, {
      "d" : "1756452926873279329",
      "t" : 1756452926873,
      "tn" : 1756452926873279329,
      "q" : "10130",
      "p" : "0.0055510",
      "s" : "buy",
      "i" : "A2Z_USD",
      "m" : "4611686018427416201"
    }, {
      "d" : "1756452799927101142",
      "t" : 1756452799927,
      "tn" : 1756452799927101142,
      "q" : "20140",
      "p" : "0.0055370",
      "s" : "buy",
      "i" : "A2Z_USD",
      "m" : "4611686018427416200"
    }, {
      "d" : "1756452537751960910",
      "t" : 1756452537751,
      "tn" : 1756452537751960910,
      "q" : "3760",
      "p" : "0.0055458",
      "s" : "sell",
      "i" : "A2Z_USD",
      "m" : "4611686018427416199"
    }, {
      "d" : "1756452537745097765",
      "t" : 1756452537745,
      "tn" : 1756452537745097765,
      "q" : "80",
      "p" : "0.0055458",
      "s" : "buy",
      "i" : "A2Z_USD",
      "m" : "4611686018427416198"
    }, {
      "d" : "1756451484424373644",
      "t" : 1756451484424,
      "tn" : 1756451484424373644,
      "q" : "13950",
      "p" : "0.0055457",
      "s" : "buy",
      "i" : "A2Z_USD",
      "m" : "4611686018427416197"
    }, {
      "d" : "1756451480540610902",
      "t" : 1756451480540,
      "tn" : 1756451480540610902,
      "q" : "1070",
      "p" : "0.0055458",
      "s" : "buy",
      "i" : "A2Z_USD",
      "m" : "4611686018427416196"
    }, {
      "d" : "1756451480531269695",
      "t" : 1756451480531,
      "tn" : 1756451480531269695,
      "q" : "1070",
      "p" : "0.0055100",
      "s" : "buy",
      "i" : "A2Z_USD",
      "m" : "4611686018427416195"
    }, {
      "d" : "1756451480503099475",
      "t" : 1756451480503,
      "tn" : 1756451480503099475,
      "q" : "7100",
      "p" : "0.0055100",
      "s" : "buy",
      "i" : "A2Z_USD",
      "m" : "4611686018427416194"
    }, {
      "d" : "1756451480431517798",
      "t" : 1756451480431,
      "tn" : 1756451480431517798,
      "q" : "16380",
      "p" : "0.0054950",
      "s" : "buy",
      "i" : "A2Z_USD",
      "m" : "4611686018427416193"
    }, {
      "d" : "1756451480419612108",
      "t" : 1756451480419,
      "tn" : 1756451480419612108,
      "q" : "7170",
      "p" : "0.0054950",
      "s" : "buy",
      "i" : "A2Z_USD",
      "m" : "4611686018427416192"
    }, {
      "d" : "1756451480392403386",
      "t" : 1756451480392,
      "tn" : 1756451480392403386,
      "q" : "16380",
      "p" : "0.0054950",
      "s" : "buy",
      "i" : "A2Z_USD",
      "m" : "4611686018427416191"
    }, {
      "d" : "1756451480390735238",
      "t" : 1756451480390,
      "tn" : 1756451480390735238,
      "q" : "12000",
      "p" : "0.0054950",
      "s" : "buy",
      "i" : "A2Z_USD",
      "m" : "4611686018427416190"
    }, {
      "d" : "1756451480389126138",
      "t" : 1756451480389,
      "tn" : 1756451480389126138,
      "q" : "12000",
      "p" : "0.0054950",
      "s" : "buy",
      "i" : "A2Z_USD",
      "m" : "4611686018427416189"
    }, {
      "d" : "1756451480382718496",
      "t" : 1756451480382,
      "tn" : 1756451480382718496,
      "q" : "930",
      "p" : "0.0054950",
      "s" : "buy",
      "i" : "A2Z_USD",
      "m" : "4611686018427416188"
    }, {
      "d" : "1756451480380132372",
      "t" : 1756451480380,
      "tn" : 1756451480380132372,
      "q" : "1240",
      "p" : "0.0054950",
      "s" : "buy",
      "i" : "A2Z_USD",
      "m" : "4611686018427416187"
    }, {
      "d" : "1756451480378307580",
      "t" : 1756451480378,
      "tn" : 1756451480378307580,
      "q" : "16380",
      "p" : "0.0054950",
      "s" : "buy",
      "i" : "A2Z_USD",
      "m" : "4611686018427416186"
    }, {
      "d" : "1756451480377672829",
      "t" : 1756451480377,
      "tn" : 1756451480377672829,
      "q" : "1370",
      "p" : "0.0054950",
      "s" : "buy",
      "i" : "A2Z_USD",
      "m" : "4611686018427416185"
    }, {
      "d" : "1756451480377670801",
      "t" : 1756451480377,
      "tn" : 1756451480377670801,
      "q" : "5040",
      "p" : "0.0054949",
      "s" : "buy",
      "i" : "A2Z_USD",
      "m" : "4611686018427416184"
    }, {
      "d" : "1756451344702195647",
      "t" : 1756451344702,
      "tn" : 1756451344702195647,
      "q" : "3180",
      "p" : "0.0054470",
      "s" : "buy",
      "i" : "A2Z_USD",
      "m" : "4611686018427416183"
    }, {
      "d" : "1756451181041006255",
      "t" : 1756451181041,
      "tn" : 1756451181041006255,
      "q" : "1180",
      "p" : "0.0054022",
      "s" : "buy",
      "i" : "A2Z_USD",
      "m" : "4611686018427416182"
    }, {
      "d" : "1756450449891260455",
      "t" : 1756450449891,
      "tn" : 1756450449891260455,
      "q" : "5040",
      "p" : "0.0053175",
      "s" : "sell",
      "i" : "A2Z_USD",
      "m" : "4611686018427416181"
    }, {
      "d" : "1756450449835176018",
      "t" : 1756450449835,
      "tn" : 1756450449835176018,
      "q" : "740",
      "p" : "0.0053174",
      "s" : "sell",
      "i" : "A2Z_USD",
      "m" : "4611686018427416180"
    }, {
      "d" : "1756449743524275465",
      "t" : 1756449743524,
      "tn" : 1756449743524275465,
      "q" : "4260",
      "p" : "0.0053099",
      "s" : "buy",
      "i" : "A2Z_USD",
      "m" : "4611686018427416179"
    }, {
      "d" : "1756449743488059725",
      "t" : 1756449743488,
      "tn" : 1756449743488059725,
      "q" : "4820",
      "p" : "0.0053099",
      "s" : "buy",
      "i" : "A2Z_USD",
      "m" : "4611686018427416178"
    }, {
      "d" : "1756449743379288996",
      "t" : 1756449743379,
      "tn" : 1756449743379288996,
      "q" : "16950",
      "p" : "0.0053099",
      "s" : "buy",
      "i" : "A2Z_USD",
      "m" : "4611686018427416177"
    }, {
      "d" : "1756449743378284631",
      "t" : 1756449743378,
      "tn" : 1756449743378284631,
      "q" : "640",
      "p" : "0.0053099",
      "s" : "buy",
      "i" : "A2Z_USD",
      "m" : "4611686018427416176"
    }, {
      "d" : "1756449743373156141",
      "t" : 1756449743373,
      "tn" : 1756449743373156141,
      "q" : "5010",
      "p" : "0.0053101",
      "s" : "buy",
      "i" : "A2Z_USD",
      "m" : "4611686018427416175"
    }, {
      "d" : "1756449743373154497",
      "t" : 1756449743373,
      "tn" : 1756449743373154497,
      "q" : "20740",
      "p" : "0.0053100",
      "s" : "buy",
      "i" : "A2Z_USD",
      "m" : "4611686018427416174"
    }, {
      "d" : "1756449743371977931",
      "t" : 1756449743371,
      "tn" : 1756449743371977931,
      "q" : "7300",
      "p" : "0.0053100",
      "s" : "buy",
      "i" : "A2Z_USD",
      "m" : "4611686018427416173"
    }, {
      "d" : "1756449743365779497",
      "t" : 1756449743365,
      "tn" : 1756449743365779497,
      "q" : "1620",
      "p" : "0.0053100",
      "s" : "buy",
      "i" : "A2Z_USD",
      "m" : "4611686018427416172"
    }, {
      "d" : "1756449660091153915",
      "t" : 1756449660091,
      "tn" : 1756449660091153915,
      "q" : "650",
      "p" : "0.0052101",
      "s" : "sell",
      "i" : "A2Z_USD",
      "m" : "4611686018427416171"
    }, {
      "d" : "1756449633718041034",
      "t" : 1756449633718,
      "tn" : 1756449633718041034,
      "q" : "910",
      "p" : "0.0052120",
      "s" : "sell",
      "i" : "A2Z_USD",
      "m" : "4611686018427416170"
    }, {
      "d" : "1756449626537863556",
      "t" : 1756449626537,
      "tn" : 1756449626537863556,
      "q" : "1180",
      "p" : "0.0052588",
      "s" : "sell",
      "i" : "A2Z_USD",
      "m" : "4611686018427416169"
    }, {
      "d" : "1756449589176398325",
      "t" : 1756449589176,
      "tn" : 1756449589176398325,
      "q" : "1150",
      "p" : "0.0054022",
      "s" : "sell",
      "i" : "A2Z_USD",
      "m" : "4611686018427416168"
    }, {
      "d" : "1756449589175800251",
      "t" : 1756449589175,
      "tn" : 1756449589175800251,
      "q" : "460",
      "p" : "0.0054289",
      "s" : "sell",
      "i" : "A2Z_USD",
      "m" : "4611686018427416167"
    }, {
      "d" : "1756449580775066103",
      "t" : 1756449580775,
      "tn" : 1756449580775066103,
      "q" : "4630",
      "p" : "0.0054290",
      "s" : "buy",
      "i" : "A2Z_USD",
      "m" : "4611686018427416166"
    }, {
      "d" : "1756448402230627277",
      "t" : 1756448402230,
      "tn" : 1756448402230627277,
      "q" : "2220",
      "p" : "0.0054289",
      "s" : "sell",
      "i" : "A2Z_USD",
      "m" : "4611686018427416165"
    }, {
      "d" : "1756448139562024388",
      "t" : 1756448139562,
      "tn" : 1756448139562024388,
      "q" : "2880",
      "p" : "0.0054289",
      "s" : "sell",
      "i" : "A2Z_USD",
      "m" : "4611686018427416164"
    }, {
      "d" : "1756448139554163276",
      "t" : 1756448139554,
      "tn" : 1756448139554163276,
      "q" : "2680",
      "p" : "0.0054289",
      "s" : "sell",
      "i" : "A2Z_USD",
      "m" : "4611686018427416163"
    }, {
      "d" : "1756448017650404778",
      "t" : 1756448017650,
      "tn" : 1756448017650404778,
      "q" : "3560",
      "p" : "0.0054986",
      "s" : "buy",
      "i" : "A2Z_USD",
      "m" : "4611686018427416162"
    }, {
      "d" : "1756447983865134047",
      "t" : 1756447983865,
      "tn" : 1756447983865134047,
      "q" : "21930",
      "p" : "0.0054301",
      "s" : "sell",
      "i" : "A2Z_USD",
      "m" : "4611686018427416161"
    }, {
      "d" : "1756446778425111222",
      "t" : 1756446778425,
      "tn" : 1756446778425111222,
      "q" : "3030",
      "p" : "0.0054924",
      "s" : "buy",
      "i" : "A2Z_USD",
      "m" : "4611686018427416160"
    }, {
      "d" : "1756445366298779352",
      "t" : 1756445366298,
      "tn" : 1756445366298779352,
      "q" : "2300",
      "p" : "0.0054301",
      "s" : "sell",
      "i" : "A2Z_USD",
      "m" : "4611686018427416159"
    }, {
      "d" : "1756445284670740962",
      "t" : 1756445284670,
      "tn" : 1756445284670740962,
      "q" : "12220",
      "p" : "0.0054352",
      "s" : "sell",
      "i" : "A2Z_USD",
      "m" : "4611686018427416158"
    }, {
      "d" : "1756443406119400444",
      "t" : 1756443406119,
      "tn" : 1756443406119400444,
      "q" : "11960",
      "p" : "0.0054783",
      "s" : "buy",
      "i" : "A2Z_USD",
      "m" : "4611686018427416157"
    }, {
      "d" : "1756442732370934299",
      "t" : 1756442732370,
      "tn" : 1756442732370934299,
      "q" : "22000",
      "p" : "0.0054373",
      "s" : "sell",
      "i" : "A2Z_USD",
      "m" : "4611686018427416156"
    }, {
      "d" : "1756441231985877479",
      "t" : 1756441231985,
      "tn" : 1756441231985877479,
      "q" : "2330",
      "p" : "0.0055111",
      "s" : "buy",
      "i" : "A2Z_USD",
      "m" : "4611686018427416155"
    }, {
      "d" : "1756441100036742378",
      "t" : 1756441100036,
      "tn" : 1756441100036742378,
      "q" : "7190",
      "p" : "0.0054637",
      "s" : "sell",
      "i" : "A2Z_USD",
      "m" : "4611686018427416154"
    }, {
      "d" : "1756441098870415204",
      "t" : 1756441098870,
      "tn" : 1756441098870415204,
      "q" : "17450",
      "p" : "0.0055149",
      "s" : "buy",
      "i" : "A2Z_USD",
      "m" : "4611686018427416153"
    }, {
      "d" : "1756441093528014480",
      "t" : 1756441093528,
      "tn" : 1756441093528014480,
      "q" : "2630",
      "p" : "0.0054816",
      "s" : "sell",
      "i" : "A2Z_USD",
      "m" : "4611686018427416152"
    }, {
      "d" : "1756441093528008910",
      "t" : 1756441093528,
      "tn" : 1756441093528008910,
      "q" : "4220",
      "p" : "0.0054816",
      "s" : "sell",
      "i" : "A2Z_USD",
      "m" : "4611686018427416151"
    }, {
      "d" : "1756441077310312939",
      "t" : 1756441077310,
      "tn" : 1756441077310312939,
      "q" : "2240",
      "p" : "0.0055169",
      "s" : "buy",
      "i" : "A2Z_USD",
      "m" : "4611686018427416150"
    }, {
      "d" : "1756440246394224709",
      "t" : 1756440246394,
      "tn" : 1756440246394224709,
      "q" : "2280",
      "p" : "0.0055871",
      "s" : "buy",
      "i" : "A2Z_USD",
      "m" : "4611686018427416149"
    }, {
      "d" : "1756440030076725984",
      "t" : 1756440030076,
      "tn" : 1756440030076725984,
      "q" : "7120",
      "p" : "0.0055212",
      "s" : "sell",
      "i" : "A2Z_USD",
      "m" : "4611686018427416148"
    }, {
      "d" : "1756440029032695840",
      "t" : 1756440029032,
      "tn" : 1756440029032695840,
      "q" : "3890",
      "p" : "0.0055214",
      "s" : "sell",
      "i" : "A2Z_USD",
      "m" : "4611686018427416147"
    }, {
      "d" : "1756440029031797958",
      "t" : 1756440029031,
      "tn" : 1756440029031797958,
      "q" : "2480",
      "p" : "0.0055214",
      "s" : "sell",
      "i" : "A2Z_USD",
      "m" : "4611686018427416146"
    }, {
      "d" : "1756440029029838359",
      "t" : 1756440029029,
      "tn" : 1756440029029838359,
      "q" : "1000",
      "p" : "0.0055214",
      "s" : "sell",
      "i" : "A2Z_USD",
      "m" : "4611686018427416145"
    }, {
      "d" : "1756439537929596143",
      "t" : 1756439537929,
      "tn" : 1756439537929596143,
      "q" : "2590",
      "p" : "0.0056555",
      "s" : "buy",
      "i" : "A2Z_USD",
      "m" : "4611686018427416144"
    }, {
      "d" : "1756437966296593026",
      "t" : 1756437966296,
      "tn" : 1756437966296593026,
      "q" : "3920",
      "p" : "0.0055573",
      "s" : "sell",
      "i" : "A2Z_USD",
      "m" : "4611686018427416143"
    }, {
      "d" : "1756437644212459840",
      "t" : 1756437644212,
      "tn" : 1756437644212459840,
      "q" : "2540",
      "p" : "0.0055393",
      "s" : "sell",
      "i" : "A2Z_USD",
      "m" : "4611686018427416142"
    }, {
      "d" : "1756436915886622294",
      "t" : 1756436915886,
      "tn" : 1756436915886622294,
      "q" : "12070",
      "p" : "0.0055746",
      "s" : "sell",
      "i" : "A2Z_USD",
      "m" : "4611686018427416141"
    }, {
      "d" : "1756436157825863968",
      "t" : 1756436157825,
      "tn" : 1756436157825863968,
      "q" : "5630",
      "p" : "0.0055938",
      "s" : "buy",
      "i" : "A2Z_USD",
      "m" : "4611686018427416140"
    }, {
      "d" : "1756436157825862434",
      "t" : 1756436157825,
      "tn" : 1756436157825862434,
      "q" : "10460",
      "p" : "0.0055937",
      "s" : "buy",
      "i" : "A2Z_USD",
      "m" : "4611686018427416139"
    }, {
      "d" : "1756436157811265981",
      "t" : 1756436157811,
      "tn" : 1756436157811265981,
      "q" : "16090",
      "p" : "0.0055938",
      "s" : "buy",
      "i" : "A2Z_USD",
      "m" : "4611686018427416138"
    }, {
      "d" : "1756436157795752278",
      "t" : 1756436157795,
      "tn" : 1756436157795752278,
      "q" : "12360",
      "p" : "0.0055938",
      "s" : "buy",
      "i" : "A2Z_USD",
      "m" : "4611686018427416137"
    }, {
      "d" : "1756436157775777188",
      "t" : 1756436157775,
      "tn" : 1756436157775777188,
      "q" : "16090",
      "p" : "0.0055939",
      "s" : "buy",
      "i" : "A2Z_USD",
      "m" : "4611686018427416136"
    }, {
      "d" : "1756436157757325487",
      "t" : 1756436157757,
      "tn" : 1756436157757325487,
      "q" : "16090",
      "p" : "0.0055939",
      "s" : "buy",
      "i" : "A2Z_USD",
      "m" : "4611686018427416135"
    }, {
      "d" : "1756436157741216207",
      "t" : 1756436157741,
      "tn" : 1756436157741216207,
      "q" : "10590",
      "p" : "0.0055939",
      "s" : "buy",
      "i" : "A2Z_USD",
      "m" : "4611686018427416134"
    }, {
      "d" : "1756436157725683819",
      "t" : 1756436157725,
      "tn" : 1756436157725683819,
      "q" : "16090",
      "p" : "0.0055939",
      "s" : "buy",
      "i" : "A2Z_USD",
      "m" : "4611686018427416133"
    }, {
      "d" : "1756436157692299128",
      "t" : 1756436157692,
      "tn" : 1756436157692299128,
      "q" : "16090",
      "p" : "0.0055940",
      "s" : "buy",
      "i" : "A2Z_USD",
      "m" : "4611686018427416132"
    }, {
      "d" : "1756435978888993473",
      "t" : 1756435978888,
      "tn" : 1756435978888993473,
      "q" : "3340",
      "p" : "0.0055242",
      "s" : "sell",
      "i" : "A2Z_USD",
      "m" : "4611686018427416131"
    }, {
      "d" : "1756434817947432153",
      "t" : 1756434817947,
      "tn" : 1756434817947432153,
      "q" : "1660",
      "p" : "0.0055218",
      "s" : "buy",
      "i" : "A2Z_USD",
      "m" : "4611686018427416130"
    }, {
      "d" : "1756434817941345202",
      "t" : 1756434817941,
      "tn" : 1756434817941345202,
      "q" : "11960",
      "p" : "0.0055218",
      "s" : "buy",
      "i" : "A2Z_USD",
      "m" : "4611686018427416129"
    }, {
      "d" : "1756434817936436068",
      "t" : 1756434817936,
      "tn" : 1756434817936436068,
      "q" : "16300",
      "p" : "0.0055218",
      "s" : "buy",
      "i" : "A2Z_USD",
      "m" : "4611686018427416128"
    }, {
      "d" : "1756434817923644792",
      "t" : 1756434817923,
      "tn" : 1756434817923644792,
      "q" : "19330",
      "p" : "0.0055219",
      "s" : "sell",
      "i" : "A2Z_USD",
      "m" : "4611686018427416127"
    }, {
      "d" : "1756434817923643230",
      "t" : 1756434817923,
      "tn" : 1756434817923643230,
      "q" : "57090",
      "p" : "0.0055220",
      "s" : "sell",
      "i" : "A2Z_USD",
      "m" : "4611686018427416126"
    }, {
      "d" : "1756434814887759549",
      "t" : 1756434814887,
      "tn" : 1756434814887759549,
      "q" : "5980",
      "p" : "0.0055258",
      "s" : "buy",
      "i" : "A2Z_USD",
      "m" : "4611686018427416125"
    }, {
      "d" : "1756434814887572165",
      "t" : 1756434814887,
      "tn" : 1756434814887572165,
      "q" : "4100",
      "p" : "0.0055258",
      "s" : "buy",
      "i" : "A2Z_USD",
      "m" : "4611686018427416124"
    }, {
      "d" : "1756434814885049023",
      "t" : 1756434814885,
      "tn" : 1756434814885049023,
      "q" : "28000",
      "p" : "0.0055258",
      "s" : "buy",
      "i" : "A2Z_USD",
      "m" : "4611686018427416123"
    }, {
      "d" : "1756434814882688221",
      "t" : 1756434814882,
      "tn" : 1756434814882688221,
      "q" : "12130",
      "p" : "0.0055258",
      "s" : "buy",
      "i" : "A2Z_USD",
      "m" : "4611686018427416122"
    }, {
      "d" : "1756434814881768285",
      "t" : 1756434814881,
      "tn" : 1756434814881768285,
      "q" : "16290",
      "p" : "0.0055258",
      "s" : "buy",
      "i" : "A2Z_USD",
      "m" : "4611686018427416121"
    }, {
      "d" : "1756434814876550157",
      "t" : 1756434814876,
      "tn" : 1756434814876550157,
      "q" : "4980",
      "p" : "0.0055258",
      "s" : "buy",
      "i" : "A2Z_USD",
      "m" : "4611686018427416120"
    }, {
      "d" : "1756434814871293817",
      "t" : 1756434814871,
      "tn" : 1756434814871293817,
      "q" : "38660",
      "p" : "0.0055259",
      "s" : "sell",
      "i" : "A2Z_USD",
      "m" : "4611686018427416119"
    }, {
      "d" : "1756434814871291925",
      "t" : 1756434814871,
      "tn" : 1756434814871291925,
      "q" : "64230",
      "p" : "0.0055260",
      "s" : "sell",
      "i" : "A2Z_USD",
      "m" : "4611686018427416118"
    }, {
      "d" : "1756434809109738205",
      "t" : 1756434809109,
      "tn" : 1756434809109738205,
      "q" : "1120",
      "p" : "0.0055458",
      "s" : "sell",
      "i" : "A2Z_USD",
      "m" : "4611686018427416117"
    }, {
      "d" : "1756434803718387705",
      "t" : 1756434803718,
      "tn" : 1756434803718387705,
      "q" : "14430",
      "p" : "0.0055459",
      "s" : "buy",
      "i" : "A2Z_USD",
      "m" : "4611686018427416116"
    }, {
      "d" : "1756434803700588707",
      "t" : 1756434803700,
      "tn" : 1756434803700588707,
      "q" : "16230",
      "p" : "0.0055459",
      "s" : "buy",
      "i" : "A2Z_USD",
      "m" : "4611686018427416115"
    }, {
      "d" : "1756434803637379465",
      "t" : 1756434803637,
      "tn" : 1756434803637379465,
      "q" : "16230",
      "p" : "0.0055459",
      "s" : "buy",
      "i" : "A2Z_USD",
      "m" : "4611686018427416114"
    }, {
      "d" : "1756434803620547517",
      "t" : 1756434803620,
      "tn" : 1756434803620547517,
      "q" : "16230",
      "p" : "0.0055459",
      "s" : "buy",
      "i" : "A2Z_USD",
      "m" : "4611686018427416113"
    }, {
      "d" : "1756434803600262042",
      "t" : 1756434803600,
      "tn" : 1756434803600262042,
      "q" : "16230",
      "p" : "0.0055459",
      "s" : "buy",
      "i" : "A2Z_USD",
      "m" : "4611686018427416112"
    }, {
      "d" : "1756434803580391761",
      "t" : 1756434803580,
      "tn" : 1756434803580391761,
      "q" : "16230",
      "p" : "0.0055459",
      "s" : "buy",
      "i" : "A2Z_USD",
      "m" : "4611686018427416111"
    }, {
      "d" : "1756434803530516398",
      "t" : 1756434803530,
      "tn" : 1756434803530516398,
      "q" : "16230",
      "p" : "0.0055459",
      "s" : "buy",
      "i" : "A2Z_USD",
      "m" : "4611686018427416110"
    }, {
      "d" : "1756434803525797061",
      "t" : 1756434803525,
      "tn" : 1756434803525797061,
      "q" : "37880",
      "p" : "0.0055459",
      "s" : "buy",
      "i" : "A2Z_USD",
      "m" : "4611686018427416109"
    }, {
      "d" : "1756434803520742490",
      "t" : 1756434803520,
      "tn" : 1756434803520742490,
      "q" : "24160",
      "p" : "0.0055459",
      "s" : "sell",
      "i" : "A2Z_USD",
      "m" : "4611686018427416108"
    }, {
      "d" : "1756434072252681668",
      "t" : 1756434072252,
      "tn" : 1756434072252681668,
      "q" : "2590",
      "p" : "0.0056424",
      "s" : "buy",
      "i" : "A2Z_USD",
      "m" : "4611686018427416107"
    }, {
      "d" : "1756432846018700338",
      "t" : 1756432846018,
      "tn" : 1756432846018700338,
      "q" : "9410",
      "p" : "0.0056362",
      "s" : "buy",
      "i" : "A2Z_USD",
      "m" : "4611686018427416106"
    }, {
      "d" : "1756432415883632031",
      "t" : 1756432415883,
      "tn" : 1756432415883632031,
      "q" : "2260",
      "p" : "0.0055479",
      "s" : "sell",
      "i" : "A2Z_USD",
      "m" : "4611686018427416105"
    }, {
      "d" : "1756432213595065140",
      "t" : 1756432213595,
      "tn" : 1756432213595065140,
      "q" : "37550",
      "p" : "0.0055528",
      "s" : "sell",
      "i" : "A2Z_USD",
      "m" : "4611686018427416104"
    }, {
      "d" : "1756431729303555131",
      "t" : 1756431729303,
      "tn" : 1756431729303555131,
      "q" : "8540",
      "p" : "0.0056789",
      "s" : "buy",
      "i" : "A2Z_USD",
      "m" : "4611686018427416103"
    }, {
      "d" : "1756431526501438624",
      "t" : 1756431526501,
      "tn" : 1756431526501438624,
      "q" : "45650",
      "p" : "0.0057202",
      "s" : "buy",
      "i" : "A2Z_USD",
      "m" : "4611686018427416102"
    }, {
      "d" : "1756431526501436691",
      "t" : 1756431526501,
      "tn" : 1756431526501436691,
      "q" : "42200",
      "p" : "0.0057201",
      "s" : "buy",
      "i" : "A2Z_USD",
      "m" : "4611686018427416101"
    }, {
      "d" : "1756431497987401364",
      "t" : 1756431497987,
      "tn" : 1756431497987401364,
      "q" : "3580",
      "p" : "0.0057502",
      "s" : "buy",
      "i" : "A2Z_USD",
      "m" : "4611686018427416100"
    }, {
      "d" : "1756430454478476116",
      "t" : 1756430454478,
      "tn" : 1756430454478476116,
      "q" : "6200",
      "p" : "0.0057592",
      "s" : "buy",
      "i" : "A2Z_USD",
      "m" : "4611686018427416099"
    }, {
      "d" : "1756430454465332953",
      "t" : 1756430454465,
      "tn" : 1756430454465332953,
      "q" : "580",
      "p" : "0.0058124",
      "s" : "buy",
      "i" : "A2Z_USD",
      "m" : "4611686018427416098"
    }, {
      "d" : "1756430454465330663",
      "t" : 1756430454465,
      "tn" : 1756430454465330663,
      "q" : "55270",
      "p" : "0.0057593",
      "s" : "buy",
      "i" : "A2Z_USD",
      "m" : "4611686018427416097"
    }, {
      "d" : "1756430454453300808",
      "t" : 1756430454453,
      "tn" : 1756430454453300808,
      "q" : "7660",
      "p" : "0.0058116",
      "s" : "buy",
      "i" : "A2Z_USD",
      "m" : "4611686018427416096"
    }, {
      "d" : "1756430454453298709",
      "t" : 1756430454453,
      "tn" : 1756430454453298709,
      "q" : "440",
      "p" : "0.0058115",
      "s" : "buy",
      "i" : "A2Z_USD",
      "m" : "4611686018427416095"
    }, {
      "d" : "1756430454453296377",
      "t" : 1756430454453,
      "tn" : 1756430454453296377,
      "q" : "8100",
      "p" : "0.0058115",
      "s" : "buy",
      "i" : "A2Z_USD",
      "m" : "4611686018427416094"
    }, {
      "d" : "1756430454453294125",
      "t" : 1756430454453,
      "tn" : 1756430454453294125,
      "q" : "2170",
      "p" : "0.0058115",
      "s" : "buy",
      "i" : "A2Z_USD",
      "m" : "4611686018427416093"
    }, {
      "d" : "1756430454453292782",
      "t" : 1756430454453,
      "tn" : 1756430454453292782,
      "q" : "5930",
      "p" : "0.0057848",
      "s" : "buy",
      "i" : "A2Z_USD",
      "m" : "4611686018427416092"
    }, {
      "d" : "1756430454453290331",
      "t" : 1756430454453,
      "tn" : 1756430454453290331,
      "q" : "920",
      "p" : "0.0057848",
      "s" : "buy",
      "i" : "A2Z_USD",
      "m" : "4611686018427416091"
    }, {
      "d" : "1756430454453288339",
      "t" : 1756430454453,
      "tn" : 1756430454453288339,
      "q" : "58080",
      "p" : "0.0057768",
      "s" : "buy",
      "i" : "A2Z_USD",
      "m" : "4611686018427416090"
    }, {
      "d" : "1756430454453200660",
      "t" : 1756430454453,
      "tn" : 1756430454453200660,
      "q" : "8100",
      "p" : "0.0057768",
      "s" : "buy",
      "i" : "A2Z_USD",
      "m" : "4611686018427416089"
    }, {
      "d" : "1756430454453191928",
      "t" : 1756430454453,
      "tn" : 1756430454453191928,
      "q" : "8100",
      "p" : "0.0057768",
      "s" : "buy",
      "i" : "A2Z_USD",
      "m" : "4611686018427416088"
    }, {
      "d" : "1756430454452305162",
      "t" : 1756430454452,
      "tn" : 1756430454452305161,
      "q" : "8920",
      "p" : "0.0057768",
      "s" : "buy",
      "i" : "A2Z_USD",
      "m" : "4611686018427416087"
    }, {
      "d" : "1756430454452305161",
      "t" : 1756430454452,
      "tn" : 1756430454452305161,
      "q" : "1080",
      "p" : "0.0057768",
      "s" : "buy",
      "i" : "A2Z_USD",
      "m" : "4611686018427416087"
    }, {
      "d" : "1756430454452301376",
      "t" : 1756430454452,
      "tn" : 1756430454452301376,
      "q" : "8100",
      "p" : "0.0057768",
      "s" : "buy",
      "i" : "A2Z_USD",
      "m" : "4611686018427416086"
    }, {
      "d" : "1756430454452217446",
      "t" : 1756430454452,
      "tn" : 1756430454452217446,
      "q" : "8300",
      "p" : "0.0057768",
      "s" : "buy",
      "i" : "A2Z_USD",
      "m" : "4611686018427416085"
    }, {
      "d" : "1756430454452204301",
      "t" : 1756430454452,
      "tn" : 1756430454452204301,
      "q" : "4570",
      "p" : "0.0057768",
      "s" : "buy",
      "i" : "A2Z_USD",
      "m" : "4611686018427416084"
    }, {
      "d" : "1756430454452201973",
      "t" : 1756430454452,
      "tn" : 1756430454452201973,
      "q" : "3730",
      "p" : "0.0057611",
      "s" : "buy",
      "i" : "A2Z_USD",
      "m" : "4611686018427416083"
    }, {
      "d" : "1756430454448664796",
      "t" : 1756430454448,
      "tn" : 1756430454448664796,
      "q" : "8300",
      "p" : "0.0057594",
      "s" : "buy",
      "i" : "A2Z_USD",
      "m" : "4611686018427416082"
    }, {
      "d" : "1756430454435899254",
      "t" : 1756430454435,
      "tn" : 1756430454435899254,
      "q" : "8100",
      "p" : "0.0055804",
      "s" : "sell",
      "i" : "A2Z_USD",
      "m" : "4611686018427416081"
    }, {
      "d" : "1756430454434654848",
      "t" : 1756430454434,
      "tn" : 1756430454434654848,
      "q" : "8090",
      "p" : "0.0056029",
      "s" : "sell",
      "i" : "A2Z_USD",
      "m" : "4611686018427416080"
    }, {
      "d" : "1756430454434652500",
      "t" : 1756430454434,
      "tn" : 1756430454434652500,
      "q" : "10710",
      "p" : "0.0056087",
      "s" : "sell",
      "i" : "A2Z_USD",
      "m" : "4611686018427416079"
    }, {
      "d" : "1756430454434651124",
      "t" : 1756430454434,
      "tn" : 1756430454434651124,
      "q" : "4230",
      "p" : "0.0056377",
      "s" : "sell",
      "i" : "A2Z_USD",
      "m" : "4611686018427416078"
    }, {
      "d" : "1756430454434648144",
      "t" : 1756430454434,
      "tn" : 1756430454434648144,
      "q" : "39020",
      "p" : "0.0056570",
      "s" : "sell",
      "i" : "A2Z_USD",
      "m" : "4611686018427416077"
    }, {
      "d" : "1756430454433195177",
      "t" : 1756430454433,
      "tn" : 1756430454433195177,
      "q" : "8100",
      "p" : "0.0056570",
      "s" : "sell",
      "i" : "A2Z_USD",
      "m" : "4611686018427416076"
    }, {
      "d" : "1756430454433192890",
      "t" : 1756430454433,
      "tn" : 1756430454433192890,
      "q" : "8100",
      "p" : "0.0056570",
      "s" : "sell",
      "i" : "A2Z_USD",
      "m" : "4611686018427416075"
    }, {
      "d" : "1756430454433190638",
      "t" : 1756430454433,
      "tn" : 1756430454433190638,
      "q" : "8300",
      "p" : "0.0056570",
      "s" : "sell",
      "i" : "A2Z_USD",
      "m" : "4611686018427416074"
    }, {
      "d" : "1756430454433189866",
      "t" : 1756430454433,
      "tn" : 1756430454433189866,
      "q" : "59000",
      "p" : "0.0056570",
      "s" : "sell",
      "i" : "A2Z_USD",
      "m" : "4611686018427416073"
    }, {
      "d" : "1756430454433187528",
      "t" : 1756430454433,
      "tn" : 1756430454433187528,
      "q" : "8100",
      "p" : "0.0056570",
      "s" : "sell",
      "i" : "A2Z_USD",
      "m" : "4611686018427416072"
    }, {
      "d" : "1756430454433186981",
      "t" : 1756430454433,
      "tn" : 1756430454433186981,
      "q" : "8100",
      "p" : "0.0056570",
      "s" : "sell",
      "i" : "A2Z_USD",
      "m" : "4611686018427416071"
    }, {
      "d" : "1756430454433108538",
      "t" : 1756430454433,
      "tn" : 1756430454433108538,
      "q" : "8100",
      "p" : "0.0056570",
      "s" : "sell",
      "i" : "A2Z_USD",
      "m" : "4611686018427416070"
    }, {
      "d" : "1756430454433107203",
      "t" : 1756430454433,
      "tn" : 1756430454433107203,
      "q" : "8300",
      "p" : "0.0056570",
      "s" : "sell",
      "i" : "A2Z_USD",
      "m" : "4611686018427416069"
    } ]
  }
}