{
  "id" : -1,
  "method" : "public/get-trades",
  "code" : 0,
  "result" : {
    "data" : [ {
      "d" : "1756459884229742453",
      "t" : 1756459884229,
      "tn" : 1756459884229742453,
      "q" : "2.3",
      "p" : "0.49173",
      "s" : "buy",
      "i" : "A_USD",
      "m" : "4611686018427518657"
    }, {
      "d" : "1756459463293182504",
      "t" : 1756459463293,
      "tn" : 1756459463293182504,
      "q" : "2.3",
      "p" : "0.49152",
      "s" : "sell",
      "i" : "A_USD",
      "m" : "4611686018427518656"
    }, {
      "d" : "1756459332473273880",
      "t" : 1756459332473,
      "tn" : 1756459332473273880,
      "q" : "2.3",
      "p" : "0.49222",
      "s" : "sell",
      "i" : "A_USD",
      "m" : "4611686018427518655"
    }, {
      "d" : "1756459174646649750",
      "t" : 1756459174646,
      "tn" : 1756459174646649750,
      "q" : "2.3",
      "p" : "0.49202",
      "s" : "sell",
      "i" : "A_USD",
      "m" : "4611686018427518654"
    }, {
      "d" : "1756459145559953740",
      "t" : 1756459145559,
      "tn" : 1756459145559953740,
      "q" : "2.3",
      "p" : "0.49172",
      "s" : "sell",
      "i" : "A_USD",
      "m" : "4611686018427518653"
    }, {
      "d" : "1756459140606497703",
      "t" : 1756459140606,
      "tn" : 1756459140606497703,
      "q" : "2.3",
      "p" : "0.49172",
      "s" : "sell",
      "i" : "A_USD",
      "m" : "4611686018427518652"
    }, {
      "d" : "1756459102826719177",
      "t" : 1756459102826,
      "tn" : 1756459102826719177,
      "q" : "2.3",
      "p" : "0.49142",
      "s" : "sell",
      "i" : "A_USD",
      "m" : "4611686018427518651"
    }, {
      "d" : "1756458838504978026",
      "t" : 1756458838504,
      "tn" : 1756458838504978025,
      "q" : "905.8",
      "p" : "0.48575",
      "s" : "sell",
      "i" : "A_USD",
      "m" : "4611686018427518650"
    }, {
      "d" : "1756458838504978025",
      "t" : 1756458838504,
      "tn" : 1756458838504978025,
      "q" : "69.4",
      "p" : "0.48575",
      "s" : "sell",
      "i" : "A_USD",
      "m" : "4611686018427518650"
    }, {
      "d" : "1756458834535425966",
      "t" : 1756458834535,
      "tn" : 1756458834535425966,
      "q" : "2.4",
      "p" : "0.49052",
      "s" : "sell",
      "i" : "A_USD",
      "m" : "4611686018427518649"
    }, {
      "d" : "1756458826701914603",
      "t" : 1756458826701,
      "tn" : 1756458826701914603,
      "q" : "2.4",
      "p" : "0.49042",
      "s" : "sell",
      "i" : "A_USD",
      "m" : "4611686018427518648"
    }, {
      "d" : "1756458821335582364",
      "t" : 1756458821335,
      "tn" : 1756458821335582364,
      "q" : "2.4",
      "p" : "0.49052",
      "s" : "sell",
      "i" : "A_USD",
      "m" : "4611686018427518647"
    }, {
      "d" : "1756458797361881451",
      "t" : 1756458797361,
      "tn" : 1756458797361881451,
      "q" : "2.4",
      "p" : "0.49062",
      "s" : "sell",
      "i" : "A_USD",
      "m" : "4611686018427518646"
    }, {
      "d" : "1756458795351488227",
      "t" : 1756458795351,
      "tn" : 1756458795351488227,
      "q" : "2.4",
      "p" : "0.49072",
      "s" : "sell",
      "i" : "A_USD",
      "m" : "4611686018427518645"
    }, {
      "d" : "1756458790533480003",
      "t" : 1756458790533,
      "tn" : 1756458790533480003,
      "q" : "2.4",
      "p" : "0.49072",
      "s" : "sell",
      "i" : "A_USD",
      "m" : "4611686018427518644"
    }, {
      "d" : "1756458780538204834",
      "t" : 1756458780538,
      "tn" : 1756458780538204834,
      "q" : "2.4",
      "p" : "0.49062",
      "s" : "sell",
      "i" : "A_USD",
      "m" : "4611686018427518643"
    }, {
      "d" : "1756458771537484814",
      "t" : 1756458771537,
      "tn" : 1756458771537484814,
      "q" : "2.4",
      "p" : "0.49042",
      "s" : "sell",
      "i" : "A_USD",
      "m" : "4611686018427518642"
    }, {
      "d" : "1756458753534676736",
      "t" : 1756458753534,
      "tn" : 1756458753534676736,
      "q" : "2.4",
      "p" : "0.49032",
      "s" : "sell",
      "i" : "A_USD",
      "m" : "4611686018427518641"
    }, {
      "d" : "1756458746051690583",
      "t" : 1756458746051,
      "tn" : 1756458746051690583,
      "q" : "2.4",
      "p" : "0.49022",
      "s" : "sell",
      "i" : "A_USD",
      "m" : "4611686018427518640"
    }, {
      "d" : "1756458737767956798",
      "t" : 1756458737767,
      "tn" : 1756458737767956798,
      "q" : "2.4",
      "p" : "0.49032",
      "s" : "sell",
      "i" : "A_USD",
      "m" : "4611686018427518639"
    }, {
      "d" : "1756458730683144394",
      "t" : 1756458730683,
      "tn" : 1756458730683144394,
      "q" : "2.4",
      "p" : "0.49042",
      "s" : "sell",
      "i" : "A_USD",
      "m" : "4611686018427518638"
    }, {
      "d" : "1756458725566985223",
      "t" : 1756458725566,
      "tn" : 1756458725566985223,
      "q" : "2.4",
      "p" : "0.49062",
      "s" : "sell",
      "i" : "A_USD",
      "m" : "4611686018427518637"
    }, {
      "d" : "1756458720464586385",
      "t" : 1756458720464,
      "tn" : 1756458720464586385,
      "q" : "2.4",
      "p" : "0.49052",
      "s" : "sell",
      "i" : "A_USD",
      "m" : "4611686018427518636"
    }, {
      "d" : "1756458712535417371",
      "t" : 1756458712535,
      "tn" : 1756458712535417371,
      "q" : "2.4",
      "p" : "0.49062",
      "s" : "sell",
      "i" : "A_USD",
      "m" : "4611686018427518635"
    }, {
      "d" : "1756458676411845743",
      "t" : 1756458676411,
      "tn" : 1756458676411845743,
      "q" : "2.4",
      "p" : "0.48982",
      "s" : "sell",
      "i" : "A_USD",
      "m" : "4611686018427518634"
    }, {
      "d" : "1756458663791827413",
      "t" : 1756458663791,
      "tn" : 1756458663791827413,
      "q" : "2.4",
      "p" : "0.48962",
      "s" : "sell",
      "i" : "A_USD",
      "m" : "4611686018427518633"
    }, {
      "d" : "1756458662535176538",
      "t" : 1756458662535,
      "tn" : 1756458662535176538,
      "q" : "2.4",
      "p" : "0.48972",
      "s" : "sell",
      "i" : "A_USD",
      "m" : "4611686018427518632"
    }, {
      "d" : "1756458649271728523",
      "t" : 1756458649271,
      "tn" : 1756458649271728523,
      "q" : "2.4",
      "p" : "0.48952",
      "s" : "sell",
      "i" : "A_USD",
      "m" : "4611686018427518631"
    }, {
      "d" : "1756458634741855625",
      "t" : 1756458634741,
      "tn" : 1756458634741855625,
      "q" : "2.4",
      "p" : "0.48952",
      "s" : "sell",
      "i" : "A_USD",
      "m" : "4611686018427518630"
    }, {
      "d" : "1756458621711716727",
      "t" : 1756458621711,
      "tn" : 1756458621711716727,
      "q" : "2.4",
      "p" : "0.48962",
      "s" : "sell",
      "i" : "A_USD",
      "m" : "4611686018427518629"
    }, {
      "d" : "1756458603592183637",
      "t" : 1756458603592,
      "tn" : 1756458603592183637,
      "q" : "2.4",
      "p" : "0.48972",
      "s" : "sell",
      "i" : "A_USD",
      "m" : "4611686018427518628"
    }, {
      "d" : "1756458601526235856",
      "t" : 1756458601526,
      "tn" : 1756458601526235856,
      "q" : "2.4",
      "p" : "0.48982",
      "s" : "sell",
      "i" : "A_USD",
      "m" : "4611686018427518627"
    }, {
      "d" : "1756458540191688731",
      "t" : 1756458540191,
      "tn" : 1756458540191688731,
      "q" : "2.4",
      "p" : "0.48962",
      "s" : "sell",
      "i" : "A_USD",
      "m" : "4611686018427518626"
    }, {
      "d" : "1756458534541991526",
      "t" : 1756458534541,
      "tn" : 1756458534541991526,
      "q" : "2.4",
      "p" : "0.48942",
      "s" : "sell",
      "i" : "A_USD",
      "m" : "4611686018427518625"
    }, {
      "d" : "1756458532302658759",
      "t" : 1756458532302,
      "tn" : 1756458532302658759,
      "q" : "2.4",
      "p" : "0.48947",
      "s" : "sell",
      "i" : "A_USD",
      "m" : "4611686018427518624"
    }, {
      "d" : "1756458530809509038",
      "t" : 1756458530809,
      "tn" : 1756458530809509038,
      "q" : "2.4",
      "p" : "0.48952",
      "s" : "sell",
      "i" : "A_USD",
      "m" : "4611686018427518623"
    }, {
      "d" : "1756458519531481514",
      "t" : 1756458519531,
      "tn" : 1756458519531481514,
      "q" : "2.4",
      "p" : "0.48932",
      "s" : "sell",
      "i" : "A_USD",
      "m" : "4611686018427518622"
    }, {
      "d" : "1756458514699578657",
      "t" : 1756458514699,
      "tn" : 1756458514699578657,
      "q" : "2.4",
      "p" : "0.48932",
      "s" : "sell",
      "i" : "A_USD",
      "m" : "4611686018427518621"
    }, {
      "d" : "1756458510538794518",
      "t" : 1756458510538,
      "tn" : 1756458510538794518,
      "q" : "2.4",
      "p" : "0.48902",
      "s" : "sell",
      "i" : "A_USD",
      "m" : "4611686018427518620"
    }, {
      "d" : "1756458502431909001",
      "t" : 1756458502431,
      "tn" : 1756458502431909001,
      "q" : "2.4",
      "p" : "0.48892",
      "s" : "sell",
      "i" : "A_USD",
      "m" : "4611686018427518619"
    }, {
      "d" : "1756458497529170819",
      "t" : 1756458497529,
      "tn" : 1756458497529170819,
      "q" : "2.4",
      "p" : "0.48902",
      "s" : "sell",
      "i" : "A_USD",
      "m" : "4611686018427518618"
    }, {
      "d" : "1756458495534552848",
      "t" : 1756458495534,
      "tn" : 1756458495534552848,
      "q" : "2.4",
      "p" : "0.48892",
      "s" : "sell",
      "i" : "A_USD",
      "m" : "4611686018427518617"
    }, {
      "d" : "1756458493900905520",
      "t" : 1756458493900,
      "tn" : 1756458493900905520,
      "q" : "2.4",
      "p" : "0.48887",
      "s" : "sell",
      "i" : "A_USD",
      "m" : "4611686018427518616"
    }, {
      "d" : "1756458491214221522",
      "t" : 1756458491214,
      "tn" : 1756458491214221522,
      "q" : "2.4",
      "p" : "0.48892",
      "s" : "sell",
      "i" : "A_USD",
      "m" : "4611686018427518615"
    }, {
      "d" : "1756458488106749396",
      "t" : 1756458488106,
      "tn" : 1756458488106749396,
      "q" : "2.4",
      "p" : "0.48877",
      "s" : "sell",
      "i" : "A_USD",
      "m" : "4611686018427518614"
    }, {
      "d" : "1756458480443535825",
      "t" : 1756458480443,
      "tn" : 1756458480443535825,
      "q" : "2.4",
      "p" : "0.48872",
      "s" : "sell",
      "i" : "A_USD",
      "m" : "4611686018427518613"
    }, {
      "d" : "1756458473151812320",
      "t" : 1756458473151,
      "tn" : 1756458473151812320,
      "q" : "2.4",
      "p" : "0.48867",
      "s" : "sell",
      "i" : "A_USD",
      "m" : "4611686018427518612"
    }, {
      "d" : "1756458468659332482",
      "t" : 1756458468659,
      "tn" : 1756458468659332482,
      "q" : "2.4",
      "p" : "0.48872",
      "s" : "sell",
      "i" : "A_USD",
      "m" : "4611686018427518611"
    }, {
      "d" : "1756458459534546008",
      "t" : 1756458459534,
      "tn" : 1756458459534546008,
      "q" : "2.4",
      "p" : "0.48877",
      "s" : "sell",
      "i" : "A_USD",
      "m" : "4611686018427518610"
    }, {
      "d" : "1756458450301891703",
      "t" : 1756458450301,
      "tn" : 1756458450301891703,
      "q" : "2.4",
      "p" : "0.48872",
      "s" : "sell",
      "i" : "A_USD",
      "m" : "4611686018427518609"
    }, {
      "d" : "1756458443657090090",
      "t" : 1756458443657,
      "tn" : 1756458443657090090,
      "q" : "2.4",
      "p" : "0.48867",
      "s" : "sell",
      "i" : "A_USD",
      "m" : "4611686018427518608"
    }, {
      "d" : "1756458426711567961",
      "t" : 1756458426711,
      "tn" : 1756458426711567961,
      "q" : "2.4",
      "p" : "0.48872",
      "s" : "sell",
      "i" : "A_USD",
      "m" : "4611686018427518607"
    }, {
      "d" : "1756458422961894996",
      "t" : 1756458422961,
      "tn" : 1756458422961894996,
      "q" : "2.4",
      "p" : "0.48892",
      "s" : "sell",
      "i" : "A_USD",
      "m" : "4611686018427518606"
    }, {
      "d" : "1756458369571906413",
      "t" : 1756458369571,
      "tn" : 1756458369571906413,
      "q" : "2.4",
      "p" : "0.48902",
      "s" : "sell",
      "i" : "A_USD",
      "m" : "4611686018427518605"
    }, {
      "d" : "1756458364301995481",
      "t" : 1756458364301,
      "tn" : 1756458364301995481,
      "q" : "2.4",
      "p" : "0.48922",
      "s" : "sell",
      "i" : "A_USD",
      "m" : "4611686018427518604"
    }, {
      "d" : "1756458360952142263",
      "t" : 1756458360952,
      "tn" : 1756458360952142263,
      "q" : "2.4",
      "p" : "0.48932",
      "s" : "sell",
      "i" : "A_USD",
      "m" : "4611686018427518603"
    }, {
      "d" : "1756458348945179277",
      "t" : 1756458348945,
      "tn" : 1756458348945179277,
      "q" : "2.4",
      "p" : "0.48957",
      "s" : "sell",
      "i" : "A_USD",
      "m" : "4611686018427518602"
    }, {
      "d" : "1756458330471710421",
      "t" : 1756458330471,
      "tn" : 1756458330471710421,
      "q" : "2.4",
      "p" : "0.48922",
      "s" : "sell",
      "i" : "A_USD",
      "m" : "4611686018427518601"
    }, {
      "d" : "1756458326342181476",
      "t" : 1756458326342,
      "tn" : 1756458326342181476,
      "q" : "2.4",
      "p" : "0.48922",
      "s" : "sell",
      "i" : "A_USD",
      "m" : "4611686018427518600"
    }, {
      "d" : "1756458325042343731",
      "t" : 1756458325042,
      "tn" : 1756458325042343731,
      "q" : "2.4",
      "p" : "0.48932",
      "s" : "sell",
      "i" : "A_USD",
      "m" : "4611686018427518599"
    }, {
      "d" : "1756458314777919588",
      "t" : 1756458314777,
      "tn" : 1756458314777919588,
      "q" : "2.4",
      "p" : "0.48892",
      "s" : "sell",
      "i" : "A_USD",
      "m" : "4611686018427518598"
    }, {
      "d" : "1756458313842166871",
      "t" : 1756458313842,
      "tn" : 1756458313842166871,
      "q" : "2.4",
      "p" : "0.48897",
      "s" : "sell",
      "i" : "A_USD",
      "m" : "4611686018427518597"
    }, {
      "d" : "1756458312196301422",
      "t" : 1756458312196,
      "tn" : 1756458312196301422,
      "q" : "2.3",
      "p" : "0.48922",
      "s" : "sell",
      "i" : "A_USD",
      "m" : "4611686018427518596"
    }, {
      "d" : "1756458309281830496",
      "t" : 1756458309281,
      "tn" : 1756458309281830496,
      "q" : "2.4",
      "p" : "0.48932",
      "s" : "sell",
      "i" : "A_USD",
      "m" : "4611686018427518595"
    }, {
      "d" : "1756458306481713549",
      "t" : 1756458306481,
      "tn" : 1756458306481713549,
      "q" : "2.4",
      "p" : "0.48922",
      "s" : "sell",
      "i" : "A_USD",
      "m" : "4611686018427518594"
    }, {
      "d" : "1756458301869493013",
      "t" : 1756458301869,
      "tn" : 1756458301869493013,
      "q" : "2.4",
      "p" : "0.48912",
      "s" : "sell",
      "i" : "A_USD",
      "m" : "4611686018427518593"
    }, {
      "d" : "1756458289539127516",
      "t" : 1756458289539,
      "tn" : 1756458289539127516,
      "q" : "2.4",
      "p" : "0.48892",
      "s" : "sell",
      "i" : "A_USD",
      "m" : "4611686018427518592"
    }, {
      "d" : "1756458246191729987",
      "t" : 1756458246191,
      "tn" : 1756458246191729987,
      "q" : "2.4",
      "p" : "0.48903",
      "s" : "buy",
      "i" : "A_USD",
      "m" : "4611686018427518591"
    }, {
      "d" : "1756458230455874899",
      "t" : 1756458230455,
      "tn" : 1756458230455874899,
      "q" : "2.3",
      "p" : "0.48862",
      "s" : "sell",
      "i" : "A_USD",
      "m" : "4611686018427518590"
    }, {
      "d" : "1756458217371429995",
      "t" : 1756458217371,
      "tn" : 1756458217371429995,
      "q" : "2.4",
      "p" : "0.48882",
      "s" : "sell",
      "i" : "A_USD",
      "m" : "4611686018427518589"
    }, {
      "d" : "1756458204722059749",
      "t" : 1756458204722,
      "tn" : 1756458204722059749,
      "q" : "2.4",
      "p" : "0.48833",
      "s" : "buy",
      "i" : "A_USD",
      "m" : "4611686018427518588"
    }, {
      "d" : "1756458201892352734",
      "t" : 1756458201892,
      "tn" : 1756458201892352734,
      "q" : "2.4",
      "p" : "0.48793",
      "s" : "buy",
      "i" : "A_USD",
      "m" : "4611686018427518587"
    }, {
      "d" : "1756458199624461248",
      "t" : 1756458199624,
      "tn" : 1756458199624461248,
      "q" : "2.4",
      "p" : "0.48818",
      "s" : "buy",
      "i" : "A_USD",
      "m" : "4611686018427518586"
    }, {
      "d" : "1756458195811608256",
      "t" : 1756458195811,
      "tn" : 1756458195811608256,
      "q" : "2.4",
      "p" : "0.48833",
      "s" : "buy",
      "i" : "A_USD",
      "m" : "4611686018427518585"
    }, {
      "d" : "1756458193122149740",
      "t" : 1756458193122,
      "tn" : 1756458193122149740,
      "q" : "2.4",
      "p" : "0.48833",
      "s" : "buy",
      "i" : "A_USD",
      "m" : "4611686018427518584"
    }, {
      "d" : "1756458190530077393",
      "t" : 1756458190530,
      "tn" : 1756458190530077393,
      "q" : "2.4",
      "p" : "0.48813",
      "s" : "buy",
      "i" : "A_USD",
      "m" : "4611686018427518583"
    }, {
      "d" : "1756458188563963223",
      "t" : 1756458188563,
      "tn" : 1756458188563963223,
      "q" : "2.4",
      "p" : "0.48803",
      "s" : "buy",
      "i" : "A_USD",
      "m" : "4611686018427518582"
    }, {
      "d" : "1756458186421629147",
      "t" : 1756458186421,
      "tn" : 1756458186421629147,
      "q" : "2.4",
      "p" : "0.48773",
      "s" : "buy",
      "i" : "A_USD",
      "m" : "4611686018427518581"
    }, {
      "d" : "1756458184771943424",
      "t" : 1756458184771,
      "tn" : 1756458184771943424,
      "q" : "2.4",
      "p" : "0.48758",
      "s" : "buy",
      "i" : "A_USD",
      "m" : "4611686018427518580"
    }, {
      "d" : "1756458179568558282",
      "t" : 1756458179568,
      "tn" : 1756458179568558282,
      "q" : "2.4",
      "p" : "0.48783",
      "s" : "buy",
      "i" : "A_USD",
      "m" : "4611686018427518579"
    }, {
      "d" : "1756458177341121406",
      "t" : 1756458177341,
      "tn" : 1756458177341121406,
      "q" : "2.3",
      "p" : "0.48822",
      "s" : "sell",
      "i" : "A_USD",
      "m" : "4611686018427518578"
    }, {
      "d" : "1756458163478183991",
      "t" : 1756458163478,
      "tn" : 1756458163478183991,
      "q" : "2.4",
      "p" : "0.48853",
      "s" : "buy",
      "i" : "A_USD",
      "m" : "4611686018427518577"
    }, {
      "d" : "1756458159670065869",
      "t" : 1756458159670,
      "tn" : 1756458159670065869,
      "q" : "2.4",
      "p" : "0.48878",
      "s" : "buy",
      "i" : "A_USD",
      "m" : "4611686018427518576"
    }, {
      "d" : "1756458155312131578",
      "t" : 1756458155312,
      "tn" : 1756458155312131578,
      "q" : "2.4",
      "p" : "0.48913",
      "s" : "buy",
      "i" : "A_USD",
      "m" : "4611686018427518575"
    }, {
      "d" : "1756458151708509708",
      "t" : 1756458151708,
      "tn" : 1756458151708509708,
      "q" : "70.6",
      "p" : "0.48972",
      "s" : "sell",
      "i" : "A_USD",
      "m" : "4611686018427518574"
    }, {
      "d" : "1756458151702760383",
      "t" : 1756458151702,
      "tn" : 1756458151702760383,
      "q" : "2.4",
      "p" : "0.48952",
      "s" : "buy",
      "i" : "A_USD",
      "m" : "4611686018427518573"
    }, {
      "d" : "1756458151037159519",
      "t" : 1756458151037,
      "tn" : 1756458151037159519,
      "q" : "2.4",
      "p" : "0.48923",
      "s" : "buy",
      "i" : "A_USD",
      "m" : "4611686018427518572"
    }, {
      "d" : "1756458148718143842",
      "t" : 1756458148718,
      "tn" : 1756458148718143842,
      "q" : "2.3",
      "p" : "0.48962",
      "s" : "sell",
      "i" : "A_USD",
      "m" : "4611686018427518571"
    }, {
      "d" : "1756458134533102072",
      "t" : 1756458134533,
      "tn" : 1756458134533102072,
      "q" : "2.4",
      "p" : "0.48983",
      "s" : "buy",
      "i" : "A_USD",
      "m" : "4611686018427518570"
    }, {
      "d" : "1756458133850285000",
      "t" : 1756458133850,
      "tn" : 1756458133850285000,
      "q" : "2.3",
      "p" : "0.49012",
      "s" : "sell",
      "i" : "A_USD",
      "m" : "4611686018427518569"
    }, {
      "d" : "1756458114962629691",
      "t" : 1756458114962,
      "tn" : 1756458114962629691,
      "q" : "2.4",
      "p" : "0.48993",
      "s" : "buy",
      "i" : "A_USD",
      "m" : "4611686018427518568"
    }, {
      "d" : "1756458103665661052",
      "t" : 1756458103665,
      "tn" : 1756458103665661052,
      "q" : "2.4",
      "p" : "0.49018",
      "s" : "buy",
      "i" : "A_USD",
      "m" : "4611686018427518567"
    }, {
      "d" : "1756458102531567752",
      "t" : 1756458102531,
      "tn" : 1756458102531567752,
      "q" : "2.4",
      "p" : "0.49023",
      "s" : "buy",
      "i" : "A_USD",
      "m" : "4611686018427518566"
    }, {
      "d" : "1756458072051648771",
      "t" : 1756458072051,
      "tn" : 1756458072051648771,
      "q" : "2.4",
      "p" : "0.49073",
      "s" : "buy",
      "i" : "A_USD",
      "m" : "4611686018427518565"
    }, {
      "d" : "1756458067941777454",
      "t" : 1756458067941,
      "tn" : 1756458067941777454,
      "q" : "2.4",
      "p" : "0.49023",
      "s" : "buy",
      "i" : "A_USD",
      "m" : "4611686018427518564"
    }, {
      "d" : "1756458065552411351",
      "t" : 1756458065552,
      "tn" : 1756458065552411351,
      "q" : "2.4",
      "p" : "0.49013",
      "s" : "buy",
      "i" : "A_USD",
      "m" : "4611686018427518563"
    }, {
      "d" : "1756458057530884000",
      "t" : 1756458057530,
      "tn" : 1756458057530884000,
      "q" : "2.4",
      "p" : "0.49003",
      "s" : "buy",
      "i" : "A_USD",
      "m" : "4611686018427518562"
    }, {
      "d" : "1756458043537241252",
      "t" : 1756458043537,
      "tn" : 1756458043537241252,
      "q" : "2.4",
      "p" : "0.49013",
      "s" : "buy",
      "i" : "A_USD",
      "m" : "4611686018427518561"
    }, {
      "d" : "1756458034761812627",
      "t" : 1756458034761,
      "tn" : 1756458034761812627,
      "q" : "2.4",
      "p" : "0.49033",
      "s" : "buy",
      "i" : "A_USD",
      "m" : "4611686018427518560"
    }, {
      "d" : "1756458030964971038",
      "t" : 1756458030964,
      "tn" : 1756458030964971038,
      "q" : "2.4",
      "p" : "0.49053",
      "s" : "buy",
      "i" : "A_USD",
      "m" : "4611686018427518559"
    }, {
      "d" : "1756458028011901217",
      "t" : 1756458028011,
      "tn" : 1756458028011901217,
      "q" : "2.4",
      "p" : "0.49053",
      "s" : "buy",
      "i" : "A_USD",
      "m" : "4611686018427518558"
    }, {
      "d" : "1756458025611813133",
      "t" : 1756458025611,
      "tn" : 1756458025611813133,
      "q" : "2.4",
      "p" : "0.49043",
      "s" : "buy",
      "i" : "A_USD",
      "m" : "4611686018427518557"
    }, {
      "d" : "1756458019381806477",
      "t" : 1756458019381,
      "tn" : 1756458019381806477,
      "q" : "2.4",
      "p" : "0.49043",
      "s" : "buy",
      "i" : "A_USD",
      "m" : "4611686018427518556"
    }, {
      "d" : "1756458010663331046",
      "t" : 1756458010663,
      "tn" : 1756458010663331046,
      "q" : "2.4",
      "p" : "0.49033",
      "s" : "buy",
      "i" : "A_USD",
      "m" : "4611686018427518555"
    }, {
      "d" : "1756458000363609266",
      "t" : 1756458000363,
      "tn" : 1756458000363609266,
      "q" : "2.4",
      "p" : "0.49043",
      "s" : "buy",
      "i" : "A_USD",
      "m" : "4611686018427518554"
    }, {
      "d" : "1756457995113274822",
      "t" : 1756457995113,
      "tn" : 1756457995113274822,
      "q" : "2.4",
      "p" : "0.49053",
      "s" : "buy",
      "i" : "A_USD",
      "m" : "4611686018427518553"
    }, {
      "d" : "1756457914530896729",
      "t" : 1756457914530,
      "tn" : 1756457914530896729,
      "q" : "2.4",
      "p" : "0.49043",
      "s" : "buy",
      "i" : "A_USD",
      "m" : "4611686018427518552"
    }, {
      "d" : "1756457903927315331",
      "t" : 1756457903927,
      "tn" : 1756457903927315331,
      "q" : "2.4",
      "p" : "0.49058",
      "s" : "buy",
      "i" : "A_USD",
      "m" : "4611686018427518551"
    }, {
      "d" : "1756457895810909751",
      "t" : 1756457895810,
      "tn" : 1756457895810909751,
      "q" : "2.3",
      "p" : "0.49072",
      "s" : "sell",
      "i" : "A_USD",
      "m" : "4611686018427518550"
    }, {
      "d" : "1756457893532350111",
      "t" : 1756457893532,
      "tn" : 1756457893532350111,
      "q" : "2.4",
      "p" : "0.49063",
      "s" : "buy",
      "i" : "A_USD",
      "m" : "4611686018427518549"
    }, {
      "d" : "1756457890243969327",
      "t" : 1756457890243,
      "tn" : 1756457890243969327,
      "q" : "2.4",
      "p" : "0.49078",
      "s" : "buy",
      "i" : "A_USD",
      "m" : "4611686018427518548"
    }, {
      "d" : "1756457870635231006",
      "t" : 1756457870635,
      "tn" : 1756457870635231006,
      "q" : "2.4",
      "p" : "0.49003",
      "s" : "buy",
      "i" : "A_USD",
      "m" : "4611686018427518547"
    }, {
      "d" : "1756457868457695391",
      "t" : 1756457868457,
      "tn" : 1756457868457695391,
      "q" : "2.3",
      "p" : "0.49022",
      "s" : "sell",
      "i" : "A_USD",
      "m" : "4611686018427518546"
    }, {
      "d" : "1756457865663792372",
      "t" : 1756457865663,
      "tn" : 1756457865663792372,
      "q" : "2.4",
      "p" : "0.49032",
      "s" : "sell",
      "i" : "A_USD",
      "m" : "4611686018427518545"
    }, {
      "d" : "1756457856529845686",
      "t" : 1756457856529,
      "tn" : 1756457856529845686,
      "q" : "2.4",
      "p" : "0.49023",
      "s" : "buy",
      "i" : "A_USD",
      "m" : "4611686018427518544"
    }, {
      "d" : "1756457842741860118",
      "t" : 1756457842741,
      "tn" : 1756457842741860118,
      "q" : "2.4",
      "p" : "0.49077",
      "s" : "sell",
      "i" : "A_USD",
      "m" : "4611686018427518543"
    }, {
      "d" : "1756457830596605616",
      "t" : 1756457830596,
      "tn" : 1756457830596605616,
      "q" : "2.4",
      "p" : "0.49092",
      "s" : "sell",
      "i" : "A_USD",
      "m" : "4611686018427518542"
    }, {
      "d" : "1756457793068298705",
      "t" : 1756457793068,
      "tn" : 1756457793068298705,
      "q" : "2.4",
      "p" : "0.49113",
      "s" : "buy",
      "i" : "A_USD",
      "m" : "4611686018427518541"
    }, {
      "d" : "1756457790149407256",
      "t" : 1756457790149,
      "tn" : 1756457790149407256,
      "q" : "2.3",
      "p" : "0.49122",
      "s" : "sell",
      "i" : "A_USD",
      "m" : "4611686018427518540"
    }, {
      "d" : "1756457790101032922",
      "t" : 1756457790101,
      "tn" : 1756457790101032922,
      "q" : "2.4",
      "p" : "0.49128",
      "s" : "buy",
      "i" : "A_USD",
      "m" : "4611686018427518539"
    }, {
      "d" : "1756457779981813140",
      "t" : 1756457779981,
      "tn" : 1756457779981813140,
      "q" : "2.4",
      "p" : "0.49133",
      "s" : "buy",
      "i" : "A_USD",
      "m" : "4611686018427518538"
    }, {
      "d" : "1756457771537987640",
      "t" : 1756457771537,
      "tn" : 1756457771537987640,
      "q" : "2.4",
      "p" : "0.49123",
      "s" : "buy",
      "i" : "A_USD",
      "m" : "4611686018427518537"
    }, {
      "d" : "1756457767377969998",
      "t" : 1756457767377,
      "tn" : 1756457767377969998,
      "q" : "2.4",
      "p" : "0.49133",
      "s" : "buy",
      "i" : "A_USD",
      "m" : "4611686018427518536"
    }, {
      "d" : "1756457760902086255",
      "t" : 1756457760902,
      "tn" : 1756457760902086255,
      "q" : "2.4",
      "p" : "0.49123",
      "s" : "buy",
      "i" : "A_USD",
      "m" : "4611686018427518535"
    }, {
      "d" : "1756457753364541052",
      "t" : 1756457753364,
      "tn" : 1756457753364541052,
      "q" : "2.4",
      "p" : "0.49113",
      "s" : "buy",
      "i" : "A_USD",
      "m" : "4611686018427518534"
    }, {
      "d" : "1756457751751597126",
      "t" : 1756457751751,
      "tn" : 1756457751751597126,
      "q" : "2.4",
      "p" : "0.49118",
      "s" : "buy",
      "i" : "A_USD",
      "m" : "4611686018427518533"
    }, {
      "d" : "1756457747862205354",
      "t" : 1756457747862,
      "tn" : 1756457747862205354,
      "q" : "2.4",
      "p" : "0.49118",
      "s" : "buy",
      "i" : "A_USD",
      "m" : "4611686018427518532"
    }, {
      "d" : "1756457744010352866",
      "t" : 1756457744010,
      "tn" : 1756457744010352866,
      "q" : "2.4",
      "p" : "0.49103",
      "s" : "buy",
      "i" : "A_USD",
      "m" : "4611686018427518531"
    }, {
      "d" : "1756457733065032578",
      "t" : 1756457733065,
      "tn" : 1756457733065032578,
      "q" : "2.4",
      "p" : "0.49118",
      "s" : "buy",
      "i" : "A_USD",
      "m" : "4611686018427518530"
    }, {
      "d" : "1756457731590516721",
      "t" : 1756457731590,
      "tn" : 1756457731590516721,
      "q" : "2.4",
      "p" : "0.49103",
      "s" : "buy",
      "i" : "A_USD",
      "m" : "4611686018427518529"
    }, {
      "d" : "1756457723973705771",
      "t" : 1756457723973,
      "tn" : 1756457723973705771,
      "q" : "2.4",
      "p" : "0.49123",
      "s" : "buy",
      "i" : "A_USD",
      "m" : "4611686018427518528"
    }, {
      "d" : "1756457720534035457",
      "t" : 1756457720534,
      "tn" : 1756457720534035457,
      "q" : "2.4",
      "p" : "0.49113",
      "s" : "buy",
      "i" : "A_USD",
      "m" : "4611686018427518527"
    }, {
      "d" : "1756457716534378079",
      "t" : 1756457716534,
      "tn" : 1756457716534378079,
      "q" : "2.4",
      "p" : "0.49123",
      "s" : "buy",
      "i" : "A_USD",
      "m" : "4611686018427518526"
    }, {
      "d" : "1756457713251597572",
      "t" : 1756457713251,
      "tn" : 1756457713251597572,
      "q" : "2.4",
      "p" : "0.49133",
      "s" : "buy",
      "i" : "A_USD",
      "m" : "4611686018427518525"
    }, {
      "d" : "1756457708691884042",
      "t" : 1756457708691,
      "tn" : 1756457708691884042,
      "q" : "2.4",
      "p" : "0.49113",
      "s" : "buy",
      "i" : "A_USD",
      "m" : "4611686018427518524"
    }, {
      "d" : "1756457701601915780",
      "t" : 1756457701601,
      "tn" : 1756457701601915780,
      "q" : "2.4",
      "p" : "0.49103",
      "s" : "buy",
      "i" : "A_USD",
      "m" : "4611686018427518523"
    }, {
      "d" : "1756457681702412121",
      "t" : 1756457681702,
      "tn" : 1756457681702412121,
      "q" : "2.4",
      "p" : "0.49093",
      "s" : "buy",
      "i" : "A_USD",
      "m" : "4611686018427518522"
    }, {
      "d" : "1756457651935418240",
      "t" : 1756457651935,
      "tn" : 1756457651935418240,
      "q" : "2.4",
      "p" : "0.49128",
      "s" : "buy",
      "i" : "A_USD",
      "m" : "4611686018427518521"
    }, {
      "d" : "1756457639535111191",
      "t" : 1756457639535,
      "tn" : 1756457639535111191,
      "q" : "2.4",
      "p" : "0.49123",
      "s" : "buy",
      "i" : "A_USD",
      "m" : "4611686018427518520"
    }, {
      "d" : "1756457635576293527",
      "t" : 1756457635576,
      "tn" : 1756457635576293527,
      "q" : "2.4",
      "p" : "0.49123",
      "s" : "buy",
      "i" : "A_USD",
      "m" : "4611686018427518519"
    }, {
      "d" : "1756457626535414443",
      "t" : 1756457626535,
      "tn" : 1756457626535414443,
      "q" : "2.4",
      "p" : "0.49113",
      "s" : "buy",
      "i" : "A_USD",
      "m" : "4611686018427518518"
    }, {
      "d" : "1756457615729119729",
      "t" : 1756457615729,
      "tn" : 1756457615729119729,
      "q" : "2.3",
      "p" : "0.49133",
      "s" : "buy",
      "i" : "A_USD",
      "m" : "4611686018427518517"
    }, {
      "d" : "1756457615629093215",
      "t" : 1756457615629,
      "tn" : 1756457615629093215,
      "q" : "2.4",
      "p" : "0.49133",
      "s" : "buy",
      "i" : "A_USD",
      "m" : "4611686018427518516"
    }, {
      "d" : "1756457610206187110",
      "t" : 1756457610206,
      "tn" : 1756457610206187110,
      "q" : "2.4",
      "p" : "0.49123",
      "s" : "buy",
      "i" : "A_USD",
      "m" : "4611686018427518515"
    }, {
      "d" : "1756457605966105509",
      "t" : 1756457605966,
      "tn" : 1756457605966105509,
      "q" : "2.4",
      "p" : "0.49113",
      "s" : "buy",
      "i" : "A_USD",
      "m" : "4611686018427518514"
    }, {
      "d" : "1756457600964195511",
      "t" : 1756457600964,
      "tn" : 1756457600964195511,
      "q" : "2.4",
      "p" : "0.49093",
      "s" : "buy",
      "i" : "A_USD",
      "m" : "4611686018427518513"
    }, {
      "d" : "1756457598387824610",
      "t" : 1756457598387,
      "tn" : 1756457598387824610,
      "q" : "2.4",
      "p" : "0.49093",
      "s" : "buy",
      "i" : "A_USD",
      "m" : "4611686018427518512"
    }, {
      "d" : "1756457596132924752",
      "t" : 1756457596132,
      "tn" : 1756457596132924752,
      "q" : "2.4",
      "p" : "0.49103",
      "s" : "buy",
      "i" : "A_USD",
      "m" : "4611686018427518511"
    }, {
      "d" : "1756457594161771699",
      "t" : 1756457594161,
      "tn" : 1756457594161771699,
      "q" : "2.4",
      "p" : "0.49098",
      "s" : "buy",
      "i" : "A_USD",
      "m" : "4611686018427518510"
    }, {
      "d" : "1756457592463625271",
      "t" : 1756457592463,
      "tn" : 1756457592463625271,
      "q" : "2.4",
      "p" : "0.49093",
      "s" : "buy",
      "i" : "A_USD",
      "m" : "4611686018427518509"
    } ]
  }
}