{
  "id" : -1,
  "method" : "public/get-trades",
  "code" : 0,
  "result" : {
    "data" : [ {
      "d" : "1756459977157560401",
      "t" : 1756459977157,
      "tn" : 1756459977157560401,
      "q" : "0.01",
      "p" : "306.873",
      "s" : "buy",
      "i" : "AAVEUSD-PERP",
      "m" : "4611686018433327515"
    }, {
      "d" : "1756459974035131346",
      "t" : 1756459974035,
      "tn" : 1756459974035131346,
      "q" : "0.01",
      "p" : "306.847",
      "s" : "buy",
      "i" : "AAVEUSD-PERP",
      "m" : "4611686018433327514"
    }, {
      "d" : "1756459973896961123",
      "t" : 1756459973896,
      "tn" : 1756459973896961123,
      "q" : "0.01",
      "p" : "306.877",
      "s" : "sell",
      "i" : "AAVEUSD-PERP",
      "m" : "4611686018433327513"
    }, {
      "d" : "1756459973896959012",
      "t" : 1756459973896,
      "tn" : 1756459973896959012,
      "q" : "0.25",
      "p" : "306.878",
      "s" : "sell",
      "i" : "AAVEUSD-PERP",
      "m" : "4611686018433327512"
    }, {
      "d" : "1756459968895511615",
      "t" : 1756459968895,
      "tn" : 1756459968895511615,
      "q" : "0.01",
      "p" : "306.922",
      "s" : "sell",
      "i" : "AAVEUSD-PERP",
      "m" : "4611686018433327511"
    }, {
      "d" : "1756459968345617608",
      "t" : 1756459968345,
      "tn" : 1756459968345617608,
      "q" : "0.01",
      "p" : "306.967",
      "s" : "sell",
      "i" : "AAVEUSD-PERP",
      "m" : "4611686018433327510"
    }, {
      "d" : "1756459965774167016",
      "t" : 1756459965774,
      "tn" : 1756459965774167016,
      "q" : "0.01",
      "p" : "306.898",
      "s" : "buy",
      "i" : "AAVEUSD-PERP",
      "m" : "4611686018433327509"
    }, {
      "d" : "1756459965462844754",
      "t" : 1756459965462,
      "tn" : 1756459965462844754,
      "q" : "0.01",
      "p" : "306.883",
      "s" : "buy",
      "i" : "AAVEUSD-PERP",
      "m" : "4611686018433327508"
    }, {
      "d" : "1756459964580365126",
      "t" : 1756459964580,
      "tn" : 1756459964580365126,
      "q" : "0.01",
      "p" : "306.867",
      "s" : "buy",
      "i" : "AAVEUSD-PERP",
      "m" : "4611686018433327507"
    }, {
      "d" : "1756459963972577191",
      "t" : 1756459963972,
      "tn" : 1756459963972577191,
      "q" : "0.01",
      "p" : "306.927",
      "s" : "sell",
      "i" : "AAVEUSD-PERP",
      "m" : "4611686018433327506"
    }, {
      "d" : "1756459963822143147",
      "t" : 1756459963822,
      "tn" : 1756459963822143147,
      "q" : "0.01",
      "p" : "306.942",
      "s" : "sell",
      "i" : "AAVEUSD-PERP",
      "m" : "4611686018433327505"
    }, {
      "d" : "1756459963630674556",
      "t" : 1756459963630,
      "tn" : 1756459963630674556,
      "q" : "0.01",
      "p" : "306.957",
      "s" : "sell",
      "i" : "AAVEUSD-PERP",
      "m" : "4611686018433327504"
    }, {
      "d" : "1756459962885104438",
      "t" : 1756459962885,
      "tn" : 1756459962885104438,
      "q" : "0.01",
      "p" : "306.948",
      "s" : "buy",
      "i" : "AAVEUSD-PERP",
      "m" : "4611686018433327503"
    }, {
      "d" : "1756459958589244658",
      "t" : 1756459958589,
      "tn" : 1756459958589244658,
      "q" : "0.01",
      "p" : "306.917",
      "s" : "sell",
      "i" : "AAVEUSD-PERP",
      "m" : "4611686018433327502"
    }, {
      "d" : "1756459954361339269",
      "t" : 1756459954361,
      "tn" : 1756459954361339269,
      "q" : "0.01",
      "p" : "306.798",
      "s" : "buy",
      "i" : "AAVEUSD-PERP",
      "m" : "4611686018433327501"
    }, {
      "d" : "1756459953279812917",
      "t" : 1756459953279,
      "tn" : 1756459953279812917,
      "q" : "0.01",
      "p" : "306.797",
      "s" : "sell",
      "i" : "AAVEUSD-PERP",
      "m" : "4611686018433327500"
    }, {
      "d" : "1756459952948519595",
      "t" : 1756459952948,
      "tn" : 1756459952948519594,
      "q" : "0.12",
      "p" : "306.788",
      "s" : "buy",
      "i" : "AAVEUSD-PERP",
      "m" : "4611686018433327499"
    }, {
      "d" : "1756459952948519594",
      "t" : 1756459952948,
      "tn" : 1756459952948519594,
      "q" : "0.01",
      "p" : "306.788",
      "s" : "buy",
      "i" : "AAVEUSD-PERP",
      "m" : "4611686018433327499"
    }, {
      "d" : "1756459945212585994",
      "t" : 1756459945212,
      "tn" : 1756459945212585994,
      "q" : "0.01",
      "p" : "306.773",
      "s" : "buy",
      "i" : "AAVEUSD-PERP",
      "m" : "4611686018433327498"
    }, {
      "d" : "1756459945202220920",
      "t" : 1756459945202,
      "tn" : 1756459945202220920,
      "q" : "0.25",
      "p" : "306.754",
      "s" : "sell",
      "i" : "AAVEUSD-PERP",
      "m" : "4611686018433327497"
    }, {
      "d" : "1756459943022020741",
      "t" : 1756459943022,
      "tn" : 1756459943022020741,
      "q" : "0.01",
      "p" : "306.807",
      "s" : "buy",
      "i" : "AAVEUSD-PERP",
      "m" : "4611686018433327496"
    }, {
      "d" : "1756459937330947603",
      "t" : 1756459937330,
      "tn" : 1756459937330947603,
      "q" : "0.01",
      "p" : "306.877",
      "s" : "sell",
      "i" : "AAVEUSD-PERP",
      "m" : "4611686018433327495"
    }, {
      "d" : "1756459934753099580",
      "t" : 1756459934753,
      "tn" : 1756459934753099580,
      "q" : "0.01",
      "p" : "306.887",
      "s" : "buy",
      "i" : "AAVEUSD-PERP",
      "m" : "4611686018433327494"
    }, {
      "d" : "1756459934640821625",
      "t" : 1756459934640,
      "tn" : 1756459934640821625,
      "q" : "0.01",
      "p" : "306.947",
      "s" : "sell",
      "i" : "AAVEUSD-PERP",
      "m" : "4611686018433327493"
    }, {
      "d" : "1756459927773641501",
      "t" : 1756459927773,
      "tn" : 1756459927773641501,
      "q" : "0.01",
      "p" : "306.992",
      "s" : "sell",
      "i" : "AAVEUSD-PERP",
      "m" : "4611686018433327492"
    }, {
      "d" : "1756459926281287691",
      "t" : 1756459926281,
      "tn" : 1756459926281287691,
      "q" : "0.01",
      "p" : "307.037",
      "s" : "sell",
      "i" : "AAVEUSD-PERP",
      "m" : "4611686018433327491"
    }, {
      "d" : "1756459925467447351",
      "t" : 1756459925467,
      "tn" : 1756459925467447351,
      "q" : "0.01",
      "p" : "307.133",
      "s" : "sell",
      "i" : "AAVEUSD-PERP",
      "m" : "4611686018433327490"
    }, {
      "d" : "1756459924121608676",
      "t" : 1756459924121,
      "tn" : 1756459924121608676,
      "q" : "0.01",
      "p" : "307.054",
      "s" : "buy",
      "i" : "AAVEUSD-PERP",
      "m" : "4611686018433327489"
    }, {
      "d" : "1756459920114644458",
      "t" : 1756459920114,
      "tn" : 1756459920114644458,
      "q" : "0.01",
      "p" : "306.983",
      "s" : "sell",
      "i" : "AAVEUSD-PERP",
      "m" : "4611686018433327488"
    }, {
      "d" : "1756459917028207267",
      "t" : 1756459917028,
      "tn" : 1756459917028207267,
      "q" : "0.01",
      "p" : "306.914",
      "s" : "buy",
      "i" : "AAVEUSD-PERP",
      "m" : "4611686018433327487"
    }, {
      "d" : "1756459914253305413",
      "t" : 1756459914253,
      "tn" : 1756459914253305413,
      "q" : "0.01",
      "p" : "306.868",
      "s" : "buy",
      "i" : "AAVEUSD-PERP",
      "m" : "4611686018433327486"
    }, {
      "d" : "1756459913615431839",
      "t" : 1756459913615,
      "tn" : 1756459913615431839,
      "q" : "0.01",
      "p" : "306.823",
      "s" : "buy",
      "i" : "AAVEUSD-PERP",
      "m" : "4611686018433327485"
    }, {
      "d" : "1756459913221006716",
      "t" : 1756459913221,
      "tn" : 1756459913221006716,
      "q" : "0.01",
      "p" : "306.777",
      "s" : "buy",
      "i" : "AAVEUSD-PERP",
      "m" : "4611686018433327484"
    }, {
      "d" : "1756459911823229440",
      "t" : 1756459911823,
      "tn" : 1756459911823229440,
      "q" : "0.01",
      "p" : "306.732",
      "s" : "buy",
      "i" : "AAVEUSD-PERP",
      "m" : "4611686018433327483"
    }, {
      "d" : "1756459904915007304",
      "t" : 1756459904915,
      "tn" : 1756459904915007304,
      "q" : "0.01",
      "p" : "306.801",
      "s" : "sell",
      "i" : "AAVEUSD-PERP",
      "m" : "4611686018433327482"
    }, {
      "d" : "1756459900286272130",
      "t" : 1756459900286,
      "tn" : 1756459900286272130,
      "q" : "0.01",
      "p" : "306.947",
      "s" : "sell",
      "i" : "AAVEUSD-PERP",
      "m" : "4611686018433327481"
    }, {
      "d" : "1756459890518635658",
      "t" : 1756459890518,
      "tn" : 1756459890518635658,
      "q" : "0.01",
      "p" : "306.938",
      "s" : "buy",
      "i" : "AAVEUSD-PERP",
      "m" : "4611686018433327480"
    }, {
      "d" : "1756459887365802953",
      "t" : 1756459887365,
      "tn" : 1756459887365802953,
      "q" : "0.01",
      "p" : "306.942",
      "s" : "buy",
      "i" : "AAVEUSD-PERP",
      "m" : "4611686018433327479"
    }, {
      "d" : "1756459887214458409",
      "t" : 1756459887214,
      "tn" : 1756459887214458409,
      "q" : "0.01",
      "p" : "306.991",
      "s" : "sell",
      "i" : "AAVEUSD-PERP",
      "m" : "4611686018433327478"
    }, {
      "d" : "1756459885262303216",
      "t" : 1756459885262,
      "tn" : 1756459885262303216,
      "q" : "0.01",
      "p" : "307.107",
      "s" : "sell",
      "i" : "AAVEUSD-PERP",
      "m" : "4611686018433327477"
    }, {
      "d" : "1756459885150033068",
      "t" : 1756459885150,
      "tn" : 1756459885150033068,
      "q" : "0.01",
      "p" : "307.172",
      "s" : "sell",
      "i" : "AAVEUSD-PERP",
      "m" : "4611686018433327476"
    }, {
      "d" : "1756459885039432148",
      "t" : 1756459885039,
      "tn" : 1756459885039432148,
      "q" : "0.01",
      "p" : "307.217",
      "s" : "sell",
      "i" : "AAVEUSD-PERP",
      "m" : "4611686018433327475"
    }, {
      "d" : "1756459882747657813",
      "t" : 1756459882747,
      "tn" : 1756459882747657813,
      "q" : "0.01",
      "p" : "307.158",
      "s" : "buy",
      "i" : "AAVEUSD-PERP",
      "m" : "4611686018433327474"
    }, {
      "d" : "1756459881054321048",
      "t" : 1756459881054,
      "tn" : 1756459881054321048,
      "q" : "0.01",
      "p" : "307.063",
      "s" : "buy",
      "i" : "AAVEUSD-PERP",
      "m" : "4611686018433327473"
    }, {
      "d" : "1756459879593942925",
      "t" : 1756459879593,
      "tn" : 1756459879593942925,
      "q" : "0.01",
      "p" : "306.948",
      "s" : "buy",
      "i" : "AAVEUSD-PERP",
      "m" : "4611686018433327472"
    }, {
      "d" : "1756459878699815174",
      "t" : 1756459878699,
      "tn" : 1756459878699815174,
      "q" : "0.01",
      "p" : "306.892",
      "s" : "buy",
      "i" : "AAVEUSD-PERP",
      "m" : "4611686018433327471"
    }, {
      "d" : "1756459875677076518",
      "t" : 1756459875677,
      "tn" : 1756459875677076518,
      "q" : "0.01",
      "p" : "307.024",
      "s" : "sell",
      "i" : "AAVEUSD-PERP",
      "m" : "4611686018433327470"
    }, {
      "d" : "1756459875039601051",
      "t" : 1756459875039,
      "tn" : 1756459875039601051,
      "q" : "0.01",
      "p" : "307.111",
      "s" : "sell",
      "i" : "AAVEUSD-PERP",
      "m" : "4611686018433327469"
    }, {
      "d" : "1756459874152248372",
      "t" : 1756459874152,
      "tn" : 1756459874152248372,
      "q" : "0.01",
      "p" : "307.132",
      "s" : "buy",
      "i" : "AAVEUSD-PERP",
      "m" : "4611686018433327468"
    }, {
      "d" : "1756459873815946529",
      "t" : 1756459873815,
      "tn" : 1756459873815946529,
      "q" : "0.01",
      "p" : "307.151",
      "s" : "sell",
      "i" : "AAVEUSD-PERP",
      "m" : "4611686018433327467"
    }, {
      "d" : "1756459870806726461",
      "t" : 1756459870806,
      "tn" : 1756459870806726461,
      "q" : "0.01",
      "p" : "307.162",
      "s" : "buy",
      "i" : "AAVEUSD-PERP",
      "m" : "4611686018433327466"
    }, {
      "d" : "1756459869867735482",
      "t" : 1756459869867,
      "tn" : 1756459869867735482,
      "q" : "0.01",
      "p" : "307.201",
      "s" : "sell",
      "i" : "AAVEUSD-PERP",
      "m" : "4611686018433327465"
    }, {
      "d" : "1756459865246181913",
      "t" : 1756459865246,
      "tn" : 1756459865246181913,
      "q" : "0.01",
      "p" : "307.247",
      "s" : "sell",
      "i" : "AAVEUSD-PERP",
      "m" : "4611686018433327464"
    }, {
      "d" : "1756459864392133084",
      "t" : 1756459864392,
      "tn" : 1756459864392133084,
      "q" : "0.01",
      "p" : "307.262",
      "s" : "sell",
      "i" : "AAVEUSD-PERP",
      "m" : "4611686018433327463"
    }, {
      "d" : "1756459864049210423",
      "t" : 1756459864049,
      "tn" : 1756459864049210423,
      "q" : "0.01",
      "p" : "307.278",
      "s" : "sell",
      "i" : "AAVEUSD-PERP",
      "m" : "4611686018433327462"
    }, {
      "d" : "1756459863391848319",
      "t" : 1756459863391,
      "tn" : 1756459863391848319,
      "q" : "0.01",
      "p" : "307.258",
      "s" : "buy",
      "i" : "AAVEUSD-PERP",
      "m" : "4611686018433327461"
    }, {
      "d" : "1756459862912041455",
      "t" : 1756459862912,
      "tn" : 1756459862912041455,
      "q" : "0.01",
      "p" : "307.173",
      "s" : "buy",
      "i" : "AAVEUSD-PERP",
      "m" : "4611686018433327460"
    }, {
      "d" : "1756459862018939357",
      "t" : 1756459862018,
      "tn" : 1756459862018939357,
      "q" : "0.01",
      "p" : "307.138",
      "s" : "buy",
      "i" : "AAVEUSD-PERP",
      "m" : "4611686018433327459"
    }, {
      "d" : "1756459858804920725",
      "t" : 1756459858804,
      "tn" : 1756459858804920725,
      "q" : "0.01",
      "p" : "307.187",
      "s" : "sell",
      "i" : "AAVEUSD-PERP",
      "m" : "4611686018433327458"
    }, {
      "d" : "1756459854325850451",
      "t" : 1756459854325,
      "tn" : 1756459854325850451,
      "q" : "0.01",
      "p" : "307.198",
      "s" : "buy",
      "i" : "AAVEUSD-PERP",
      "m" : "4611686018433327457"
    }, {
      "d" : "1756459853977414001",
      "t" : 1756459853977,
      "tn" : 1756459853977414001,
      "q" : "0.01",
      "p" : "307.152",
      "s" : "buy",
      "i" : "AAVEUSD-PERP",
      "m" : "4611686018433327456"
    }, {
      "d" : "1756459844813561383",
      "t" : 1756459844813,
      "tn" : 1756459844813561383,
      "q" : "0.01",
      "p" : "307.231",
      "s" : "sell",
      "i" : "AAVEUSD-PERP",
      "m" : "4611686018433327455"
    }, {
      "d" : "1756459844610695771",
      "t" : 1756459844610,
      "tn" : 1756459844610695771,
      "q" : "0.01",
      "p" : "307.247",
      "s" : "sell",
      "i" : "AAVEUSD-PERP",
      "m" : "4611686018433327454"
    }, {
      "d" : "1756459844214873507",
      "t" : 1756459844214,
      "tn" : 1756459844214873507,
      "q" : "0.01",
      "p" : "307.292",
      "s" : "sell",
      "i" : "AAVEUSD-PERP",
      "m" : "4611686018433327453"
    }, {
      "d" : "1756459843668759700",
      "t" : 1756459843668,
      "tn" : 1756459843668759700,
      "q" : "0.01",
      "p" : "307.308",
      "s" : "sell",
      "i" : "AAVEUSD-PERP",
      "m" : "4611686018433327452"
    }, {
      "d" : "1756459841739667178",
      "t" : 1756459841739,
      "tn" : 1756459841739667178,
      "q" : "0.01",
      "p" : "307.323",
      "s" : "sell",
      "i" : "AAVEUSD-PERP",
      "m" : "4611686018433327451"
    }, {
      "d" : "1756459839356466375",
      "t" : 1756459839356,
      "tn" : 1756459839356466375,
      "q" : "0.01",
      "p" : "307.244",
      "s" : "buy",
      "i" : "AAVEUSD-PERP",
      "m" : "4611686018433327450"
    }, {
      "d" : "1756459839356464448",
      "t" : 1756459839356,
      "tn" : 1756459839356464448,
      "q" : "0.01",
      "p" : "307.241",
      "s" : "buy",
      "i" : "AAVEUSD-PERP",
      "m" : "4611686018433327449"
    }, {
      "d" : "1756459839027117170",
      "t" : 1756459839027,
      "tn" : 1756459839027117170,
      "q" : "0.01",
      "p" : "307.198",
      "s" : "buy",
      "i" : "AAVEUSD-PERP",
      "m" : "4611686018433327448"
    }, {
      "d" : "1756459838872414117",
      "t" : 1756459838872,
      "tn" : 1756459838872414117,
      "q" : "0.01",
      "p" : "307.173",
      "s" : "buy",
      "i" : "AAVEUSD-PERP",
      "m" : "4611686018433327447"
    }, {
      "d" : "1756459838872412354",
      "t" : 1756459838872,
      "tn" : 1756459838872412354,
      "q" : "0.25",
      "p" : "307.172",
      "s" : "buy",
      "i" : "AAVEUSD-PERP",
      "m" : "4611686018433327446"
    }, {
      "d" : "1756459831154873176",
      "t" : 1756459831154,
      "tn" : 1756459831154873176,
      "q" : "0.01",
      "p" : "307.162",
      "s" : "sell",
      "i" : "AAVEUSD-PERP",
      "m" : "4611686018433327445"
    }, {
      "d" : "1756459831039088481",
      "t" : 1756459831039,
      "tn" : 1756459831039088481,
      "q" : "0.01",
      "p" : "307.177",
      "s" : "sell",
      "i" : "AAVEUSD-PERP",
      "m" : "4611686018433327444"
    }, {
      "d" : "1756459826266028439",
      "t" : 1756459826266,
      "tn" : 1756459826266028439,
      "q" : "0.01",
      "p" : "307.108",
      "s" : "buy",
      "i" : "AAVEUSD-PERP",
      "m" : "4611686018433327443"
    }, {
      "d" : "1756459825247525539",
      "t" : 1756459825247,
      "tn" : 1756459825247525539,
      "q" : "0.01",
      "p" : "307.053",
      "s" : "buy",
      "i" : "AAVEUSD-PERP",
      "m" : "4611686018433327442"
    }, {
      "d" : "1756459825021739763",
      "t" : 1756459825021,
      "tn" : 1756459825021739763,
      "q" : "0.01",
      "p" : "307.008",
      "s" : "buy",
      "i" : "AAVEUSD-PERP",
      "m" : "4611686018433327441"
    }, {
      "d" : "1756459814829442071",
      "t" : 1756459814829,
      "tn" : 1756459814829442071,
      "q" : "0.01",
      "p" : "307.002",
      "s" : "buy",
      "i" : "AAVEUSD-PERP",
      "m" : "4611686018433327440"
    }, {
      "d" : "1756459814645793263",
      "t" : 1756459814645,
      "tn" : 1756459814645793263,
      "q" : "0.25",
      "p" : "307.016",
      "s" : "sell",
      "i" : "AAVEUSD-PERP",
      "m" : "4611686018433327439"
    }, {
      "d" : "1756459813316315012",
      "t" : 1756459813316,
      "tn" : 1756459813316315012,
      "q" : "0.01",
      "p" : "307.111",
      "s" : "sell",
      "i" : "AAVEUSD-PERP",
      "m" : "4611686018433327438"
    }, {
      "d" : "1756459812490768443",
      "t" : 1756459812490,
      "tn" : 1756459812490768443,
      "q" : "0.01",
      "p" : "307.157",
      "s" : "sell",
      "i" : "AAVEUSD-PERP",
      "m" : "4611686018433327437"
    }, {
      "d" : "1756459810400640109",
      "t" : 1756459810400,
      "tn" : 1756459810400640109,
      "q" : "0.01",
      "p" : "307.118",
      "s" : "buy",
      "i" : "AAVEUSD-PERP",
      "m" : "4611686018433327436"
    }, {
      "d" : "1756459809340037414",
      "t" : 1756459809340,
      "tn" : 1756459809340037414,
      "q" : "0.01",
      "p" : "307.102",
      "s" : "buy",
      "i" : "AAVEUSD-PERP",
      "m" : "4611686018433327435"
    }, {
      "d" : "1756459809210450172",
      "t" : 1756459809210,
      "tn" : 1756459809210450172,
      "q" : "0.01",
      "p" : "307.131",
      "s" : "sell",
      "i" : "AAVEUSD-PERP",
      "m" : "4611686018433327434"
    }, {
      "d" : "1756459808517434616",
      "t" : 1756459808517,
      "tn" : 1756459808517434616,
      "q" : "0.01",
      "p" : "307.157",
      "s" : "sell",
      "i" : "AAVEUSD-PERP",
      "m" : "4611686018433327433"
    }, {
      "d" : "1756459806980343876",
      "t" : 1756459806980,
      "tn" : 1756459806980343876,
      "q" : "0.01",
      "p" : "307.322",
      "s" : "sell",
      "i" : "AAVEUSD-PERP",
      "m" : "4611686018433327432"
    }, {
      "d" : "1756459806764491094",
      "t" : 1756459806764,
      "tn" : 1756459806764491094,
      "q" : "0.01",
      "p" : "307.338",
      "s" : "sell",
      "i" : "AAVEUSD-PERP",
      "m" : "4611686018433327431"
    }, {
      "d" : "1756459805525119539",
      "t" : 1756459805525,
      "tn" : 1756459805525119539,
      "q" : "0.01",
      "p" : "307.288",
      "s" : "buy",
      "i" : "AAVEUSD-PERP",
      "m" : "4611686018433327430"
    }, {
      "d" : "1756459805525117460",
      "t" : 1756459805525,
      "tn" : 1756459805525117460,
      "q" : "0.25",
      "p" : "307.274",
      "s" : "buy",
      "i" : "AAVEUSD-PERP",
      "m" : "4611686018433327429"
    }, {
      "d" : "1756459803249344522",
      "t" : 1756459803249,
      "tn" : 1756459803249344522,
      "q" : "0.01",
      "p" : "307.267",
      "s" : "sell",
      "i" : "AAVEUSD-PERP",
      "m" : "4611686018433327428"
    }, {
      "d" : "1756459800604977641",
      "t" : 1756459800604,
      "tn" : 1756459800604977641,
      "q" : "0.01",
      "p" : "307.188",
      "s" : "buy",
      "i" : "AAVEUSD-PERP",
      "m" : "4611686018433327427"
    }, {
      "d" : "1756459800167126747",
      "t" : 1756459800167,
      "tn" : 1756459800167126747,
      "q" : "0.01",
      "p" : "307.133",
      "s" : "buy",
      "i" : "AAVEUSD-PERP",
      "m" : "4611686018433327426"
    }, {
      "d" : "1756459792439205868",
      "t" : 1756459792439,
      "tn" : 1756459792439205868,
      "q" : "0.01",
      "p" : "307.162",
      "s" : "sell",
      "i" : "AAVEUSD-PERP",
      "m" : "4611686018433327425"
    }, {
      "d" : "1756459792212186028",
      "t" : 1756459792212,
      "tn" : 1756459792212186028,
      "q" : "0.01",
      "p" : "307.133",
      "s" : "buy",
      "i" : "AAVEUSD-PERP",
      "m" : "4611686018433327424"
    }, {
      "d" : "1756459790552839539",
      "t" : 1756459790552,
      "tn" : 1756459790552839539,
      "q" : "0.01",
      "p" : "307.162",
      "s" : "sell",
      "i" : "AAVEUSD-PERP",
      "m" : "4611686018433327423"
    }, {
      "d" : "1756459789856011657",
      "t" : 1756459789856,
      "tn" : 1756459789856011657,
      "q" : "0.01",
      "p" : "307.133",
      "s" : "buy",
      "i" : "AAVEUSD-PERP",
      "m" : "4611686018433327422"
    }, {
      "d" : "1756459789123797168",
      "t" : 1756459789123,
      "tn" : 1756459789123797168,
      "q" : "0.01",
      "p" : "307.142",
      "s" : "sell",
      "i" : "AAVEUSD-PERP",
      "m" : "4611686018433327421"
    }, {
      "d" : "1756459788516689233",
      "t" : 1756459788516,
      "tn" : 1756459788516689233,
      "q" : "0.40",
      "p" : "307.162",
      "s" : "sell",
      "i" : "AAVEUSD-PERP",
      "m" : "4611686018433327420"
    }, {
      "d" : "1756459788516686839",
      "t" : 1756459788516,
      "tn" : 1756459788516686839,
      "q" : "0.01",
      "p" : "307.179",
      "s" : "sell",
      "i" : "AAVEUSD-PERP",
      "m" : "4611686018433327419"
    }, {
      "d" : "1756459788516677439",
      "t" : 1756459788516,
      "tn" : 1756459788516677439,
      "q" : "0.12",
      "p" : "307.196",
      "s" : "sell",
      "i" : "AAVEUSD-PERP",
      "m" : "4611686018433327418"
    }, {
      "d" : "1756459788485112381",
      "t" : 1756459788485,
      "tn" : 1756459788485112381,
      "q" : "0.01",
      "p" : "307.267",
      "s" : "sell",
      "i" : "AAVEUSD-PERP",
      "m" : "4611686018433327417"
    }, {
      "d" : "1756459764384846288",
      "t" : 1756459764384,
      "tn" : 1756459764384846288,
      "q" : "0.01",
      "p" : "307.229",
      "s" : "sell",
      "i" : "AAVEUSD-PERP",
      "m" : "4611686018433327416"
    }, {
      "d" : "1756459763969288955",
      "t" : 1756459763969,
      "tn" : 1756459763969288955,
      "q" : "0.25",
      "p" : "307.208",
      "s" : "buy",
      "i" : "AAVEUSD-PERP",
      "m" : "4611686018433327415"
    }, {
      "d" : "1756459760827052653",
      "t" : 1756459760827,
      "tn" : 1756459760827052653,
      "q" : "0.01",
      "p" : "307.124",
      "s" : "buy",
      "i" : "AAVEUSD-PERP",
      "m" : "4611686018433327414"
    }, {
      "d" : "1756459760827050944",
      "t" : 1756459760827,
      "tn" : 1756459760827050944,
      "q" : "0.25",
      "p" : "307.123",
      "s" : "buy",
      "i" : "AAVEUSD-PERP",
      "m" : "4611686018433327413"
    }, {
      "d" : "1756459745486093725",
      "t" : 1756459745486,
      "tn" : 1756459745486093725,
      "q" : "0.01",
      "p" : "307.018",
      "s" : "buy",
      "i" : "AAVEUSD-PERP",
      "m" : "4611686018433327412"
    }, {
      "d" : "1756459744727433572",
      "t" : 1756459744727,
      "tn" : 1756459744727433572,
      "q" : "0.01",
      "p" : "306.933",
      "s" : "buy",
      "i" : "AAVEUSD-PERP",
      "m" : "4611686018433327411"
    }, {
      "d" : "1756459727140182787",
      "t" : 1756459727140,
      "tn" : 1756459727140182787,
      "q" : "0.01",
      "p" : "306.918",
      "s" : "buy",
      "i" : "AAVEUSD-PERP",
      "m" : "4611686018433327410"
    }, {
      "d" : "1756459724048709813",
      "t" : 1756459724048,
      "tn" : 1756459724048709813,
      "q" : "0.01",
      "p" : "306.917",
      "s" : "sell",
      "i" : "AAVEUSD-PERP",
      "m" : "4611686018433327409"
    }, {
      "d" : "1756459717376738795",
      "t" : 1756459717376,
      "tn" : 1756459717376738795,
      "q" : "0.01",
      "p" : "306.939",
      "s" : "buy",
      "i" : "AAVEUSD-PERP",
      "m" : "4611686018433327408"
    }, {
      "d" : "1756459713707285536",
      "t" : 1756459713707,
      "tn" : 1756459713707285536,
      "q" : "0.01",
      "p" : "307.107",
      "s" : "sell",
      "i" : "AAVEUSD-PERP",
      "m" : "4611686018433327407"
    }, {
      "d" : "1756459710521167268",
      "t" : 1756459710521,
      "tn" : 1756459710521167268,
      "q" : "0.01",
      "p" : "307.122",
      "s" : "sell",
      "i" : "AAVEUSD-PERP",
      "m" : "4611686018433327406"
    }, {
      "d" : "1756459710365705671",
      "t" : 1756459710365,
      "tn" : 1756459710365705671,
      "q" : "0.01",
      "p" : "307.147",
      "s" : "sell",
      "i" : "AAVEUSD-PERP",
      "m" : "4611686018433327405"
    }, {
      "d" : "1756459705372938922",
      "t" : 1756459705372,
      "tn" : 1756459705372938922,
      "q" : "0.01",
      "p" : "307.158",
      "s" : "buy",
      "i" : "AAVEUSD-PERP",
      "m" : "4611686018433327404"
    }, {
      "d" : "1756459699450799821",
      "t" : 1756459699450,
      "tn" : 1756459699450799821,
      "q" : "0.12",
      "p" : "307.189",
      "s" : "sell",
      "i" : "AAVEUSD-PERP",
      "m" : "4611686018433327403"
    }, {
      "d" : "1756459699449409786",
      "t" : 1756459699449,
      "tn" : 1756459699449409786,
      "q" : "0.01",
      "p" : "307.237",
      "s" : "sell",
      "i" : "AAVEUSD-PERP",
      "m" : "4611686018433327402"
    }, {
      "d" : "1756459693086466642",
      "t" : 1756459693086,
      "tn" : 1756459693086466642,
      "q" : "0.01",
      "p" : "307.108",
      "s" : "buy",
      "i" : "AAVEUSD-PERP",
      "m" : "4611686018433327401"
    }, {
      "d" : "1756459688661626860",
      "t" : 1756459688661,
      "tn" : 1756459688661626860,
      "q" : "0.01",
      "p" : "307.083",
      "s" : "buy",
      "i" : "AAVEUSD-PERP",
      "m" : "4611686018433327400"
    }, {
      "d" : "1756459685547974865",
      "t" : 1756459685547,
      "tn" : 1756459685547974865,
      "q" : "0.01",
      "p" : "307.072",
      "s" : "sell",
      "i" : "AAVEUSD-PERP",
      "m" : "4611686018433327399"
    }, {
      "d" : "1756459685359168316",
      "t" : 1756459685359,
      "tn" : 1756459685359168316,
      "q" : "0.01",
      "p" : "307.097",
      "s" : "sell",
      "i" : "AAVEUSD-PERP",
      "m" : "4611686018433327398"
    }, {
      "d" : "1756459682826035756",
      "t" : 1756459682826,
      "tn" : 1756459682826035756,
      "q" : "0.01",
      "p" : "306.978",
      "s" : "buy",
      "i" : "AAVEUSD-PERP",
      "m" : "4611686018433327397"
    }, {
      "d" : "1756459682061538007",
      "t" : 1756459682061,
      "tn" : 1756459682061538007,
      "q" : "0.01",
      "p" : "306.967",
      "s" : "sell",
      "i" : "AAVEUSD-PERP",
      "m" : "4611686018433327396"
    }, {
      "d" : "1756459681552527064",
      "t" : 1756459681552,
      "tn" : 1756459681552527064,
      "q" : "0.01",
      "p" : "306.918",
      "s" : "buy",
      "i" : "AAVEUSD-PERP",
      "m" : "4611686018433327395"
    }, {
      "d" : "1756459678775013496",
      "t" : 1756459678775,
      "tn" : 1756459678775013496,
      "q" : "0.01",
      "p" : "306.823",
      "s" : "buy",
      "i" : "AAVEUSD-PERP",
      "m" : "4611686018433327394"
    }, {
      "d" : "1756459671236509814",
      "t" : 1756459671236,
      "tn" : 1756459671236509814,
      "q" : "0.01",
      "p" : "306.808",
      "s" : "buy",
      "i" : "AAVEUSD-PERP",
      "m" : "4611686018433327393"
    }, {
      "d" : "1756459671083655816",
      "t" : 1756459671083,
      "tn" : 1756459671083655816,
      "q" : "0.01",
      "p" : "306.847",
      "s" : "sell",
      "i" : "AAVEUSD-PERP",
      "m" : "4611686018433327392"
    }, {
      "d" : "1756459670380248244",
      "t" : 1756459670380,
      "tn" : 1756459670380248244,
      "q" : "0.01",
      "p" : "306.857",
      "s" : "buy",
      "i" : "AAVEUSD-PERP",
      "m" : "4611686018433327391"
    }, {
      "d" : "1756459670244716987",
      "t" : 1756459670244,
      "tn" : 1756459670244716987,
      "q" : "0.01",
      "p" : "306.867",
      "s" : "sell",
      "i" : "AAVEUSD-PERP",
      "m" : "4611686018433327390"
    }, {
      "d" : "1756459665564657637",
      "t" : 1756459665564,
      "tn" : 1756459665564657637,
      "q" : "0.01",
      "p" : "306.952",
      "s" : "sell",
      "i" : "AAVEUSD-PERP",
      "m" : "4611686018433327389"
    }, {
      "d" : "1756459662624408728",
      "t" : 1756459662624,
      "tn" : 1756459662624408728,
      "q" : "0.01",
      "p" : "306.943",
      "s" : "buy",
      "i" : "AAVEUSD-PERP",
      "m" : "4611686018433327388"
    }, {
      "d" : "1756459657818198788",
      "t" : 1756459657818,
      "tn" : 1756459657818198788,
      "q" : "0.01",
      "p" : "306.918",
      "s" : "buy",
      "i" : "AAVEUSD-PERP",
      "m" : "4611686018433327387"
    }, {
      "d" : "1756459651484335137",
      "t" : 1756459651484,
      "tn" : 1756459651484335137,
      "q" : "0.25",
      "p" : "306.969",
      "s" : "sell",
      "i" : "AAVEUSD-PERP",
      "m" : "4611686018433327386"
    }, {
      "d" : "1756459651460995453",
      "t" : 1756459651460,
      "tn" : 1756459651460995453,
      "q" : "0.01",
      "p" : "306.987",
      "s" : "sell",
      "i" : "AAVEUSD-PERP",
      "m" : "4611686018433327385"
    }, {
      "d" : "1756459649999932945",
      "t" : 1756459649999,
      "tn" : 1756459649999932945,
      "q" : "0.01",
      "p" : "307.012",
      "s" : "sell",
      "i" : "AAVEUSD-PERP",
      "m" : "4611686018433327384"
    }, {
      "d" : "1756459648502831413",
      "t" : 1756459648502,
      "tn" : 1756459648502831413,
      "q" : "0.01",
      "p" : "306.973",
      "s" : "buy",
      "i" : "AAVEUSD-PERP",
      "m" : "4611686018433327383"
    }, {
      "d" : "1756459646649384988",
      "t" : 1756459646649,
      "tn" : 1756459646649384988,
      "q" : "0.01",
      "p" : "306.918",
      "s" : "buy",
      "i" : "AAVEUSD-PERP",
      "m" : "4611686018433327382"
    }, {
      "d" : "1756459646069147654",
      "t" : 1756459646069,
      "tn" : 1756459646069147654,
      "q" : "0.01",
      "p" : "306.876",
      "s" : "buy",
      "i" : "AAVEUSD-PERP",
      "m" : "4611686018433327381"
    }, {
      "d" : "1756459641911658771",
      "t" : 1756459641911,
      "tn" : 1756459641911658771,
      "q" : "0.01",
      "p" : "306.911",
      "s" : "sell",
      "i" : "AAVEUSD-PERP",
      "m" : "4611686018433327380"
    }, {
      "d" : "1756459639756677199",
      "t" : 1756459639756,
      "tn" : 1756459639756677199,
      "q" : "0.01",
      "p" : "307.017",
      "s" : "sell",
      "i" : "AAVEUSD-PERP",
      "m" : "4611686018433327379"
    }, {
      "d" : "1756459637299546169",
      "t" : 1756459637299,
      "tn" : 1756459637299546169,
      "q" : "0.01",
      "p" : "307.052",
      "s" : "sell",
      "i" : "AAVEUSD-PERP",
      "m" : "4611686018433327378"
    }, {
      "d" : "1756459632881667402",
      "t" : 1756459632881,
      "tn" : 1756459632881667402,
      "q" : "0.01",
      "p" : "307.053",
      "s" : "buy",
      "i" : "AAVEUSD-PERP",
      "m" : "4611686018433327377"
    }, {
      "d" : "1756459632378382572",
      "t" : 1756459632378,
      "tn" : 1756459632378382572,
      "q" : "0.01",
      "p" : "307.082",
      "s" : "sell",
      "i" : "AAVEUSD-PERP",
      "m" : "4611686018433327376"
    }, {
      "d" : "1756459629473323617",
      "t" : 1756459629473,
      "tn" : 1756459629473323617,
      "q" : "0.01",
      "p" : "307.053",
      "s" : "buy",
      "i" : "AAVEUSD-PERP",
      "m" : "4611686018433327375"
    }, {
      "d" : "1756459623663213705",
      "t" : 1756459623663,
      "tn" : 1756459623663213705,
      "q" : "0.01",
      "p" : "307.048",
      "s" : "buy",
      "i" : "AAVEUSD-PERP",
      "m" : "4611686018433327374"
    }, {
      "d" : "1756459619982732230",
      "t" : 1756459619982,
      "tn" : 1756459619982732230,
      "q" : "0.01",
      "p" : "307.067",
      "s" : "sell",
      "i" : "AAVEUSD-PERP",
      "m" : "4611686018433327373"
    }, {
      "d" : "1756459612075412716",
      "t" : 1756459612075,
      "tn" : 1756459612075412716,
      "q" : "0.25",
      "p" : "307.107",
      "s" : "sell",
      "i" : "AAVEUSD-PERP",
      "m" : "4611686018433327372"
    }, {
      "d" : "1756459611061742411",
      "t" : 1756459611061,
      "tn" : 1756459611061742411,
      "q" : "0.01",
      "p" : "307.108",
      "s" : "buy",
      "i" : "AAVEUSD-PERP",
      "m" : "4611686018433327371"
    }, {
      "d" : "1756459610981557907",
      "t" : 1756459610981,
      "tn" : 1756459610981557907,
      "q" : "0.25",
      "p" : "307.130",
      "s" : "sell",
      "i" : "AAVEUSD-PERP",
      "m" : "4611686018433327370"
    }, {
      "d" : "1756459610901669979",
      "t" : 1756459610901,
      "tn" : 1756459610901669979,
      "q" : "0.01",
      "p" : "307.177",
      "s" : "sell",
      "i" : "AAVEUSD-PERP",
      "m" : "4611686018433327369"
    }, {
      "d" : "1756459605932368708",
      "t" : 1756459605932,
      "tn" : 1756459605932368708,
      "q" : "0.01",
      "p" : "307.198",
      "s" : "buy",
      "i" : "AAVEUSD-PERP",
      "m" : "4611686018433327368"
    }, {
      "d" : "1756459605225402648",
      "t" : 1756459605225,
      "tn" : 1756459605225402648,
      "q" : "0.01",
      "p" : "307.142",
      "s" : "buy",
      "i" : "AAVEUSD-PERP",
      "m" : "4611686018433327367"
    } ]
  }
}