{
  "id" : -1,
  "method" : "public/get-trades",
  "code" : 0,
  "result" : {
    "data" : [ {
      "d" : "1756459832392787840",
      "t" : 1756459832392,
      "tn" : 1756459832392787840,
      "q" : "0.004",
      "p" : "307.056",
      "s" : "buy",
      "i" : "AAVE_USDT",
      "m" : "4611686018433339236"
    }, {
      "d" : "1756459788521746550",
      "t" : 1756459788521,
      "tn" : 1756459788521746550,
      "q" : "0.004",
      "p" : "307.159",
      "s" : "sell",
      "i" : "AAVE_USDT",
      "m" : "4611686018433339235"
    }, {
      "d" : "1756459788516673280",
      "t" : 1756459788516,
      "tn" : 1756459788516673280,
      "q" : "0.162",
      "p" : "307.161",
      "s" : "sell",
      "i" : "AAVE_USDT",
      "m" : "4611686018433339234"
    }, {
      "d" : "1756459744734676985",
      "t" : 1756459744734,
      "tn" : 1756459744734676985,
      "q" : "0.203",
      "p" : "306.870",
      "s" : "buy",
      "i" : "AAVE_USDT",
      "m" : "4611686018433339233"
    }, {
      "d" : "1756459696691363782",
      "t" : 1756459696691,
      "tn" : 1756459696691363782,
      "q" : "0.203",
      "p" : "307.113",
      "s" : "buy",
      "i" : "AAVE_USDT",
      "m" : "4611686018433339232"
    }, {
      "d" : "1756459696691194518",
      "t" : 1756459696691,
      "tn" : 1756459696691194518,
      "q" : "0.004",
      "p" : "307.076",
      "s" : "buy",
      "i" : "AAVE_USDT",
      "m" : "4611686018433339231"
    }, {
      "d" : "1756459681552677163",
      "t" : 1756459681552,
      "tn" : 1756459681552677162,
      "q" : "0.004",
      "p" : "306.826",
      "s" : "buy",
      "i" : "AAVE_USDT",
      "m" : "4611686018433339230"
    }, {
      "d" : "1756459681552677162",
      "t" : 1756459681552,
      "tn" : 1756459681552677162,
      "q" : "0.203",
      "p" : "306.826",
      "s" : "buy",
      "i" : "AAVE_USDT",
      "m" : "4611686018433339230"
    }, {
      "d" : "1756459678719519530",
      "t" : 1756459678719,
      "tn" : 1756459678719519529,
      "q" : "0.203",
      "p" : "306.736",
      "s" : "buy",
      "i" : "AAVE_USDT",
      "m" : "4611686018433339229"
    }, {
      "d" : "1756459678719519529",
      "t" : 1756459678719,
      "tn" : 1756459678719519529,
      "q" : "0.004",
      "p" : "306.736",
      "s" : "buy",
      "i" : "AAVE_USDT",
      "m" : "4611686018433339229"
    }, {
      "d" : "1756459657819280165",
      "t" : 1756459657819,
      "tn" : 1756459657819280165,
      "q" : "0.004",
      "p" : "306.876",
      "s" : "buy",
      "i" : "AAVE_USDT",
      "m" : "4611686018433339228"
    }, {
      "d" : "1756459591246103359",
      "t" : 1756459591246,
      "tn" : 1756459591246103359,
      "q" : "0.203",
      "p" : "307.371",
      "s" : "buy",
      "i" : "AAVE_USDT",
      "m" : "4611686018433339227"
    }, {
      "d" : "1756459591246102484",
      "t" : 1756459591246,
      "tn" : 1756459591246102484,
      "q" : "0.004",
      "p" : "307.346",
      "s" : "buy",
      "i" : "AAVE_USDT",
      "m" : "4611686018433339226"
    }, {
      "d" : "1756459587396608475",
      "t" : 1756459587396,
      "tn" : 1756459587396608475,
      "q" : "0.203",
      "p" : "307.332",
      "s" : "buy",
      "i" : "AAVE_USDT",
      "m" : "4611686018433339225"
    }, {
      "d" : "1756459587396606053",
      "t" : 1756459587396,
      "tn" : 1756459587396606053,
      "q" : "0.004",
      "p" : "307.276",
      "s" : "buy",
      "i" : "AAVE_USDT",
      "m" : "4611686018433339224"
    }, {
      "d" : "1756459581876073665",
      "t" : 1756459581876,
      "tn" : 1756459581876073665,
      "q" : "0.004",
      "p" : "307.226",
      "s" : "buy",
      "i" : "AAVE_USDT",
      "m" : "4611686018433339223"
    }, {
      "d" : "1756459549724851669",
      "t" : 1756459549724,
      "tn" : 1756459549724851669,
      "q" : "0.004",
      "p" : "307.036",
      "s" : "buy",
      "i" : "AAVE_USDT",
      "m" : "4611686018433339222"
    }, {
      "d" : "1756459545892088068",
      "t" : 1756459545892,
      "tn" : 1756459545892088068,
      "q" : "0.004",
      "p" : "306.916",
      "s" : "buy",
      "i" : "AAVE_USDT",
      "m" : "4611686018433339221"
    }, {
      "d" : "1756459545638415408",
      "t" : 1756459545638,
      "tn" : 1756459545638415408,
      "q" : "0.004",
      "p" : "306.906",
      "s" : "buy",
      "i" : "AAVE_USDT",
      "m" : "4611686018433339220"
    }, {
      "d" : "1756459545486381981",
      "t" : 1756459545486,
      "tn" : 1756459545486381981,
      "q" : "0.004",
      "p" : "306.871",
      "s" : "buy",
      "i" : "AAVE_USDT",
      "m" : "4611686018433339219"
    }, {
      "d" : "1756459545441452737",
      "t" : 1756459545441,
      "tn" : 1756459545441452737,
      "q" : "0.004",
      "p" : "306.856",
      "s" : "buy",
      "i" : "AAVE_USDT",
      "m" : "4611686018433339218"
    }, {
      "d" : "1756459545402804513",
      "t" : 1756459545402,
      "tn" : 1756459545402804513,
      "q" : "0.004",
      "p" : "306.821",
      "s" : "buy",
      "i" : "AAVE_USDT",
      "m" : "4611686018433339217"
    }, {
      "d" : "1756459545367120665",
      "t" : 1756459545367,
      "tn" : 1756459545367120665,
      "q" : "0.126",
      "p" : "306.843",
      "s" : "buy",
      "i" : "AAVE_USDT",
      "m" : "4611686018433339216"
    }, {
      "d" : "1756459545366456744",
      "t" : 1756459545366,
      "tn" : 1756459545366456744,
      "q" : "0.073",
      "p" : "306.843",
      "s" : "buy",
      "i" : "AAVE_USDT",
      "m" : "4611686018433339215"
    }, {
      "d" : "1756459545366455589",
      "t" : 1756459545366,
      "tn" : 1756459545366455589,
      "q" : "0.004",
      "p" : "306.801",
      "s" : "buy",
      "i" : "AAVE_USDT",
      "m" : "4611686018433339214"
    }, {
      "d" : "1756459509653004827",
      "t" : 1756459509653,
      "tn" : 1756459509653004827,
      "q" : "0.004",
      "p" : "306.626",
      "s" : "buy",
      "i" : "AAVE_USDT",
      "m" : "4611686018433339213"
    }, {
      "d" : "1756459509402211034",
      "t" : 1756459509402,
      "tn" : 1756459509402211034,
      "q" : "0.004",
      "p" : "306.626",
      "s" : "buy",
      "i" : "AAVE_USDT",
      "m" : "4611686018433339212"
    }, {
      "d" : "1756459364772820049",
      "t" : 1756459364772,
      "tn" : 1756459364772820049,
      "q" : "0.720",
      "p" : "307.178",
      "s" : "sell",
      "i" : "AAVE_USDT",
      "m" : "4611686018433339211"
    }, {
      "d" : "1756459325676095935",
      "t" : 1756459325676,
      "tn" : 1756459325676095935,
      "q" : "0.004",
      "p" : "306.876",
      "s" : "buy",
      "i" : "AAVE_USDT",
      "m" : "4611686018433339210"
    }, {
      "d" : "1756459325454118713",
      "t" : 1756459325454,
      "tn" : 1756459325454118713,
      "q" : "0.745",
      "p" : "306.764",
      "s" : "sell",
      "i" : "AAVE_USDT",
      "m" : "4611686018433339209"
    }, {
      "d" : "1756459324787843375",
      "t" : 1756459324787,
      "tn" : 1756459324787843375,
      "q" : "0.595",
      "p" : "306.902",
      "s" : "sell",
      "i" : "AAVE_USDT",
      "m" : "4611686018433339208"
    }, {
      "d" : "1756459324661106868",
      "t" : 1756459324661,
      "tn" : 1756459324661106868,
      "q" : "0.745",
      "p" : "306.902",
      "s" : "sell",
      "i" : "AAVE_USDT",
      "m" : "4611686018433339207"
    }, {
      "d" : "1756459314546450874",
      "t" : 1756459314546,
      "tn" : 1756459314546450874,
      "q" : "0.742",
      "p" : "306.835",
      "s" : "sell",
      "i" : "AAVE_USDT",
      "m" : "4611686018433339206"
    }, {
      "d" : "1756459314546448936",
      "t" : 1756459314546,
      "tn" : 1756459314546448936,
      "q" : "0.004",
      "p" : "306.904",
      "s" : "sell",
      "i" : "AAVE_USDT",
      "m" : "4611686018433339205"
    }, {
      "d" : "1756459301592693548",
      "t" : 1756459301592,
      "tn" : 1756459301592693548,
      "q" : "0.004",
      "p" : "306.866",
      "s" : "buy",
      "i" : "AAVE_USDT",
      "m" : "4611686018433339204"
    }, {
      "d" : "1756459267035860462",
      "t" : 1756459267035,
      "tn" : 1756459267035860462,
      "q" : "0.004",
      "p" : "306.766",
      "s" : "buy",
      "i" : "AAVE_USDT",
      "m" : "4611686018433339203"
    }, {
      "d" : "1756459266882656062",
      "t" : 1756459266882,
      "tn" : 1756459266882656062,
      "q" : "0.004",
      "p" : "306.740",
      "s" : "buy",
      "i" : "AAVE_USDT",
      "m" : "4611686018433339202"
    }, {
      "d" : "1756459263973049173",
      "t" : 1756459263973,
      "tn" : 1756459263973049173,
      "q" : "0.004",
      "p" : "306.656",
      "s" : "buy",
      "i" : "AAVE_USDT",
      "m" : "4611686018433339201"
    }, {
      "d" : "1756459263903370344",
      "t" : 1756459263903,
      "tn" : 1756459263903370344,
      "q" : "0.004",
      "p" : "306.636",
      "s" : "buy",
      "i" : "AAVE_USDT",
      "m" : "4611686018433339200"
    }, {
      "d" : "1756459262551817544",
      "t" : 1756459262551,
      "tn" : 1756459262551817544,
      "q" : "0.004",
      "p" : "306.636",
      "s" : "buy",
      "i" : "AAVE_USDT",
      "m" : "4611686018433339199"
    }, {
      "d" : "1756459261352204140",
      "t" : 1756459261352,
      "tn" : 1756459261352204140,
      "q" : "0.004",
      "p" : "306.636",
      "s" : "buy",
      "i" : "AAVE_USDT",
      "m" : "4611686018433339198"
    }, {
      "d" : "1756459224059059201",
      "t" : 1756459224059,
      "tn" : 1756459224059059201,
      "q" : "0.004",
      "p" : "306.825",
      "s" : "buy",
      "i" : "AAVE_USDT",
      "m" : "4611686018433339197"
    }, {
      "d" : "1756459207161534543",
      "t" : 1756459207161,
      "tn" : 1756459207161534543,
      "q" : "0.097",
      "p" : "306.694",
      "s" : "buy",
      "i" : "AAVE_USDT",
      "m" : "4611686018433339196"
    }, {
      "d" : "1756459192259234779",
      "t" : 1756459192259,
      "tn" : 1756459192259234779,
      "q" : "0.004",
      "p" : "306.496",
      "s" : "buy",
      "i" : "AAVE_USDT",
      "m" : "4611686018433339195"
    }, {
      "d" : "1756459183542413012",
      "t" : 1756459183542,
      "tn" : 1756459183542413012,
      "q" : "0.163",
      "p" : "306.525",
      "s" : "buy",
      "i" : "AAVE_USDT",
      "m" : "4611686018433339194"
    }, {
      "d" : "1756459183542410395",
      "t" : 1756459183542,
      "tn" : 1756459183542410395,
      "q" : "0.004",
      "p" : "306.496",
      "s" : "buy",
      "i" : "AAVE_USDT",
      "m" : "4611686018433339193"
    }, {
      "d" : "1756459174947160154",
      "t" : 1756459174947,
      "tn" : 1756459174947160153,
      "q" : "1.628",
      "p" : "306.501",
      "s" : "buy",
      "i" : "AAVE_USDT",
      "m" : "4611686018433339192"
    }, {
      "d" : "1756459174947160153",
      "t" : 1756459174947,
      "tn" : 1756459174947160153,
      "q" : "3.957",
      "p" : "306.501",
      "s" : "buy",
      "i" : "AAVE_USDT",
      "m" : "4611686018433339192"
    }, {
      "d" : "1756459174946968422",
      "t" : 1756459174946,
      "tn" : 1756459174946968422,
      "q" : "1.563",
      "p" : "306.501",
      "s" : "buy",
      "i" : "AAVE_USDT",
      "m" : "4611686018433339191"
    }, {
      "d" : "1756459157942943214",
      "t" : 1756459157942,
      "tn" : 1756459157942943214,
      "q" : "0.004",
      "p" : "306.226",
      "s" : "buy",
      "i" : "AAVE_USDT",
      "m" : "4611686018433339190"
    }, {
      "d" : "1756459069473223759",
      "t" : 1756459069473,
      "tn" : 1756459069473223759,
      "q" : "0.163",
      "p" : "305.885",
      "s" : "buy",
      "i" : "AAVE_USDT",
      "m" : "4611686018433339189"
    }, {
      "d" : "1756459069473221551",
      "t" : 1756459069473,
      "tn" : 1756459069473221551,
      "q" : "0.004",
      "p" : "305.856",
      "s" : "buy",
      "i" : "AAVE_USDT",
      "m" : "4611686018433339188"
    }, {
      "d" : "1756459050696558022",
      "t" : 1756459050696,
      "tn" : 1756459050696558022,
      "q" : "0.163",
      "p" : "305.956",
      "s" : "buy",
      "i" : "AAVE_USDT",
      "m" : "4611686018433339187"
    }, {
      "d" : "1756459050696555423",
      "t" : 1756459050696,
      "tn" : 1756459050696555423,
      "q" : "0.004",
      "p" : "305.926",
      "s" : "buy",
      "i" : "AAVE_USDT",
      "m" : "4611686018433339186"
    }, {
      "d" : "1756459021875634488",
      "t" : 1756459021875,
      "tn" : 1756459021875634488,
      "q" : "0.004",
      "p" : "305.946",
      "s" : "buy",
      "i" : "AAVE_USDT",
      "m" : "4611686018433339185"
    }, {
      "d" : "1756459020205604080",
      "t" : 1756459020205,
      "tn" : 1756459020205604080,
      "q" : "0.004",
      "p" : "305.956",
      "s" : "buy",
      "i" : "AAVE_USDT",
      "m" : "4611686018433339184"
    }, {
      "d" : "1756459011712464724",
      "t" : 1756459011712,
      "tn" : 1756459011712464724,
      "q" : "0.004",
      "p" : "305.986",
      "s" : "buy",
      "i" : "AAVE_USDT",
      "m" : "4611686018433339183"
    }, {
      "d" : "1756459008986085949",
      "t" : 1756459008986,
      "tn" : 1756459008986085949,
      "q" : "0.004",
      "p" : "305.976",
      "s" : "buy",
      "i" : "AAVE_USDT",
      "m" : "4611686018433339182"
    }, {
      "d" : "1756459008735323613",
      "t" : 1756459008735,
      "tn" : 1756459008735323613,
      "q" : "0.004",
      "p" : "305.976",
      "s" : "buy",
      "i" : "AAVE_USDT",
      "m" : "4611686018433339181"
    }, {
      "d" : "1756459007529760430",
      "t" : 1756459007529,
      "tn" : 1756459007529760430,
      "q" : "0.004",
      "p" : "305.976",
      "s" : "buy",
      "i" : "AAVE_USDT",
      "m" : "4611686018433339180"
    }, {
      "d" : "1756459007278955647",
      "t" : 1756459007278,
      "tn" : 1756459007278955647,
      "q" : "0.004",
      "p" : "305.976",
      "s" : "buy",
      "i" : "AAVE_USDT",
      "m" : "4611686018433339179"
    }, {
      "d" : "1756459007028122692",
      "t" : 1756459007028,
      "tn" : 1756459007028122692,
      "q" : "0.004",
      "p" : "305.976",
      "s" : "buy",
      "i" : "AAVE_USDT",
      "m" : "4611686018433339178"
    }, {
      "d" : "1756459006777300282",
      "t" : 1756459006777,
      "tn" : 1756459006777300282,
      "q" : "0.004",
      "p" : "305.976",
      "s" : "buy",
      "i" : "AAVE_USDT",
      "m" : "4611686018433339177"
    }, {
      "d" : "1756459003432191131",
      "t" : 1756459003432,
      "tn" : 1756459003432191131,
      "q" : "0.004",
      "p" : "305.926",
      "s" : "buy",
      "i" : "AAVE_USDT",
      "m" : "4611686018433339176"
    }, {
      "d" : "1756459000247586861",
      "t" : 1756459000247,
      "tn" : 1756459000247586861,
      "q" : "0.004",
      "p" : "305.926",
      "s" : "buy",
      "i" : "AAVE_USDT",
      "m" : "4611686018433339175"
    }, {
      "d" : "1756458999180120758",
      "t" : 1756458999180,
      "tn" : 1756458999180120758,
      "q" : "0.004",
      "p" : "305.946",
      "s" : "buy",
      "i" : "AAVE_USDT",
      "m" : "4611686018433339174"
    }, {
      "d" : "1756458998929325202",
      "t" : 1756458998929,
      "tn" : 1756458998929325202,
      "q" : "0.004",
      "p" : "305.916",
      "s" : "buy",
      "i" : "AAVE_USDT",
      "m" : "4611686018433339173"
    }, {
      "d" : "1756458998916742539",
      "t" : 1756458998916,
      "tn" : 1756458998916742539,
      "q" : "0.004",
      "p" : "305.916",
      "s" : "buy",
      "i" : "AAVE_USDT",
      "m" : "4611686018433339172"
    }, {
      "d" : "1756458982717590040",
      "t" : 1756458982717,
      "tn" : 1756458982717590040,
      "q" : "0.004",
      "p" : "305.756",
      "s" : "buy",
      "i" : "AAVE_USDT",
      "m" : "4611686018433339171"
    }, {
      "d" : "1756458982714758052",
      "t" : 1756458982714,
      "tn" : 1756458982714758052,
      "q" : "0.004",
      "p" : "305.756",
      "s" : "buy",
      "i" : "AAVE_USDT",
      "m" : "4611686018433339170"
    }, {
      "d" : "1756458982687651256",
      "t" : 1756458982687,
      "tn" : 1756458982687651256,
      "q" : "0.004",
      "p" : "305.756",
      "s" : "buy",
      "i" : "AAVE_USDT",
      "m" : "4611686018433339169"
    }, {
      "d" : "1756458919048264596",
      "t" : 1756458919048,
      "tn" : 1756458919048264596,
      "q" : "0.163",
      "p" : "305.179",
      "s" : "buy",
      "i" : "AAVE_USDT",
      "m" : "4611686018433339168"
    }, {
      "d" : "1756458707438135276",
      "t" : 1756458707438,
      "tn" : 1756458707438135276,
      "q" : "0.004",
      "p" : "305.496",
      "s" : "buy",
      "i" : "AAVE_USDT",
      "m" : "4611686018433339167"
    }, {
      "d" : "1756458707438133373",
      "t" : 1756458707438,
      "tn" : 1756458707438133373,
      "q" : "0.097",
      "p" : "305.494",
      "s" : "buy",
      "i" : "AAVE_USDT",
      "m" : "4611686018433339166"
    }, {
      "d" : "1756458624143611676",
      "t" : 1756458624143,
      "tn" : 1756458624143611676,
      "q" : "0.004",
      "p" : "304.766",
      "s" : "buy",
      "i" : "AAVE_USDT",
      "m" : "4611686018433339165"
    }, {
      "d" : "1756458554816878997",
      "t" : 1756458554816,
      "tn" : 1756458554816878997,
      "q" : "0.201",
      "p" : "305.057",
      "s" : "sell",
      "i" : "AAVE_USDT",
      "m" : "4611686018433339164"
    }, {
      "d" : "1756458554816877074",
      "t" : 1756458554816,
      "tn" : 1756458554816877074,
      "q" : "0.004",
      "p" : "305.074",
      "s" : "sell",
      "i" : "AAVE_USDT",
      "m" : "4611686018433339163"
    }, {
      "d" : "1756458554814568356",
      "t" : 1756458554814,
      "tn" : 1756458554814568356,
      "q" : "0.164",
      "p" : "305.076",
      "s" : "sell",
      "i" : "AAVE_USDT",
      "m" : "4611686018433339162"
    }, {
      "d" : "1756458528713455064",
      "t" : 1756458528713,
      "tn" : 1756458528713455064,
      "q" : "0.004",
      "p" : "304.496",
      "s" : "buy",
      "i" : "AAVE_USDT",
      "m" : "4611686018433339161"
    }, {
      "d" : "1756458528703346833",
      "t" : 1756458528703,
      "tn" : 1756458528703346833,
      "q" : "0.004",
      "p" : "304.496",
      "s" : "buy",
      "i" : "AAVE_USDT",
      "m" : "4611686018433339160"
    }, {
      "d" : "1756458528663272242",
      "t" : 1756458528663,
      "tn" : 1756458528663272242,
      "q" : "0.004",
      "p" : "304.496",
      "s" : "buy",
      "i" : "AAVE_USDT",
      "m" : "4611686018433339159"
    }, {
      "d" : "1756458528613168895",
      "t" : 1756458528613,
      "tn" : 1756458528613168895,
      "q" : "0.004",
      "p" : "304.496",
      "s" : "buy",
      "i" : "AAVE_USDT",
      "m" : "4611686018433339158"
    }, {
      "d" : "1756458528540883433",
      "t" : 1756458528540,
      "tn" : 1756458528540883433,
      "q" : "0.004",
      "p" : "304.496",
      "s" : "buy",
      "i" : "AAVE_USDT",
      "m" : "4611686018433339157"
    }, {
      "d" : "1756458528492992494",
      "t" : 1756458528492,
      "tn" : 1756458528492992494,
      "q" : "0.004",
      "p" : "304.496",
      "s" : "buy",
      "i" : "AAVE_USDT",
      "m" : "4611686018433339156"
    }, {
      "d" : "1756458528477997253",
      "t" : 1756458528477,
      "tn" : 1756458528477997253,
      "q" : "0.004",
      "p" : "304.496",
      "s" : "buy",
      "i" : "AAVE_USDT",
      "m" : "4611686018433339155"
    }, {
      "d" : "1756458528452364270",
      "t" : 1756458528452,
      "tn" : 1756458528452364270,
      "q" : "0.004",
      "p" : "304.496",
      "s" : "buy",
      "i" : "AAVE_USDT",
      "m" : "4611686018433339154"
    }, {
      "d" : "1756458528196899198",
      "t" : 1756458528196,
      "tn" : 1756458528196899198,
      "q" : "0.004",
      "p" : "304.496",
      "s" : "buy",
      "i" : "AAVE_USDT",
      "m" : "4611686018433339153"
    }, {
      "d" : "1756458528041653067",
      "t" : 1756458528041,
      "tn" : 1756458528041653067,
      "q" : "0.004",
      "p" : "304.496",
      "s" : "buy",
      "i" : "AAVE_USDT",
      "m" : "4611686018433339152"
    }, {
      "d" : "1756458511359396795",
      "t" : 1756458511359,
      "tn" : 1756458511359396795,
      "q" : "0.004",
      "p" : "304.404",
      "s" : "sell",
      "i" : "AAVE_USDT",
      "m" : "4611686018433339151"
    }, {
      "d" : "1756458496914323376",
      "t" : 1756458496914,
      "tn" : 1756458496914323376,
      "q" : "0.004",
      "p" : "304.306",
      "s" : "buy",
      "i" : "AAVE_USDT",
      "m" : "4611686018433339150"
    }, {
      "d" : "1756458496884937083",
      "t" : 1756458496884,
      "tn" : 1756458496884937083,
      "q" : "0.004",
      "p" : "304.306",
      "s" : "buy",
      "i" : "AAVE_USDT",
      "m" : "4611686018433339149"
    }, {
      "d" : "1756458482983432092",
      "t" : 1756458482983,
      "tn" : 1756458482983432092,
      "q" : "0.004",
      "p" : "304.375",
      "s" : "sell",
      "i" : "AAVE_USDT",
      "m" : "4611686018433339148"
    }, {
      "d" : "1756458467038050410",
      "t" : 1756458467038,
      "tn" : 1756458467038050410,
      "q" : "0.097",
      "p" : "304.294",
      "s" : "sell",
      "i" : "AAVE_USDT",
      "m" : "4611686018433339147"
    }, {
      "d" : "1756458450669540056",
      "t" : 1756458450669,
      "tn" : 1756458450669540056,
      "q" : "0.004",
      "p" : "304.436",
      "s" : "buy",
      "i" : "AAVE_USDT",
      "m" : "4611686018433339146"
    }, {
      "d" : "1756458433182703666",
      "t" : 1756458433182,
      "tn" : 1756458433182703666,
      "q" : "0.004",
      "p" : "304.426",
      "s" : "buy",
      "i" : "AAVE_USDT",
      "m" : "4611686018433339145"
    }, {
      "d" : "1756458432903252718",
      "t" : 1756458432903,
      "tn" : 1756458432903252718,
      "q" : "0.004",
      "p" : "304.426",
      "s" : "buy",
      "i" : "AAVE_USDT",
      "m" : "4611686018433339144"
    }, {
      "d" : "1756458426223941689",
      "t" : 1756458426223,
      "tn" : 1756458426223941689,
      "q" : "0.004",
      "p" : "304.654",
      "s" : "sell",
      "i" : "AAVE_USDT",
      "m" : "4611686018433339143"
    }, {
      "d" : "1756458408201878759",
      "t" : 1756458408201,
      "tn" : 1756458408201878759,
      "q" : "0.004",
      "p" : "304.814",
      "s" : "sell",
      "i" : "AAVE_USDT",
      "m" : "4611686018433339142"
    }, {
      "d" : "1756458408201876474",
      "t" : 1756458408201,
      "tn" : 1756458408201876474,
      "q" : "0.164",
      "p" : "304.815",
      "s" : "sell",
      "i" : "AAVE_USDT",
      "m" : "4611686018433339141"
    }, {
      "d" : "1756458384565178391",
      "t" : 1756458384565,
      "tn" : 1756458384565178391,
      "q" : "0.004",
      "p" : "304.854",
      "s" : "sell",
      "i" : "AAVE_USDT",
      "m" : "4611686018433339140"
    }, {
      "d" : "1756458382232124188",
      "t" : 1756458382232,
      "tn" : 1756458382232124188,
      "q" : "0.004",
      "p" : "304.844",
      "s" : "sell",
      "i" : "AAVE_USDT",
      "m" : "4611686018433339139"
    }, {
      "d" : "1756458280051647854",
      "t" : 1756458280051,
      "tn" : 1756458280051647854,
      "q" : "0.004",
      "p" : "304.686",
      "s" : "buy",
      "i" : "AAVE_USDT",
      "m" : "4611686018433339138"
    }, {
      "d" : "1756458263666917229",
      "t" : 1756458263666,
      "tn" : 1756458263666917229,
      "q" : "0.004",
      "p" : "304.654",
      "s" : "sell",
      "i" : "AAVE_USDT",
      "m" : "4611686018433339137"
    }, {
      "d" : "1756458240638707462",
      "t" : 1756458240638,
      "tn" : 1756458240638707462,
      "q" : "0.004",
      "p" : "304.724",
      "s" : "sell",
      "i" : "AAVE_USDT",
      "m" : "4611686018433339136"
    }, {
      "d" : "1756458240194683241",
      "t" : 1756458240194,
      "tn" : 1756458240194683241,
      "q" : "0.004",
      "p" : "304.834",
      "s" : "sell",
      "i" : "AAVE_USDT",
      "m" : "4611686018433339135"
    }, {
      "d" : "1756458209171855676",
      "t" : 1756458209171,
      "tn" : 1756458209171855676,
      "q" : "0.004",
      "p" : "305.116",
      "s" : "buy",
      "i" : "AAVE_USDT",
      "m" : "4611686018433339134"
    }, {
      "d" : "1756458181669933024",
      "t" : 1756458181669,
      "tn" : 1756458181669933024,
      "q" : "0.004",
      "p" : "304.861",
      "s" : "buy",
      "i" : "AAVE_USDT",
      "m" : "4611686018433339133"
    }, {
      "d" : "1756458180769674935",
      "t" : 1756458180769,
      "tn" : 1756458180769674935,
      "q" : "0.004",
      "p" : "304.896",
      "s" : "buy",
      "i" : "AAVE_USDT",
      "m" : "4611686018433339132"
    }, {
      "d" : "1756458180693526164",
      "t" : 1756458180693,
      "tn" : 1756458180693526164,
      "q" : "0.098",
      "p" : "304.990",
      "s" : "sell",
      "i" : "AAVE_USDT",
      "m" : "4611686018433339131"
    }, {
      "d" : "1756458180058660346",
      "t" : 1756458180058,
      "tn" : 1756458180058660346,
      "q" : "0.004",
      "p" : "305.054",
      "s" : "sell",
      "i" : "AAVE_USDT",
      "m" : "4611686018433339130"
    }, {
      "d" : "1756458166488175006",
      "t" : 1756458166488,
      "tn" : 1756458166488175006,
      "q" : "0.004",
      "p" : "305.200",
      "s" : "buy",
      "i" : "AAVE_USDT",
      "m" : "4611686018433339129"
    }, {
      "d" : "1756458165218579744",
      "t" : 1756458165218,
      "tn" : 1756458165218579744,
      "q" : "0.004",
      "p" : "305.205",
      "s" : "buy",
      "i" : "AAVE_USDT",
      "m" : "4611686018433339128"
    }, {
      "d" : "1756458155749141119",
      "t" : 1756458155749,
      "tn" : 1756458155749141119,
      "q" : "0.004",
      "p" : "305.374",
      "s" : "sell",
      "i" : "AAVE_USDT",
      "m" : "4611686018433339127"
    }, {
      "d" : "1756458140455518521",
      "t" : 1756458140455,
      "tn" : 1756458140455518521,
      "q" : "1.596",
      "p" : "305.400",
      "s" : "sell",
      "i" : "AAVE_USDT",
      "m" : "4611686018433339126"
    }, {
      "d" : "1756458140455516951",
      "t" : 1756458140455,
      "tn" : 1756458140455516951,
      "q" : "0.004",
      "p" : "305.444",
      "s" : "sell",
      "i" : "AAVE_USDT",
      "m" : "4611686018433339125"
    }, {
      "d" : "1756458139080678202",
      "t" : 1756458139080,
      "tn" : 1756458139080678202,
      "q" : "1.296",
      "p" : "305.320",
      "s" : "sell",
      "i" : "AAVE_USDT",
      "m" : "4611686018433339124"
    }, {
      "d" : "1756458139080676449",
      "t" : 1756458139080,
      "tn" : 1756458139080676449,
      "q" : "0.004",
      "p" : "305.324",
      "s" : "sell",
      "i" : "AAVE_USDT",
      "m" : "4611686018433339123"
    }, {
      "d" : "1756458129196364530",
      "t" : 1756458129196,
      "tn" : 1756458129196364530,
      "q" : "0.096",
      "p" : "305.445",
      "s" : "sell",
      "i" : "AAVE_USDT",
      "m" : "4611686018433339122"
    }, {
      "d" : "1756458129196362967",
      "t" : 1756458129196,
      "tn" : 1756458129196362967,
      "q" : "0.004",
      "p" : "305.484",
      "s" : "sell",
      "i" : "AAVE_USDT",
      "m" : "4611686018433339121"
    }, {
      "d" : "1756458118688591242",
      "t" : 1756458118688,
      "tn" : 1756458118688591242,
      "q" : "1.596",
      "p" : "305.419",
      "s" : "sell",
      "i" : "AAVE_USDT",
      "m" : "4611686018433339120"
    }, {
      "d" : "1756458118688589504",
      "t" : 1756458118688,
      "tn" : 1756458118688589504,
      "q" : "0.004",
      "p" : "305.434",
      "s" : "sell",
      "i" : "AAVE_USDT",
      "m" : "4611686018433339119"
    }, {
      "d" : "1756458106922171017",
      "t" : 1756458106922,
      "tn" : 1756458106922171017,
      "q" : "1.596",
      "p" : "305.438",
      "s" : "sell",
      "i" : "AAVE_USDT",
      "m" : "4611686018433339118"
    }, {
      "d" : "1756458106922169527",
      "t" : 1756458106922,
      "tn" : 1756458106922169527,
      "q" : "0.004",
      "p" : "305.484",
      "s" : "sell",
      "i" : "AAVE_USDT",
      "m" : "4611686018433339117"
    }, {
      "d" : "1756458084471552228",
      "t" : 1756458084471,
      "tn" : 1756458084471552228,
      "q" : "0.100",
      "p" : "305.755",
      "s" : "sell",
      "i" : "AAVE_USDT",
      "m" : "4611686018433339116"
    }, {
      "d" : "1756458068942700676",
      "t" : 1756458068942,
      "tn" : 1756458068942700676,
      "q" : "0.004",
      "p" : "305.810",
      "s" : "sell",
      "i" : "AAVE_USDT",
      "m" : "4611686018433339115"
    }, {
      "d" : "1756458060225313641",
      "t" : 1756458060225,
      "tn" : 1756458060225313641,
      "q" : "3.696",
      "p" : "305.530",
      "s" : "sell",
      "i" : "AAVE_USDT",
      "m" : "4611686018433339114"
    }, {
      "d" : "1756458060225313041",
      "t" : 1756458060225,
      "tn" : 1756458060225313041,
      "q" : "0.004",
      "p" : "305.564",
      "s" : "sell",
      "i" : "AAVE_USDT",
      "m" : "4611686018433339113"
    }, {
      "d" : "1756458042602429693",
      "t" : 1756458042602,
      "tn" : 1756458042602429693,
      "q" : "1.600",
      "p" : "305.738",
      "s" : "sell",
      "i" : "AAVE_USDT",
      "m" : "4611686018433339112"
    }, {
      "d" : "1756458034941559767",
      "t" : 1756458034941,
      "tn" : 1756458034941559767,
      "q" : "0.949",
      "p" : "305.615",
      "s" : "sell",
      "i" : "AAVE_USDT",
      "m" : "4611686018433339111"
    }, {
      "d" : "1756458034941557082",
      "t" : 1756458034941,
      "tn" : 1756458034941557082,
      "q" : "0.651",
      "p" : "305.616",
      "s" : "sell",
      "i" : "AAVE_USDT",
      "m" : "4611686018433339110"
    }, {
      "d" : "1756458032791171299",
      "t" : 1756458032791,
      "tn" : 1756458032791171299,
      "q" : "0.004",
      "p" : "305.704",
      "s" : "sell",
      "i" : "AAVE_USDT",
      "m" : "4611686018433339109"
    }, {
      "d" : "1756458031192110244",
      "t" : 1756458031192,
      "tn" : 1756458031192110244,
      "q" : "0.004",
      "p" : "305.764",
      "s" : "sell",
      "i" : "AAVE_USDT",
      "m" : "4611686018433339108"
    }, {
      "d" : "1756458026710305181",
      "t" : 1756458026710,
      "tn" : 1756458026710305181,
      "q" : "0.004",
      "p" : "305.734",
      "s" : "sell",
      "i" : "AAVE_USDT",
      "m" : "4611686018433339107"
    }, {
      "d" : "1756458006491333270",
      "t" : 1756458006491,
      "tn" : 1756458006491333270,
      "q" : "0.100",
      "p" : "305.714",
      "s" : "sell",
      "i" : "AAVE_USDT",
      "m" : "4611686018433339106"
    }, {
      "d" : "1756458003798454075",
      "t" : 1756458003798,
      "tn" : 1756458003798454075,
      "q" : "0.100",
      "p" : "305.715",
      "s" : "sell",
      "i" : "AAVE_USDT",
      "m" : "4611686018433339105"
    }, {
      "d" : "1756458001460869860",
      "t" : 1756458001460,
      "tn" : 1756458001460869860,
      "q" : "0.096",
      "p" : "305.660",
      "s" : "sell",
      "i" : "AAVE_USDT",
      "m" : "4611686018433339104"
    }, {
      "d" : "1756458001460868507",
      "t" : 1756458001460,
      "tn" : 1756458001460868507,
      "q" : "0.004",
      "p" : "305.694",
      "s" : "sell",
      "i" : "AAVE_USDT",
      "m" : "4611686018433339103"
    }, {
      "d" : "1756458000260900347",
      "t" : 1756458000260,
      "tn" : 1756458000260900347,
      "q" : "0.004",
      "p" : "305.694",
      "s" : "sell",
      "i" : "AAVE_USDT",
      "m" : "4611686018433339102"
    }, {
      "d" : "1756458000210424681",
      "t" : 1756458000210,
      "tn" : 1756458000210424681,
      "q" : "0.004",
      "p" : "305.834",
      "s" : "sell",
      "i" : "AAVE_USDT",
      "m" : "4611686018433339101"
    }, {
      "d" : "1756457994340619052",
      "t" : 1756457994340,
      "tn" : 1756457994340619052,
      "q" : "1.596",
      "p" : "305.733",
      "s" : "sell",
      "i" : "AAVE_USDT",
      "m" : "4611686018433339100"
    }, {
      "d" : "1756457994340616344",
      "t" : 1756457994340,
      "tn" : 1756457994340616344,
      "q" : "0.004",
      "p" : "305.804",
      "s" : "sell",
      "i" : "AAVE_USDT",
      "m" : "4611686018433339099"
    }, {
      "d" : "1756457987788777288",
      "t" : 1756457987788,
      "tn" : 1756457987788777288,
      "q" : "0.096",
      "p" : "305.794",
      "s" : "sell",
      "i" : "AAVE_USDT",
      "m" : "4611686018433339098"
    }, {
      "d" : "1756457987788775905",
      "t" : 1756457987788,
      "tn" : 1756457987788775905,
      "q" : "0.004",
      "p" : "305.795",
      "s" : "sell",
      "i" : "AAVE_USDT",
      "m" : "4611686018433339097"
    }, {
      "d" : "1756457970849360226",
      "t" : 1756457970849,
      "tn" : 1756457970849360226,
      "q" : "0.096",
      "p" : "305.784",
      "s" : "sell",
      "i" : "AAVE_USDT",
      "m" : "4611686018433339096"
    }, {
      "d" : "1756457970849357466",
      "t" : 1756457970849,
      "tn" : 1756457970849357466,
      "q" : "0.004",
      "p" : "305.794",
      "s" : "sell",
      "i" : "AAVE_USDT",
      "m" : "4611686018433339095"
    }, {
      "d" : "1756457967771122991",
      "t" : 1756457967771,
      "tn" : 1756457967771122991,
      "q" : "0.004",
      "p" : "305.776",
      "s" : "buy",
      "i" : "AAVE_USDT",
      "m" : "4611686018433339094"
    }, {
      "d" : "1756457953330991972",
      "t" : 1756457953330,
      "tn" : 1756457953330991972,
      "q" : "1.533",
      "p" : "305.755",
      "s" : "sell",
      "i" : "AAVE_USDT",
      "m" : "4611686018433339093"
    }, {
      "d" : "1756457953330990786",
      "t" : 1756457953330,
      "tn" : 1756457953330990786,
      "q" : "0.004",
      "p" : "305.804",
      "s" : "sell",
      "i" : "AAVE_USDT",
      "m" : "4611686018433339092"
    }, {
      "d" : "1756457953330988196",
      "t" : 1756457953330,
      "tn" : 1756457953330988196,
      "q" : "0.163",
      "p" : "305.811",
      "s" : "sell",
      "i" : "AAVE_USDT",
      "m" : "4611686018433339091"
    }, {
      "d" : "1756457938183646278",
      "t" : 1756457938183,
      "tn" : 1756457938183646278,
      "q" : "0.004",
      "p" : "305.766",
      "s" : "buy",
      "i" : "AAVE_USDT",
      "m" : "4611686018433339090"
    } ]
  }
}