{
  "id" : -1,
  "method" : "public/get-trades",
  "code" : 0,
  "result" : {
    "data" : [ {
      "d" : "1756459878404272661",
      "t" : 1756459878404,
      "tn" : 1756459878404272661,
      "q" : "0.004",
      "p" : "306.931",
      "s" : "sell",
      "i" : "AAVE_USD",
      "m" : "4611686018433047896"
    }, {
      "d" : "1756459832392774320",
      "t" : 1756459832392,
      "tn" : 1756459832392774320,
      "q" : "0.004",
      "p" : "307.102",
      "s" : "buy",
      "i" : "AAVE_USD",
      "m" : "4611686018433047895"
    }, {
      "d" : "1756459788521654140",
      "t" : 1756459788521,
      "tn" : 1756459788521654140,
      "q" : "0.004",
      "p" : "307.206",
      "s" : "sell",
      "i" : "AAVE_USD",
      "m" : "4611686018433047894"
    }, {
      "d" : "1756459696691422004",
      "t" : 1756459696691,
      "tn" : 1756459696691422004,
      "q" : "1.448",
      "p" : "307.157",
      "s" : "buy",
      "i" : "AAVE_USD",
      "m" : "4611686018433047893"
    }, {
      "d" : "1756459696691078918",
      "t" : 1756459696691,
      "tn" : 1756459696691078918,
      "q" : "0.004",
      "p" : "307.122",
      "s" : "buy",
      "i" : "AAVE_USD",
      "m" : "4611686018433047892"
    }, {
      "d" : "1756459639759278573",
      "t" : 1756459639759,
      "tn" : 1756459639759278573,
      "q" : "0.004",
      "p" : "307.016",
      "s" : "sell",
      "i" : "AAVE_USD",
      "m" : "4611686018433047891"
    }, {
      "d" : "1756459591246095146",
      "t" : 1756459591246,
      "tn" : 1756459591246095146,
      "q" : "0.101",
      "p" : "307.428",
      "s" : "buy",
      "i" : "AAVE_USD",
      "m" : "4611686018433047890"
    }, {
      "d" : "1756459591246093011",
      "t" : 1756459591246,
      "tn" : 1756459591246093011,
      "q" : "0.004",
      "p" : "307.392",
      "s" : "buy",
      "i" : "AAVE_USD",
      "m" : "4611686018433047889"
    }, {
      "d" : "1756459587396518714",
      "t" : 1756459587396,
      "tn" : 1756459587396518714,
      "q" : "0.004",
      "p" : "307.322",
      "s" : "buy",
      "i" : "AAVE_USD",
      "m" : "4611686018433047888"
    }, {
      "d" : "1756459581876078116",
      "t" : 1756459581876,
      "tn" : 1756459581876078116,
      "q" : "0.004",
      "p" : "307.272",
      "s" : "buy",
      "i" : "AAVE_USD",
      "m" : "4611686018433047887"
    }, {
      "d" : "1756459556934605413",
      "t" : 1756459556934,
      "tn" : 1756459556934605413,
      "q" : "0.004",
      "p" : "307.271",
      "s" : "sell",
      "i" : "AAVE_USD",
      "m" : "4611686018433047886"
    }, {
      "d" : "1756459545638411660",
      "t" : 1756459545638,
      "tn" : 1756459545638411660,
      "q" : "0.004",
      "p" : "306.952",
      "s" : "buy",
      "i" : "AAVE_USD",
      "m" : "4611686018433047885"
    }, {
      "d" : "1756459545486312680",
      "t" : 1756459545486,
      "tn" : 1756459545486312680,
      "q" : "0.004",
      "p" : "306.917",
      "s" : "buy",
      "i" : "AAVE_USD",
      "m" : "4611686018433047884"
    }, {
      "d" : "1756459545426640688",
      "t" : 1756459545426,
      "tn" : 1756459545426640688,
      "q" : "0.101",
      "p" : "306.911",
      "s" : "buy",
      "i" : "AAVE_USD",
      "m" : "4611686018433047883"
    }, {
      "d" : "1756459545389333865",
      "t" : 1756459545389,
      "tn" : 1756459545389333865,
      "q" : "0.097",
      "p" : "306.902",
      "s" : "buy",
      "i" : "AAVE_USD",
      "m" : "4611686018433047882"
    }, {
      "d" : "1756459545389332963",
      "t" : 1756459545389,
      "tn" : 1756459545389332963,
      "q" : "0.004",
      "p" : "306.867",
      "s" : "buy",
      "i" : "AAVE_USD",
      "m" : "4611686018433047881"
    }, {
      "d" : "1756459545378225073",
      "t" : 1756459545378,
      "tn" : 1756459545378225073,
      "q" : "0.238",
      "p" : "306.902",
      "s" : "buy",
      "i" : "AAVE_USD",
      "m" : "4611686018433047880"
    }, {
      "d" : "1756459518206325948",
      "t" : 1756459518206,
      "tn" : 1756459518206325948,
      "q" : "0.133",
      "p" : "306.672",
      "s" : "sell",
      "i" : "AAVE_USD",
      "m" : "4611686018433047879"
    }, {
      "d" : "1756459518206323671",
      "t" : 1756459518206,
      "tn" : 1756459518206323671,
      "q" : "0.004",
      "p" : "306.681",
      "s" : "sell",
      "i" : "AAVE_USD",
      "m" : "4611686018433047878"
    }, {
      "d" : "1756459509653108932",
      "t" : 1756459509653,
      "tn" : 1756459509653108932,
      "q" : "0.004",
      "p" : "306.672",
      "s" : "buy",
      "i" : "AAVE_USD",
      "m" : "4611686018433047877"
    }, {
      "d" : "1756459509402305610",
      "t" : 1756459509402,
      "tn" : 1756459509402305610,
      "q" : "0.004",
      "p" : "306.672",
      "s" : "buy",
      "i" : "AAVE_USD",
      "m" : "4611686018433047876"
    }, {
      "d" : "1756459364773099078",
      "t" : 1756459364773,
      "tn" : 1756459364773099078,
      "q" : "0.238",
      "p" : "307.211",
      "s" : "sell",
      "i" : "AAVE_USD",
      "m" : "4611686018433047875"
    }, {
      "d" : "1756459364771523897",
      "t" : 1756459364771,
      "tn" : 1756459364771523897,
      "q" : "0.379",
      "p" : "307.211",
      "s" : "sell",
      "i" : "AAVE_USD",
      "m" : "4611686018433047874"
    }, {
      "d" : "1756459364771440363",
      "t" : 1756459364771,
      "tn" : 1756459364771440363,
      "q" : "0.380",
      "p" : "307.211",
      "s" : "sell",
      "i" : "AAVE_USD",
      "m" : "4611686018433047873"
    }, {
      "d" : "1756459364771356555",
      "t" : 1756459364771,
      "tn" : 1756459364771356555,
      "q" : "0.380",
      "p" : "307.211",
      "s" : "sell",
      "i" : "AAVE_USD",
      "m" : "4611686018433047872"
    }, {
      "d" : "1756459364771325206",
      "t" : 1756459364771,
      "tn" : 1756459364771325206,
      "q" : "0.759",
      "p" : "307.211",
      "s" : "sell",
      "i" : "AAVE_USD",
      "m" : "4611686018433047871"
    }, {
      "d" : "1756459364770700235",
      "t" : 1756459364770,
      "tn" : 1756459364770700235,
      "q" : "0.379",
      "p" : "307.211",
      "s" : "sell",
      "i" : "AAVE_USD",
      "m" : "4611686018433047870"
    }, {
      "d" : "1756459364770697242",
      "t" : 1756459364770,
      "tn" : 1756459364770697242,
      "q" : "0.848",
      "p" : "307.211",
      "s" : "sell",
      "i" : "AAVE_USD",
      "m" : "4611686018433047869"
    }, {
      "d" : "1756459364770695444",
      "t" : 1756459364770,
      "tn" : 1756459364770695444,
      "q" : "0.004",
      "p" : "307.276",
      "s" : "sell",
      "i" : "AAVE_USD",
      "m" : "4611686018433047868"
    }, {
      "d" : "1756459267035792813",
      "t" : 1756459267035,
      "tn" : 1756459267035792813,
      "q" : "0.004",
      "p" : "306.812",
      "s" : "buy",
      "i" : "AAVE_USD",
      "m" : "4611686018433047867"
    }, {
      "d" : "1756459266882598911",
      "t" : 1756459266882,
      "tn" : 1756459266882598911,
      "q" : "0.004",
      "p" : "306.787",
      "s" : "buy",
      "i" : "AAVE_USD",
      "m" : "4611686018433047866"
    }, {
      "d" : "1756459263973057681",
      "t" : 1756459263973,
      "tn" : 1756459263973057681,
      "q" : "0.004",
      "p" : "306.702",
      "s" : "buy",
      "i" : "AAVE_USD",
      "m" : "4611686018433047865"
    }, {
      "d" : "1756459263903278176",
      "t" : 1756459263903,
      "tn" : 1756459263903278176,
      "q" : "0.004",
      "p" : "306.682",
      "s" : "buy",
      "i" : "AAVE_USD",
      "m" : "4611686018433047864"
    }, {
      "d" : "1756459262551906974",
      "t" : 1756459262551,
      "tn" : 1756459262551906974,
      "q" : "0.004",
      "p" : "306.682",
      "s" : "buy",
      "i" : "AAVE_USD",
      "m" : "4611686018433047863"
    }, {
      "d" : "1756459261352505538",
      "t" : 1756459261352,
      "tn" : 1756459261352505538,
      "q" : "0.004",
      "p" : "306.682",
      "s" : "buy",
      "i" : "AAVE_USD",
      "m" : "4611686018433047862"
    }, {
      "d" : "1756459231619799220",
      "t" : 1756459231619,
      "tn" : 1756459231619799220,
      "q" : "0.004",
      "p" : "306.901",
      "s" : "sell",
      "i" : "AAVE_USD",
      "m" : "4611686018433047861"
    }, {
      "d" : "1756459231597592209",
      "t" : 1756459231597,
      "tn" : 1756459231597592209,
      "q" : "0.004",
      "p" : "306.906",
      "s" : "sell",
      "i" : "AAVE_USD",
      "m" : "4611686018433047860"
    }, {
      "d" : "1756459223735062298",
      "t" : 1756459223735,
      "tn" : 1756459223735062298,
      "q" : "0.004",
      "p" : "307.001",
      "s" : "sell",
      "i" : "AAVE_USD",
      "m" : "4611686018433047859"
    }, {
      "d" : "1756459212369595323",
      "t" : 1756459212369,
      "tn" : 1756459212369595323,
      "q" : "0.004",
      "p" : "307.051",
      "s" : "sell",
      "i" : "AAVE_USD",
      "m" : "4611686018433047858"
    }, {
      "d" : "1756459207197925446",
      "t" : 1756459207197,
      "tn" : 1756459207197925446,
      "q" : "0.097",
      "p" : "306.765",
      "s" : "buy",
      "i" : "AAVE_USD",
      "m" : "4611686018433047857"
    }, {
      "d" : "1756459175288778001",
      "t" : 1756459175288,
      "tn" : 1756459175288778001,
      "q" : "0.004",
      "p" : "306.650",
      "s" : "sell",
      "i" : "AAVE_USD",
      "m" : "4611686018433047856"
    }, {
      "d" : "1756459174947171657",
      "t" : 1756459174947,
      "tn" : 1756459174947171657,
      "q" : "4.912",
      "p" : "306.515",
      "s" : "buy",
      "i" : "AAVE_USD",
      "m" : "4611686018433047855"
    }, {
      "d" : "1756459144891769075",
      "t" : 1756459144891,
      "tn" : 1756459144891769075,
      "q" : "0.004",
      "p" : "306.121",
      "s" : "buy",
      "i" : "AAVE_USD",
      "m" : "4611686018433047854"
    }, {
      "d" : "1756459144621970343",
      "t" : 1756459144621,
      "tn" : 1756459144621970343,
      "q" : "0.004",
      "p" : "305.911",
      "s" : "buy",
      "i" : "AAVE_USD",
      "m" : "4611686018433047853"
    }, {
      "d" : "1756459140983306043",
      "t" : 1756459140983,
      "tn" : 1756459140983306043,
      "q" : "0.004",
      "p" : "305.920",
      "s" : "sell",
      "i" : "AAVE_USD",
      "m" : "4611686018433047852"
    }, {
      "d" : "1756459138916937953",
      "t" : 1756459138916,
      "tn" : 1756459138916937953,
      "q" : "0.004",
      "p" : "305.940",
      "s" : "sell",
      "i" : "AAVE_USD",
      "m" : "4611686018433047851"
    }, {
      "d" : "1756459138201438393",
      "t" : 1756459138201,
      "tn" : 1756459138201438393,
      "q" : "0.004",
      "p" : "305.940",
      "s" : "sell",
      "i" : "AAVE_USD",
      "m" : "4611686018433047850"
    }, {
      "d" : "1756459131352621260",
      "t" : 1756459131352,
      "tn" : 1756459131352621260,
      "q" : "0.004",
      "p" : "305.940",
      "s" : "sell",
      "i" : "AAVE_USD",
      "m" : "4611686018433047849"
    }, {
      "d" : "1756459130196579381",
      "t" : 1756459130196,
      "tn" : 1756459130196579381,
      "q" : "0.004",
      "p" : "305.950",
      "s" : "sell",
      "i" : "AAVE_USD",
      "m" : "4611686018433047848"
    }, {
      "d" : "1756459130101592595",
      "t" : 1756459130101,
      "tn" : 1756459130101592595,
      "q" : "0.004",
      "p" : "305.970",
      "s" : "sell",
      "i" : "AAVE_USD",
      "m" : "4611686018433047847"
    }, {
      "d" : "1756459110653460652",
      "t" : 1756459110653,
      "tn" : 1756459110653460652,
      "q" : "0.004",
      "p" : "306.150",
      "s" : "sell",
      "i" : "AAVE_USD",
      "m" : "4611686018433047846"
    }, {
      "d" : "1756459110556784773",
      "t" : 1756459110556,
      "tn" : 1756459110556784773,
      "q" : "0.004",
      "p" : "306.160",
      "s" : "sell",
      "i" : "AAVE_USD",
      "m" : "4611686018433047845"
    }, {
      "d" : "1756459110033354896",
      "t" : 1756459110033,
      "tn" : 1756459110033354896,
      "q" : "0.004",
      "p" : "306.180",
      "s" : "sell",
      "i" : "AAVE_USD",
      "m" : "4611686018433047844"
    }, {
      "d" : "1756459109970723025",
      "t" : 1756459109970,
      "tn" : 1756459109970723025,
      "q" : "0.004",
      "p" : "306.180",
      "s" : "sell",
      "i" : "AAVE_USD",
      "m" : "4611686018433047843"
    }, {
      "d" : "1756459094291403964",
      "t" : 1756459094291,
      "tn" : 1756459094291403964,
      "q" : "0.002",
      "p" : "306.161",
      "s" : "buy",
      "i" : "AAVE_USD",
      "m" : "4611686018433047842"
    }, {
      "d" : "1756459070334295917",
      "t" : 1756459070334,
      "tn" : 1756459070334295917,
      "q" : "0.004",
      "p" : "305.900",
      "s" : "sell",
      "i" : "AAVE_USD",
      "m" : "4611686018433047841"
    }, {
      "d" : "1756459069473117315",
      "t" : 1756459069473,
      "tn" : 1756459069473117315,
      "q" : "0.004",
      "p" : "305.901",
      "s" : "buy",
      "i" : "AAVE_USD",
      "m" : "4611686018433047840"
    }, {
      "d" : "1756459053765808732",
      "t" : 1756459053765,
      "tn" : 1756459053765808732,
      "q" : "0.004",
      "p" : "305.890",
      "s" : "sell",
      "i" : "AAVE_USD",
      "m" : "4611686018433047839"
    }, {
      "d" : "1756459053008136953",
      "t" : 1756459053008,
      "tn" : 1756459053008136953,
      "q" : "0.004",
      "p" : "305.910",
      "s" : "sell",
      "i" : "AAVE_USD",
      "m" : "4611686018433047838"
    }, {
      "d" : "1756459052952296492",
      "t" : 1756459052952,
      "tn" : 1756459052952296492,
      "q" : "0.004",
      "p" : "305.910",
      "s" : "sell",
      "i" : "AAVE_USD",
      "m" : "4611686018433047837"
    }, {
      "d" : "1756459050733014594",
      "t" : 1756459050733,
      "tn" : 1756459050733014594,
      "q" : "0.004",
      "p" : "305.955",
      "s" : "sell",
      "i" : "AAVE_USD",
      "m" : "4611686018433047836"
    }, {
      "d" : "1756459050713890794",
      "t" : 1756459050713,
      "tn" : 1756459050713890794,
      "q" : "0.004",
      "p" : "305.960",
      "s" : "sell",
      "i" : "AAVE_USD",
      "m" : "4611686018433047835"
    }, {
      "d" : "1756459050696449275",
      "t" : 1756459050696,
      "tn" : 1756459050696449275,
      "q" : "0.004",
      "p" : "305.971",
      "s" : "buy",
      "i" : "AAVE_USD",
      "m" : "4611686018433047834"
    }, {
      "d" : "1756459050204715510",
      "t" : 1756459050204,
      "tn" : 1756459050204715510,
      "q" : "0.004",
      "p" : "305.980",
      "s" : "sell",
      "i" : "AAVE_USD",
      "m" : "4611686018433047833"
    }, {
      "d" : "1756459050189741536",
      "t" : 1756459050189,
      "tn" : 1756459050189741536,
      "q" : "0.004",
      "p" : "305.990",
      "s" : "sell",
      "i" : "AAVE_USD",
      "m" : "4611686018433047832"
    }, {
      "d" : "1756459050160134996",
      "t" : 1756459050160,
      "tn" : 1756459050160134996,
      "q" : "0.004",
      "p" : "306.000",
      "s" : "sell",
      "i" : "AAVE_USD",
      "m" : "4611686018433047831"
    }, {
      "d" : "1756459047826492058",
      "t" : 1756459047826,
      "tn" : 1756459047826492058,
      "q" : "0.004",
      "p" : "306.030",
      "s" : "sell",
      "i" : "AAVE_USD",
      "m" : "4611686018433047830"
    }, {
      "d" : "1756459046487738013",
      "t" : 1756459046487,
      "tn" : 1756459046487738013,
      "q" : "0.004",
      "p" : "306.030",
      "s" : "sell",
      "i" : "AAVE_USD",
      "m" : "4611686018433047829"
    }, {
      "d" : "1756459046391520461",
      "t" : 1756459046391,
      "tn" : 1756459046391520461,
      "q" : "0.004",
      "p" : "306.050",
      "s" : "sell",
      "i" : "AAVE_USD",
      "m" : "4611686018433047828"
    }, {
      "d" : "1756459039240021497",
      "t" : 1756459039240,
      "tn" : 1756459039240021497,
      "q" : "0.004",
      "p" : "306.080",
      "s" : "sell",
      "i" : "AAVE_USD",
      "m" : "4611686018433047827"
    }, {
      "d" : "1756459039166006540",
      "t" : 1756459039166,
      "tn" : 1756459039166006540,
      "q" : "0.004",
      "p" : "306.120",
      "s" : "sell",
      "i" : "AAVE_USD",
      "m" : "4611686018433047826"
    }, {
      "d" : "1756459024841543460",
      "t" : 1756459024841,
      "tn" : 1756459024841543460,
      "q" : "0.004",
      "p" : "306.000",
      "s" : "sell",
      "i" : "AAVE_USD",
      "m" : "4611686018433047825"
    }, {
      "d" : "1756459023054605052",
      "t" : 1756459023054,
      "tn" : 1756459023054605052,
      "q" : "0.943",
      "p" : "306.011",
      "s" : "sell",
      "i" : "AAVE_USD",
      "m" : "4611686018433047824"
    }, {
      "d" : "1756459023054603467",
      "t" : 1756459023054,
      "tn" : 1756459023054603467,
      "q" : "0.053",
      "p" : "306.012",
      "s" : "sell",
      "i" : "AAVE_USD",
      "m" : "4611686018433047823"
    }, {
      "d" : "1756459023054600844",
      "t" : 1756459023054,
      "tn" : 1756459023054600844,
      "q" : "0.004",
      "p" : "306.030",
      "s" : "sell",
      "i" : "AAVE_USD",
      "m" : "4611686018433047822"
    }, {
      "d" : "1756459020202453482",
      "t" : 1756459020202,
      "tn" : 1756459020202453482,
      "q" : "0.004",
      "p" : "306.000",
      "s" : "sell",
      "i" : "AAVE_USD",
      "m" : "4611686018433047821"
    }, {
      "d" : "1756459020173215591",
      "t" : 1756459020173,
      "tn" : 1756459020173215591,
      "q" : "0.004",
      "p" : "306.010",
      "s" : "sell",
      "i" : "AAVE_USD",
      "m" : "4611686018433047820"
    }, {
      "d" : "1756459020130482690",
      "t" : 1756459020130,
      "tn" : 1756459020130482690,
      "q" : "0.004",
      "p" : "306.040",
      "s" : "sell",
      "i" : "AAVE_USD",
      "m" : "4611686018433047819"
    }, {
      "d" : "1756459003520033580",
      "t" : 1756459003520,
      "tn" : 1756459003520033580,
      "q" : "0.004",
      "p" : "306.001",
      "s" : "buy",
      "i" : "AAVE_USD",
      "m" : "4611686018433047818"
    }, {
      "d" : "1756458998916800318",
      "t" : 1756458998916,
      "tn" : 1756458998916800318,
      "q" : "0.004",
      "p" : "305.961",
      "s" : "buy",
      "i" : "AAVE_USD",
      "m" : "4611686018433047817"
    }, {
      "d" : "1756458915267522142",
      "t" : 1756458915267,
      "tn" : 1756458915267522142,
      "q" : "0.004",
      "p" : "305.220",
      "s" : "sell",
      "i" : "AAVE_USD",
      "m" : "4611686018433047816"
    }, {
      "d" : "1756458914779604197",
      "t" : 1756458914779,
      "tn" : 1756458914779604197,
      "q" : "0.004",
      "p" : "305.230",
      "s" : "sell",
      "i" : "AAVE_USD",
      "m" : "4611686018433047815"
    }, {
      "d" : "1756458912160661682",
      "t" : 1756458912160,
      "tn" : 1756458912160661682,
      "q" : "0.004",
      "p" : "305.330",
      "s" : "sell",
      "i" : "AAVE_USD",
      "m" : "4611686018433047814"
    }, {
      "d" : "1756458912024891966",
      "t" : 1756458912024,
      "tn" : 1756458912024891966,
      "q" : "0.004",
      "p" : "305.330",
      "s" : "sell",
      "i" : "AAVE_USD",
      "m" : "4611686018433047813"
    }, {
      "d" : "1756458912015015613",
      "t" : 1756458912015,
      "tn" : 1756458912015015613,
      "q" : "0.004",
      "p" : "305.340",
      "s" : "sell",
      "i" : "AAVE_USD",
      "m" : "4611686018433047812"
    }, {
      "d" : "1756458911371253249",
      "t" : 1756458911371,
      "tn" : 1756458911371253249,
      "q" : "0.004",
      "p" : "305.360",
      "s" : "sell",
      "i" : "AAVE_USD",
      "m" : "4611686018433047811"
    }, {
      "d" : "1756458901418323753",
      "t" : 1756458901418,
      "tn" : 1756458901418323753,
      "q" : "0.004",
      "p" : "305.460",
      "s" : "sell",
      "i" : "AAVE_USD",
      "m" : "4611686018433047810"
    }, {
      "d" : "1756458888298797688",
      "t" : 1756458888298,
      "tn" : 1756458888298797688,
      "q" : "0.004",
      "p" : "305.490",
      "s" : "sell",
      "i" : "AAVE_USD",
      "m" : "4611686018433047809"
    }, {
      "d" : "1756458880427454428",
      "t" : 1756458880427,
      "tn" : 1756458880427454428,
      "q" : "0.004",
      "p" : "305.400",
      "s" : "sell",
      "i" : "AAVE_USD",
      "m" : "4611686018433047808"
    }, {
      "d" : "1756458880335319571",
      "t" : 1756458880335,
      "tn" : 1756458880335319571,
      "q" : "0.004",
      "p" : "305.400",
      "s" : "sell",
      "i" : "AAVE_USD",
      "m" : "4611686018433047807"
    }, {
      "d" : "1756458879751829400",
      "t" : 1756458879751,
      "tn" : 1756458879751829400,
      "q" : "0.004",
      "p" : "305.430",
      "s" : "sell",
      "i" : "AAVE_USD",
      "m" : "4611686018433047806"
    }, {
      "d" : "1756458879643207356",
      "t" : 1756458879643,
      "tn" : 1756458879643207356,
      "q" : "0.004",
      "p" : "305.430",
      "s" : "sell",
      "i" : "AAVE_USD",
      "m" : "4611686018433047805"
    }, {
      "d" : "1756458879319021378",
      "t" : 1756458879319,
      "tn" : 1756458879319021378,
      "q" : "0.004",
      "p" : "305.450",
      "s" : "sell",
      "i" : "AAVE_USD",
      "m" : "4611686018433047804"
    }, {
      "d" : "1756458879279053160",
      "t" : 1756458879279,
      "tn" : 1756458879279053160,
      "q" : "0.004",
      "p" : "305.450",
      "s" : "sell",
      "i" : "AAVE_USD",
      "m" : "4611686018433047803"
    }, {
      "d" : "1756458879222663942",
      "t" : 1756458879222,
      "tn" : 1756458879222663942,
      "q" : "0.004",
      "p" : "305.450",
      "s" : "sell",
      "i" : "AAVE_USD",
      "m" : "4611686018433047802"
    }, {
      "d" : "1756458879193478472",
      "t" : 1756458879193,
      "tn" : 1756458879193478472,
      "q" : "0.004",
      "p" : "305.460",
      "s" : "sell",
      "i" : "AAVE_USD",
      "m" : "4611686018433047801"
    }, {
      "d" : "1756458879168402251",
      "t" : 1756458879168,
      "tn" : 1756458879168402251,
      "q" : "0.004",
      "p" : "305.470",
      "s" : "sell",
      "i" : "AAVE_USD",
      "m" : "4611686018433047800"
    }, {
      "d" : "1756458877835327468",
      "t" : 1756458877835,
      "tn" : 1756458877835327468,
      "q" : "0.004",
      "p" : "305.500",
      "s" : "sell",
      "i" : "AAVE_USD",
      "m" : "4611686018433047799"
    }, {
      "d" : "1756458877363158901",
      "t" : 1756458877363,
      "tn" : 1756458877363158901,
      "q" : "0.004",
      "p" : "305.505",
      "s" : "sell",
      "i" : "AAVE_USD",
      "m" : "4611686018433047798"
    }, {
      "d" : "1756458877354394161",
      "t" : 1756458877354,
      "tn" : 1756458877354394161,
      "q" : "0.004",
      "p" : "305.505",
      "s" : "sell",
      "i" : "AAVE_USD",
      "m" : "4611686018433047797"
    }, {
      "d" : "1756458877329370125",
      "t" : 1756458877329,
      "tn" : 1756458877329370125,
      "q" : "0.004",
      "p" : "305.520",
      "s" : "sell",
      "i" : "AAVE_USD",
      "m" : "4611686018433047796"
    }, {
      "d" : "1756458877288591477",
      "t" : 1756458877288,
      "tn" : 1756458877288591477,
      "q" : "0.004",
      "p" : "305.520",
      "s" : "sell",
      "i" : "AAVE_USD",
      "m" : "4611686018433047795"
    }, {
      "d" : "1756458847290819329",
      "t" : 1756458847290,
      "tn" : 1756458847290819329,
      "q" : "0.004",
      "p" : "305.510",
      "s" : "sell",
      "i" : "AAVE_USD",
      "m" : "4611686018433047794"
    }, {
      "d" : "1756458845454022912",
      "t" : 1756458845454,
      "tn" : 1756458845454022912,
      "q" : "0.004",
      "p" : "305.600",
      "s" : "sell",
      "i" : "AAVE_USD",
      "m" : "4611686018433047793"
    }, {
      "d" : "1756458844637117504",
      "t" : 1756458844637,
      "tn" : 1756458844637117504,
      "q" : "0.004",
      "p" : "305.610",
      "s" : "sell",
      "i" : "AAVE_USD",
      "m" : "4611686018433047792"
    }, {
      "d" : "1756458844629358961",
      "t" : 1756458844629,
      "tn" : 1756458844629358961,
      "q" : "0.004",
      "p" : "305.620",
      "s" : "sell",
      "i" : "AAVE_USD",
      "m" : "4611686018433047791"
    }, {
      "d" : "1756458844197728834",
      "t" : 1756458844197,
      "tn" : 1756458844197728834,
      "q" : "0.004",
      "p" : "305.620",
      "s" : "sell",
      "i" : "AAVE_USD",
      "m" : "4611686018433047790"
    }, {
      "d" : "1756458830489408365",
      "t" : 1756458830489,
      "tn" : 1756458830489408365,
      "q" : "0.004",
      "p" : "305.630",
      "s" : "sell",
      "i" : "AAVE_USD",
      "m" : "4611686018433047789"
    }, {
      "d" : "1756458821796433253",
      "t" : 1756458821796,
      "tn" : 1756458821796433253,
      "q" : "0.004",
      "p" : "305.650",
      "s" : "sell",
      "i" : "AAVE_USD",
      "m" : "4611686018433047788"
    }, {
      "d" : "1756458820313023826",
      "t" : 1756458820313,
      "tn" : 1756458820313023826,
      "q" : "0.004",
      "p" : "305.770",
      "s" : "sell",
      "i" : "AAVE_USD",
      "m" : "4611686018433047787"
    }, {
      "d" : "1756458816748229245",
      "t" : 1756458816748,
      "tn" : 1756458816748229245,
      "q" : "0.004",
      "p" : "305.800",
      "s" : "sell",
      "i" : "AAVE_USD",
      "m" : "4611686018433047786"
    }, {
      "d" : "1756458799125067952",
      "t" : 1756458799125,
      "tn" : 1756458799125067952,
      "q" : "0.004",
      "p" : "305.870",
      "s" : "sell",
      "i" : "AAVE_USD",
      "m" : "4611686018433047785"
    }, {
      "d" : "1756458745827501744",
      "t" : 1756458745827,
      "tn" : 1756458745827501744,
      "q" : "0.004",
      "p" : "305.535",
      "s" : "sell",
      "i" : "AAVE_USD",
      "m" : "4611686018433047784"
    }, {
      "d" : "1756458745817499861",
      "t" : 1756458745817,
      "tn" : 1756458745817499861,
      "q" : "0.004",
      "p" : "305.540",
      "s" : "sell",
      "i" : "AAVE_USD",
      "m" : "4611686018433047783"
    }, {
      "d" : "1756458745736206024",
      "t" : 1756458745736,
      "tn" : 1756458745736206024,
      "q" : "0.004",
      "p" : "305.540",
      "s" : "sell",
      "i" : "AAVE_USD",
      "m" : "4611686018433047782"
    }, {
      "d" : "1756458745613692024",
      "t" : 1756458745613,
      "tn" : 1756458745613692024,
      "q" : "0.004",
      "p" : "305.550",
      "s" : "sell",
      "i" : "AAVE_USD",
      "m" : "4611686018433047781"
    }, {
      "d" : "1756458745488942134",
      "t" : 1756458745488,
      "tn" : 1756458745488942134,
      "q" : "0.004",
      "p" : "305.570",
      "s" : "sell",
      "i" : "AAVE_USD",
      "m" : "4611686018433047780"
    }, {
      "d" : "1756458737022202611",
      "t" : 1756458737022,
      "tn" : 1756458737022202611,
      "q" : "0.004",
      "p" : "305.560",
      "s" : "sell",
      "i" : "AAVE_USD",
      "m" : "4611686018433047779"
    }, {
      "d" : "1756458736841007171",
      "t" : 1756458736841,
      "tn" : 1756458736841007171,
      "q" : "0.004",
      "p" : "305.560",
      "s" : "sell",
      "i" : "AAVE_USD",
      "m" : "4611686018433047778"
    }, {
      "d" : "1756458736752367030",
      "t" : 1756458736752,
      "tn" : 1756458736752367030,
      "q" : "0.004",
      "p" : "305.580",
      "s" : "sell",
      "i" : "AAVE_USD",
      "m" : "4611686018433047777"
    }, {
      "d" : "1756458729128371869",
      "t" : 1756458729128,
      "tn" : 1756458729128371869,
      "q" : "0.004",
      "p" : "305.580",
      "s" : "sell",
      "i" : "AAVE_USD",
      "m" : "4611686018433047776"
    }, {
      "d" : "1756458720561692783",
      "t" : 1756458720561,
      "tn" : 1756458720561692783,
      "q" : "0.004",
      "p" : "305.570",
      "s" : "sell",
      "i" : "AAVE_USD",
      "m" : "4611686018433047775"
    }, {
      "d" : "1756458714598738303",
      "t" : 1756458714598,
      "tn" : 1756458714598738303,
      "q" : "0.004",
      "p" : "305.590",
      "s" : "sell",
      "i" : "AAVE_USD",
      "m" : "4611686018433047774"
    }, {
      "d" : "1756458711669895817",
      "t" : 1756458711669,
      "tn" : 1756458711669895817,
      "q" : "0.004",
      "p" : "305.620",
      "s" : "sell",
      "i" : "AAVE_USD",
      "m" : "4611686018433047773"
    }, {
      "d" : "1756458707837345794",
      "t" : 1756458707837,
      "tn" : 1756458707837345794,
      "q" : "0.097",
      "p" : "305.565",
      "s" : "buy",
      "i" : "AAVE_USD",
      "m" : "4611686018433047772"
    }, {
      "d" : "1756458676554352475",
      "t" : 1756458676554,
      "tn" : 1756458676554352475,
      "q" : "0.004",
      "p" : "305.030",
      "s" : "sell",
      "i" : "AAVE_USD",
      "m" : "4611686018433047771"
    }, {
      "d" : "1756458675392176475",
      "t" : 1756458675392,
      "tn" : 1756458675392176475,
      "q" : "0.004",
      "p" : "305.035",
      "s" : "sell",
      "i" : "AAVE_USD",
      "m" : "4611686018433047770"
    }, {
      "d" : "1756458675377483299",
      "t" : 1756458675377,
      "tn" : 1756458675377483299,
      "q" : "0.004",
      "p" : "305.050",
      "s" : "sell",
      "i" : "AAVE_USD",
      "m" : "4611686018433047769"
    }, {
      "d" : "1756458675357493880",
      "t" : 1756458675357,
      "tn" : 1756458675357493880,
      "q" : "0.004",
      "p" : "305.050",
      "s" : "sell",
      "i" : "AAVE_USD",
      "m" : "4611686018433047768"
    }, {
      "d" : "1756458675347078381",
      "t" : 1756458675347,
      "tn" : 1756458675347078381,
      "q" : "0.004",
      "p" : "305.055",
      "s" : "sell",
      "i" : "AAVE_USD",
      "m" : "4611686018433047767"
    }, {
      "d" : "1756458675337354108",
      "t" : 1756458675337,
      "tn" : 1756458675337354108,
      "q" : "0.004",
      "p" : "305.055",
      "s" : "sell",
      "i" : "AAVE_USD",
      "m" : "4611686018433047766"
    }, {
      "d" : "1756458675332383534",
      "t" : 1756458675332,
      "tn" : 1756458675332383534,
      "q" : "0.004",
      "p" : "305.065",
      "s" : "sell",
      "i" : "AAVE_USD",
      "m" : "4611686018433047765"
    }, {
      "d" : "1756458675327327871",
      "t" : 1756458675327,
      "tn" : 1756458675327327871,
      "q" : "0.004",
      "p" : "305.070",
      "s" : "sell",
      "i" : "AAVE_USD",
      "m" : "4611686018433047764"
    }, {
      "d" : "1756458675317285229",
      "t" : 1756458675317,
      "tn" : 1756458675317285229,
      "q" : "0.004",
      "p" : "305.070",
      "s" : "sell",
      "i" : "AAVE_USD",
      "m" : "4611686018433047763"
    }, {
      "d" : "1756458675294292449",
      "t" : 1756458675294,
      "tn" : 1756458675294292449,
      "q" : "0.004",
      "p" : "305.080",
      "s" : "sell",
      "i" : "AAVE_USD",
      "m" : "4611686018433047762"
    }, {
      "d" : "1756458675272214498",
      "t" : 1756458675272,
      "tn" : 1756458675272214498,
      "q" : "0.004",
      "p" : "305.090",
      "s" : "sell",
      "i" : "AAVE_USD",
      "m" : "4611686018433047761"
    }, {
      "d" : "1756458675257208516",
      "t" : 1756458675257,
      "tn" : 1756458675257208516,
      "q" : "0.004",
      "p" : "305.095",
      "s" : "sell",
      "i" : "AAVE_USD",
      "m" : "4611686018433047760"
    }, {
      "d" : "1756458675219352142",
      "t" : 1756458675219,
      "tn" : 1756458675219352142,
      "q" : "0.004",
      "p" : "305.110",
      "s" : "sell",
      "i" : "AAVE_USD",
      "m" : "4611686018433047759"
    }, {
      "d" : "1756458675075396458",
      "t" : 1756458675075,
      "tn" : 1756458675075396458,
      "q" : "0.004",
      "p" : "305.135",
      "s" : "sell",
      "i" : "AAVE_USD",
      "m" : "4611686018433047758"
    }, {
      "d" : "1756458675045739791",
      "t" : 1756458675045,
      "tn" : 1756458675045739791,
      "q" : "0.004",
      "p" : "305.150",
      "s" : "sell",
      "i" : "AAVE_USD",
      "m" : "4611686018433047757"
    }, {
      "d" : "1756458636419908419",
      "t" : 1756458636419,
      "tn" : 1756458636419908419,
      "q" : "0.004",
      "p" : "304.850",
      "s" : "sell",
      "i" : "AAVE_USD",
      "m" : "4611686018433047756"
    }, {
      "d" : "1756458635678828068",
      "t" : 1756458635678,
      "tn" : 1756458635678828068,
      "q" : "0.004",
      "p" : "304.880",
      "s" : "sell",
      "i" : "AAVE_USD",
      "m" : "4611686018433047755"
    }, {
      "d" : "1756458635617907695",
      "t" : 1756458635617,
      "tn" : 1756458635617907695,
      "q" : "0.004",
      "p" : "304.880",
      "s" : "sell",
      "i" : "AAVE_USD",
      "m" : "4611686018433047754"
    }, {
      "d" : "1756458635607953686",
      "t" : 1756458635607,
      "tn" : 1756458635607953686,
      "q" : "0.004",
      "p" : "304.880",
      "s" : "sell",
      "i" : "AAVE_USD",
      "m" : "4611686018433047753"
    }, {
      "d" : "1756458635531317478",
      "t" : 1756458635531,
      "tn" : 1756458635531317478,
      "q" : "0.004",
      "p" : "304.880",
      "s" : "sell",
      "i" : "AAVE_USD",
      "m" : "4611686018433047752"
    }, {
      "d" : "1756458635491131604",
      "t" : 1756458635491,
      "tn" : 1756458635491131604,
      "q" : "0.004",
      "p" : "304.880",
      "s" : "sell",
      "i" : "AAVE_USD",
      "m" : "4611686018433047751"
    }, {
      "d" : "1756458635445392514",
      "t" : 1756458635445,
      "tn" : 1756458635445392514,
      "q" : "0.004",
      "p" : "304.900",
      "s" : "sell",
      "i" : "AAVE_USD",
      "m" : "4611686018433047750"
    }, {
      "d" : "1756458634865620878",
      "t" : 1756458634865,
      "tn" : 1756458634865620878,
      "q" : "0.004",
      "p" : "304.900",
      "s" : "sell",
      "i" : "AAVE_USD",
      "m" : "4611686018433047749"
    }, {
      "d" : "1756458634634417423",
      "t" : 1756458634634,
      "tn" : 1756458634634417423,
      "q" : "0.004",
      "p" : "304.930",
      "s" : "sell",
      "i" : "AAVE_USD",
      "m" : "4611686018433047748"
    }, {
      "d" : "1756458634602881793",
      "t" : 1756458634602,
      "tn" : 1756458634602881793,
      "q" : "0.004",
      "p" : "304.955",
      "s" : "sell",
      "i" : "AAVE_USD",
      "m" : "4611686018433047747"
    } ]
  }
}