{
  "id" : -1,
  "method" : "public/get-trades",
  "code" : 0,
  "result" : {
    "data" : [ {
      "d" : "1756459331801045490",
      "t" : 1756459331801,
      "tn" : 1756459331801045490,
      "q" : "280",
      "p" : "0.02954",
      "s" : "sell",
      "i" : "ACA_USD",
      "m" : "4611686018430197831"
    }, {
      "d" : "1756440515971092741",
      "t" : 1756440515971,
      "tn" : 1756440515971092741,
      "q" : "6332",
      "p" : "0.03051",
      "s" : "sell",
      "i" : "ACA_USD",
      "m" : "4611686018430197830"
    }, {
      "d" : "1756440515971090313",
      "t" : 1756440515971,
      "tn" : 1756440515971090313,
      "q" : "357",
      "p" : "0.03052",
      "s" : "sell",
      "i" : "ACA_USD",
      "m" : "4611686018430197829"
    }, {
      "d" : "1756434435997369470",
      "t" : 1756434435997,
      "tn" : 1756434435997369470,
      "q" : "2067",
      "p" : "0.03051",
      "s" : "sell",
      "i" : "ACA_USD",
      "m" : "4611686018430197828"
    }, {
      "d" : "1756434435997367389",
      "t" : 1756434435997,
      "tn" : 1756434435997367388,
      "q" : "1645",
      "p" : "0.03052",
      "s" : "sell",
      "i" : "ACA_USD",
      "m" : "4611686018430197827"
    }, {
      "d" : "1756434435997367388",
      "t" : 1756434435997,
      "tn" : 1756434435997367388,
      "q" : "2949",
      "p" : "0.03052",
      "s" : "sell",
      "i" : "ACA_USD",
      "m" : "4611686018430197827"
    }, {
      "d" : "1756432455070025526",
      "t" : 1756432455070,
      "tn" : 1756432455070025525,
      "q" : "1777",
      "p" : "0.03052",
      "s" : "sell",
      "i" : "ACA_USD",
      "m" : "4611686018430197826"
    }, {
      "d" : "1756432455070025525",
      "t" : 1756432455070,
      "tn" : 1756432455070025525,
      "q" : "4914",
      "p" : "0.03052",
      "s" : "sell",
      "i" : "ACA_USD",
      "m" : "4611686018430197826"
    }, {
      "d" : "1756429632386740765",
      "t" : 1756429632386,
      "tn" : 1756429632386740765,
      "q" : "1112",
      "p" : "0.03065",
      "s" : "sell",
      "i" : "ACA_USD",
      "m" : "4611686018430197825"
    }, {
      "d" : "1756423279173804078",
      "t" : 1756423279173,
      "tn" : 1756423279173804078,
      "q" : "1200",
      "p" : "0.03119",
      "s" : "sell",
      "i" : "ACA_USD",
      "m" : "4611686018430197824"
    }, {
      "d" : "1756423279171981234",
      "t" : 1756423279171,
      "tn" : 1756423279171981233,
      "q" : "3349",
      "p" : "0.03119",
      "s" : "buy",
      "i" : "ACA_USD",
      "m" : "4611686018430197823"
    }, {
      "d" : "1756423279171981233",
      "t" : 1756423279171,
      "tn" : 1756423279171981233,
      "q" : "1863",
      "p" : "0.03119",
      "s" : "buy",
      "i" : "ACA_USD",
      "m" : "4611686018430197823"
    }, {
      "d" : "1756421882029115427",
      "t" : 1756421882029,
      "tn" : 1756421882029115427,
      "q" : "7774",
      "p" : "0.03118",
      "s" : "sell",
      "i" : "ACA_USD",
      "m" : "4611686018430197822"
    }, {
      "d" : "1756421882025079090",
      "t" : 1756421882025,
      "tn" : 1756421882025079090,
      "q" : "1847",
      "p" : "0.03118",
      "s" : "buy",
      "i" : "ACA_USD",
      "m" : "4611686018430197821"
    }, {
      "d" : "1756408392445646576",
      "t" : 1756408392445,
      "tn" : 1756408392445646576,
      "q" : "123",
      "p" : "0.03024",
      "s" : "buy",
      "i" : "ACA_USD",
      "m" : "4611686018430197820"
    }, {
      "d" : "1756408391973377515",
      "t" : 1756408391973,
      "tn" : 1756408391973377515,
      "q" : "2315",
      "p" : "0.03024",
      "s" : "buy",
      "i" : "ACA_USD",
      "m" : "4611686018430197819"
    }, {
      "d" : "1756408391957897927",
      "t" : 1756408391957,
      "tn" : 1756408391957897927,
      "q" : "2976",
      "p" : "0.03024",
      "s" : "buy",
      "i" : "ACA_USD",
      "m" : "4611686018430197818"
    }, {
      "d" : "1756402918695046249",
      "t" : 1756402918695,
      "tn" : 1756402918695046249,
      "q" : "3673",
      "p" : "0.03063",
      "s" : "sell",
      "i" : "ACA_USD",
      "m" : "4611686018430197817"
    }, {
      "d" : "1756402918692760830",
      "t" : 1756402918692,
      "tn" : 1756402918692760830,
      "q" : "6121",
      "p" : "0.03063",
      "s" : "buy",
      "i" : "ACA_USD",
      "m" : "4611686018430197816"
    }, {
      "d" : "1756400786108981369",
      "t" : 1756400786108,
      "tn" : 1756400786108981369,
      "q" : "6661",
      "p" : "0.03061",
      "s" : "sell",
      "i" : "ACA_USD",
      "m" : "4611686018430197815"
    }, {
      "d" : "1756400731777717785",
      "t" : 1756400731777,
      "tn" : 1756400731777717785,
      "q" : "7122",
      "p" : "0.03097",
      "s" : "buy",
      "i" : "ACA_USD",
      "m" : "4611686018430197814"
    }, {
      "d" : "1756400463258364945",
      "t" : 1756400463258,
      "tn" : 1756400463258364945,
      "q" : "330",
      "p" : "0.03051",
      "s" : "buy",
      "i" : "ACA_USD",
      "m" : "4611686018430197813"
    }, {
      "d" : "1756400158642095270",
      "t" : 1756400158642,
      "tn" : 1756400158642095270,
      "q" : "6788",
      "p" : "0.03002",
      "s" : "sell",
      "i" : "ACA_USD",
      "m" : "4611686018430197812"
    }, {
      "d" : "1756399842539693655",
      "t" : 1756399842539,
      "tn" : 1756399842539693655,
      "q" : "4425",
      "p" : "0.03002",
      "s" : "sell",
      "i" : "ACA_USD",
      "m" : "4611686018430197811"
    }, {
      "d" : "1756399842539691837",
      "t" : 1756399842539,
      "tn" : 1756399842539691837,
      "q" : "2411",
      "p" : "0.03035",
      "s" : "sell",
      "i" : "ACA_USD",
      "m" : "4611686018430197810"
    }, {
      "d" : "1756395562966865679",
      "t" : 1756395562966,
      "tn" : 1756395562966865679,
      "q" : "52",
      "p" : "0.03057",
      "s" : "buy",
      "i" : "ACA_USD",
      "m" : "4611686018430197809"
    }, {
      "d" : "1756393265102497484",
      "t" : 1756393265102,
      "tn" : 1756393265102497484,
      "q" : "4021",
      "p" : "0.03059",
      "s" : "buy",
      "i" : "ACA_USD",
      "m" : "4611686018430197808"
    }, {
      "d" : "1756392541911761537",
      "t" : 1756392541911,
      "tn" : 1756392541911761537,
      "q" : "3563",
      "p" : "0.03012",
      "s" : "buy",
      "i" : "ACA_USD",
      "m" : "4611686018430197807"
    }, {
      "d" : "1756392541908809047",
      "t" : 1756392541908,
      "tn" : 1756392541908809047,
      "q" : "3126",
      "p" : "0.03012",
      "s" : "sell",
      "i" : "ACA_USD",
      "m" : "4611686018430197806"
    }, {
      "d" : "1756391972100501481",
      "t" : 1756391972100,
      "tn" : 1756391972100501481,
      "q" : "1352",
      "p" : "0.03005",
      "s" : "buy",
      "i" : "ACA_USD",
      "m" : "4611686018430197805"
    }, {
      "d" : "1756391972099668430",
      "t" : 1756391972099,
      "tn" : 1756391972099668430,
      "q" : "5454",
      "p" : "0.03005",
      "s" : "buy",
      "i" : "ACA_USD",
      "m" : "4611686018430197804"
    }, {
      "d" : "1756390658624845104",
      "t" : 1756390658624,
      "tn" : 1756390658624845104,
      "q" : "136",
      "p" : "0.03078",
      "s" : "buy",
      "i" : "ACA_USD",
      "m" : "4611686018430197803"
    }, {
      "d" : "1756389443407760358",
      "t" : 1756389443407,
      "tn" : 1756389443407760358,
      "q" : "3340",
      "p" : "0.03067",
      "s" : "buy",
      "i" : "ACA_USD",
      "m" : "4611686018430197802"
    }, {
      "d" : "1756389433577872167",
      "t" : 1756389433577,
      "tn" : 1756389433577872166,
      "q" : "4841",
      "p" : "0.03032",
      "s" : "sell",
      "i" : "ACA_USD",
      "m" : "4611686018430197801"
    }, {
      "d" : "1756389433577872166",
      "t" : 1756389433577,
      "tn" : 1756389433577872166,
      "q" : "1863",
      "p" : "0.03032",
      "s" : "sell",
      "i" : "ACA_USD",
      "m" : "4611686018430197801"
    }, {
      "d" : "1756388805627834817",
      "t" : 1756388805627,
      "tn" : 1756388805627834817,
      "q" : "3390",
      "p" : "0.03041",
      "s" : "sell",
      "i" : "ACA_USD",
      "m" : "4611686018430197800"
    }, {
      "d" : "1756388805627833174",
      "t" : 1756388805627,
      "tn" : 1756388805627833174,
      "q" : "3349",
      "p" : "0.03042",
      "s" : "sell",
      "i" : "ACA_USD",
      "m" : "4611686018430197799"
    }, {
      "d" : "1756383529453995595",
      "t" : 1756383529453,
      "tn" : 1756383529453995595,
      "q" : "791",
      "p" : "0.03089",
      "s" : "sell",
      "i" : "ACA_USD",
      "m" : "4611686018430197798"
    }, {
      "d" : "1756382991999382458",
      "t" : 1756382991999,
      "tn" : 1756382991999382458,
      "q" : "6351",
      "p" : "0.03130",
      "s" : "buy",
      "i" : "ACA_USD",
      "m" : "4611686018430197797"
    }, {
      "d" : "1756382934693319908",
      "t" : 1756382934693,
      "tn" : 1756382934693319908,
      "q" : "4042",
      "p" : "0.03130",
      "s" : "buy",
      "i" : "ACA_USD",
      "m" : "4611686018430197796"
    }, {
      "d" : "1756382934693317706",
      "t" : 1756382934693,
      "tn" : 1756382934693317706,
      "q" : "5542",
      "p" : "0.03129",
      "s" : "buy",
      "i" : "ACA_USD",
      "m" : "4611686018430197795"
    }, {
      "d" : "1756378078815053521",
      "t" : 1756378078815,
      "tn" : 1756378078815053521,
      "q" : "812",
      "p" : "0.03066",
      "s" : "sell",
      "i" : "ACA_USD",
      "m" : "4611686018430197794"
    }, {
      "d" : "1756375656693945135",
      "t" : 1756375656693,
      "tn" : 1756375656693945135,
      "q" : "1229",
      "p" : "0.03136",
      "s" : "sell",
      "i" : "ACA_USD",
      "m" : "4611686018430197793"
    }, {
      "d" : "1756375656693574416",
      "t" : 1756375656693,
      "tn" : 1756375656693574416,
      "q" : "5148",
      "p" : "0.03136",
      "s" : "sell",
      "i" : "ACA_USD",
      "m" : "4611686018430197792"
    } ]
  }
}