{
  "id" : -1,
  "method" : "public/get-trades",
  "code" : 0,
  "result" : {
    "data" : [ {
      "d" : "1756459962826270255",
      "t" : 1756459962826,
      "tn" : 1756459962826270255,
      "q" : "60",
      "p" : "0.019663",
      "s" : "sell",
      "i" : "ACH_USD",
      "m" : "4611686018430392703"
    }, {
      "d" : "1756459956801087760",
      "t" : 1756459956801,
      "tn" : 1756459956801087760,
      "q" : "60",
      "p" : "0.019663",
      "s" : "sell",
      "i" : "ACH_USD",
      "m" : "4611686018430392702"
    }, {
      "d" : "1756459950801436215",
      "t" : 1756459950801,
      "tn" : 1756459950801436215,
      "q" : "60",
      "p" : "0.019653",
      "s" : "sell",
      "i" : "ACH_USD",
      "m" : "4611686018430392701"
    }, {
      "d" : "1756459944931543406",
      "t" : 1756459944931,
      "tn" : 1756459944931543406,
      "q" : "60",
      "p" : "0.019663",
      "s" : "sell",
      "i" : "ACH_USD",
      "m" : "4611686018430392700"
    }, {
      "d" : "1756459938724428946",
      "t" : 1756459938724,
      "tn" : 1756459938724428946,
      "q" : "60",
      "p" : "0.019663",
      "s" : "sell",
      "i" : "ACH_USD",
      "m" : "4611686018430392699"
    }, {
      "d" : "1756459932769920364",
      "t" : 1756459932769,
      "tn" : 1756459932769920364,
      "q" : "60",
      "p" : "0.019663",
      "s" : "sell",
      "i" : "ACH_USD",
      "m" : "4611686018430392698"
    }, {
      "d" : "1756459926771697400",
      "t" : 1756459926771,
      "tn" : 1756459926771697400,
      "q" : "60",
      "p" : "0.019673",
      "s" : "sell",
      "i" : "ACH_USD",
      "m" : "4611686018430392697"
    }, {
      "d" : "1756459920684847407",
      "t" : 1756459920684,
      "tn" : 1756459920684847407,
      "q" : "60",
      "p" : "0.019663",
      "s" : "sell",
      "i" : "ACH_USD",
      "m" : "4611686018430392696"
    }, {
      "d" : "1756459914865701161",
      "t" : 1756459914865,
      "tn" : 1756459914865701161,
      "q" : "60",
      "p" : "0.019663",
      "s" : "sell",
      "i" : "ACH_USD",
      "m" : "4611686018430392695"
    }, {
      "d" : "1756458177304340230",
      "t" : 1756458177304,
      "tn" : 1756458177304340230,
      "q" : "290",
      "p" : "0.019562",
      "s" : "sell",
      "i" : "ACH_USD",
      "m" : "4611686018430392694"
    }, {
      "d" : "1756457124372591890",
      "t" : 1756457124372,
      "tn" : 1756457124372591890,
      "q" : "2490",
      "p" : "0.019753",
      "s" : "sell",
      "i" : "ACH_USD",
      "m" : "4611686018430392693"
    }, {
      "d" : "1756457121754597833",
      "t" : 1756457121754,
      "tn" : 1756457121754597833,
      "q" : "60",
      "p" : "0.019753",
      "s" : "buy",
      "i" : "ACH_USD",
      "m" : "4611686018430392692"
    }, {
      "d" : "1756457116132334332",
      "t" : 1756457116132,
      "tn" : 1756457116132334332,
      "q" : "60",
      "p" : "0.019753",
      "s" : "buy",
      "i" : "ACH_USD",
      "m" : "4611686018430392691"
    }, {
      "d" : "1756457109857874080",
      "t" : 1756457109857,
      "tn" : 1756457109857874080,
      "q" : "60",
      "p" : "0.019758",
      "s" : "buy",
      "i" : "ACH_USD",
      "m" : "4611686018430392690"
    }, {
      "d" : "1756457103728624342",
      "t" : 1756457103728,
      "tn" : 1756457103728624342,
      "q" : "60",
      "p" : "0.019753",
      "s" : "buy",
      "i" : "ACH_USD",
      "m" : "4611686018430392689"
    }, {
      "d" : "1756457097867642033",
      "t" : 1756457097867,
      "tn" : 1756457097867642033,
      "q" : "60",
      "p" : "0.019753",
      "s" : "buy",
      "i" : "ACH_USD",
      "m" : "4611686018430392688"
    }, {
      "d" : "1756457094629420492",
      "t" : 1756457094629,
      "tn" : 1756457094629420492,
      "q" : "7400",
      "p" : "0.019753",
      "s" : "sell",
      "i" : "ACH_USD",
      "m" : "4611686018430392687"
    }, {
      "d" : "1756457091817096646",
      "t" : 1756457091817,
      "tn" : 1756457091817096646,
      "q" : "60",
      "p" : "0.019753",
      "s" : "buy",
      "i" : "ACH_USD",
      "m" : "4611686018430392686"
    }, {
      "d" : "1756457085809216183",
      "t" : 1756457085809,
      "tn" : 1756457085809216183,
      "q" : "60",
      "p" : "0.019753",
      "s" : "buy",
      "i" : "ACH_USD",
      "m" : "4611686018430392685"
    }, {
      "d" : "1756457080355824992",
      "t" : 1756457080355,
      "tn" : 1756457080355824992,
      "q" : "2290",
      "p" : "0.019758",
      "s" : "sell",
      "i" : "ACH_USD",
      "m" : "4611686018430392684"
    }, {
      "d" : "1756457080037638000",
      "t" : 1756457080037,
      "tn" : 1756457080037638000,
      "q" : "18970",
      "p" : "0.019758",
      "s" : "sell",
      "i" : "ACH_USD",
      "m" : "4611686018430392683"
    }, {
      "d" : "1756457079932162523",
      "t" : 1756457079932,
      "tn" : 1756457079932162523,
      "q" : "10140",
      "p" : "0.019758",
      "s" : "sell",
      "i" : "ACH_USD",
      "m" : "4611686018430392682"
    }, {
      "d" : "1756457079823367809",
      "t" : 1756457079823,
      "tn" : 1756457079823367809,
      "q" : "4260",
      "p" : "0.019758",
      "s" : "sell",
      "i" : "ACH_USD",
      "m" : "4611686018430392681"
    }, {
      "d" : "1756457079812709088",
      "t" : 1756457079812,
      "tn" : 1756457079812709088,
      "q" : "60",
      "p" : "0.019758",
      "s" : "buy",
      "i" : "ACH_USD",
      "m" : "4611686018430392680"
    }, {
      "d" : "1756457077735275581",
      "t" : 1756457077735,
      "tn" : 1756457077735275581,
      "q" : "50760",
      "p" : "0.019763",
      "s" : "sell",
      "i" : "ACH_USD",
      "m" : "4611686018430392679"
    }, {
      "d" : "1756457076635085520",
      "t" : 1756457076635,
      "tn" : 1756457076635085520,
      "q" : "60",
      "p" : "0.019763",
      "s" : "buy",
      "i" : "ACH_USD",
      "m" : "4611686018430392678"
    }, {
      "d" : "1756455628392982976",
      "t" : 1756455628392,
      "tn" : 1756455628392982976,
      "q" : "5010",
      "p" : "0.019712",
      "s" : "sell",
      "i" : "ACH_USD",
      "m" : "4611686018430392677"
    }, {
      "d" : "1756455628392981199",
      "t" : 1756455628392,
      "tn" : 1756455628392981199,
      "q" : "60",
      "p" : "0.019715",
      "s" : "sell",
      "i" : "ACH_USD",
      "m" : "4611686018430392676"
    }, {
      "d" : "1756455416904539695",
      "t" : 1756455416904,
      "tn" : 1756455416904539695,
      "q" : "2560",
      "p" : "0.019781",
      "s" : "sell",
      "i" : "ACH_USD",
      "m" : "4611686018430392675"
    }, {
      "d" : "1756455416904537869",
      "t" : 1756455416904,
      "tn" : 1756455416904537869,
      "q" : "60",
      "p" : "0.019815",
      "s" : "sell",
      "i" : "ACH_USD",
      "m" : "4611686018430392674"
    }, {
      "d" : "1756455411075822797",
      "t" : 1756455411075,
      "tn" : 1756455411075822797,
      "q" : "60",
      "p" : "0.019815",
      "s" : "sell",
      "i" : "ACH_USD",
      "m" : "4611686018430392673"
    }, {
      "d" : "1756455405152756793",
      "t" : 1756455405152,
      "tn" : 1756455405152756793,
      "q" : "60",
      "p" : "0.019815",
      "s" : "sell",
      "i" : "ACH_USD",
      "m" : "4611686018430392672"
    }, {
      "d" : "1756455401934068934",
      "t" : 1756455401934,
      "tn" : 1756455401934068934,
      "q" : "60",
      "p" : "0.019815",
      "s" : "sell",
      "i" : "ACH_USD",
      "m" : "4611686018430392671"
    }, {
      "d" : "1756455396108415646",
      "t" : 1756455396108,
      "tn" : 1756455396108415646,
      "q" : "60",
      "p" : "0.019815",
      "s" : "sell",
      "i" : "ACH_USD",
      "m" : "4611686018430392670"
    }, {
      "d" : "1756453105856570140",
      "t" : 1756453105856,
      "tn" : 1756453105856570140,
      "q" : "2190",
      "p" : "0.019857",
      "s" : "sell",
      "i" : "ACH_USD",
      "m" : "4611686018430392669"
    }, {
      "d" : "1756453105856568233",
      "t" : 1756453105856,
      "tn" : 1756453105856568233,
      "q" : "60",
      "p" : "0.019890",
      "s" : "sell",
      "i" : "ACH_USD",
      "m" : "4611686018430392668"
    }, {
      "d" : "1756453099695619035",
      "t" : 1756453099695,
      "tn" : 1756453099695619035,
      "q" : "60",
      "p" : "0.019905",
      "s" : "sell",
      "i" : "ACH_USD",
      "m" : "4611686018430392667"
    }, {
      "d" : "1756453094049403690",
      "t" : 1756453094049,
      "tn" : 1756453094049403690,
      "q" : "60",
      "p" : "0.019920",
      "s" : "sell",
      "i" : "ACH_USD",
      "m" : "4611686018430392666"
    }, {
      "d" : "1756453087909784708",
      "t" : 1756453087909,
      "tn" : 1756453087909784708,
      "q" : "60",
      "p" : "0.019914",
      "s" : "sell",
      "i" : "ACH_USD",
      "m" : "4611686018430392665"
    }, {
      "d" : "1756453081922933336",
      "t" : 1756453081922,
      "tn" : 1756453081922933336,
      "q" : "60",
      "p" : "0.019905",
      "s" : "sell",
      "i" : "ACH_USD",
      "m" : "4611686018430392664"
    }, {
      "d" : "1756452371529814496",
      "t" : 1756452371529,
      "tn" : 1756452371529814496,
      "q" : "60",
      "p" : "0.019890",
      "s" : "sell",
      "i" : "ACH_USD",
      "m" : "4611686018430392663"
    }, {
      "d" : "1756452368905513423",
      "t" : 1756452368905,
      "tn" : 1756452368905513423,
      "q" : "1140",
      "p" : "0.019865",
      "s" : "buy",
      "i" : "ACH_USD",
      "m" : "4611686018430392662"
    }, {
      "d" : "1756452368902070147",
      "t" : 1756452368902,
      "tn" : 1756452368902070147,
      "q" : "60",
      "p" : "0.019865",
      "s" : "sell",
      "i" : "ACH_USD",
      "m" : "4611686018430392661"
    }, {
      "d" : "1756452363173428432",
      "t" : 1756452363173,
      "tn" : 1756452363173428432,
      "q" : "60",
      "p" : "0.019915",
      "s" : "sell",
      "i" : "ACH_USD",
      "m" : "4611686018430392660"
    }, {
      "d" : "1756452354218366566",
      "t" : 1756452354218,
      "tn" : 1756452354218366566,
      "q" : "60",
      "p" : "0.019935",
      "s" : "sell",
      "i" : "ACH_USD",
      "m" : "4611686018430392659"
    }, {
      "d" : "1756452348137533862",
      "t" : 1756452348137,
      "tn" : 1756452348137533862,
      "q" : "60",
      "p" : "0.019935",
      "s" : "sell",
      "i" : "ACH_USD",
      "m" : "4611686018430392658"
    }, {
      "d" : "1756452344946341620",
      "t" : 1756452344946,
      "tn" : 1756452344946341620,
      "q" : "9780",
      "p" : "0.019930",
      "s" : "sell",
      "i" : "ACH_USD",
      "m" : "4611686018430392657"
    }, {
      "d" : "1756452339018758428",
      "t" : 1756452339018,
      "tn" : 1756452339018758428,
      "q" : "60",
      "p" : "0.019965",
      "s" : "sell",
      "i" : "ACH_USD",
      "m" : "4611686018430392656"
    }, {
      "d" : "1756452332873596781",
      "t" : 1756452332873,
      "tn" : 1756452332873596781,
      "q" : "60",
      "p" : "0.019965",
      "s" : "sell",
      "i" : "ACH_USD",
      "m" : "4611686018430392655"
    }, {
      "d" : "1756452327137994867",
      "t" : 1756452327137,
      "tn" : 1756452327137994867,
      "q" : "60",
      "p" : "0.019965",
      "s" : "sell",
      "i" : "ACH_USD",
      "m" : "4611686018430392654"
    }, {
      "d" : "1756452320922694188",
      "t" : 1756452320922,
      "tn" : 1756452320922694188,
      "q" : "60",
      "p" : "0.019975",
      "s" : "sell",
      "i" : "ACH_USD",
      "m" : "4611686018430392653"
    }, {
      "d" : "1756452315122931235",
      "t" : 1756452315122,
      "tn" : 1756452315122931235,
      "q" : "60",
      "p" : "0.019975",
      "s" : "sell",
      "i" : "ACH_USD",
      "m" : "4611686018430392652"
    }, {
      "d" : "1756452309026677378",
      "t" : 1756452309026,
      "tn" : 1756452309026677378,
      "q" : "60",
      "p" : "0.019975",
      "s" : "sell",
      "i" : "ACH_USD",
      "m" : "4611686018430392651"
    }, {
      "d" : "1756452303145060800",
      "t" : 1756452303145,
      "tn" : 1756452303145060800,
      "q" : "60",
      "p" : "0.019975",
      "s" : "sell",
      "i" : "ACH_USD",
      "m" : "4611686018430392650"
    }, {
      "d" : "1756452296993296434",
      "t" : 1756452296993,
      "tn" : 1756452296993296434,
      "q" : "60",
      "p" : "0.019975",
      "s" : "sell",
      "i" : "ACH_USD",
      "m" : "4611686018430392649"
    }, {
      "d" : "1756452290666590843",
      "t" : 1756452290666,
      "tn" : 1756452290666590843,
      "q" : "60",
      "p" : "0.019965",
      "s" : "sell",
      "i" : "ACH_USD",
      "m" : "4611686018430392648"
    }, {
      "d" : "1756452284930962998",
      "t" : 1756452284930,
      "tn" : 1756452284930962998,
      "q" : "60",
      "p" : "0.019975",
      "s" : "sell",
      "i" : "ACH_USD",
      "m" : "4611686018430392647"
    }, {
      "d" : "1756452278850658607",
      "t" : 1756452278850,
      "tn" : 1756452278850658607,
      "q" : "60",
      "p" : "0.019975",
      "s" : "sell",
      "i" : "ACH_USD",
      "m" : "4611686018430392646"
    }, {
      "d" : "1756452272892049650",
      "t" : 1756452272892,
      "tn" : 1756452272892049650,
      "q" : "60",
      "p" : "0.019975",
      "s" : "sell",
      "i" : "ACH_USD",
      "m" : "4611686018430392645"
    }, {
      "d" : "1756452266792806384",
      "t" : 1756452266792,
      "tn" : 1756452266792806384,
      "q" : "60",
      "p" : "0.019974",
      "s" : "sell",
      "i" : "ACH_USD",
      "m" : "4611686018430392644"
    }, {
      "d" : "1756452261997923611",
      "t" : 1756452261997,
      "tn" : 1756452261997923611,
      "q" : "60",
      "p" : "0.019975",
      "s" : "sell",
      "i" : "ACH_USD",
      "m" : "4611686018430392643"
    }, {
      "d" : "1756452255798174276",
      "t" : 1756452255798,
      "tn" : 1756452255798174276,
      "q" : "60",
      "p" : "0.019980",
      "s" : "sell",
      "i" : "ACH_USD",
      "m" : "4611686018430392642"
    }, {
      "d" : "1756452249857793607",
      "t" : 1756452249857,
      "tn" : 1756452249857793607,
      "q" : "60",
      "p" : "0.019985",
      "s" : "sell",
      "i" : "ACH_USD",
      "m" : "4611686018430392641"
    }, {
      "d" : "1756452243787309533",
      "t" : 1756452243787,
      "tn" : 1756452243787309533,
      "q" : "60",
      "p" : "0.019975",
      "s" : "sell",
      "i" : "ACH_USD",
      "m" : "4611686018430392640"
    }, {
      "d" : "1756452237912333286",
      "t" : 1756452237912,
      "tn" : 1756452237912333286,
      "q" : "60",
      "p" : "0.019975",
      "s" : "sell",
      "i" : "ACH_USD",
      "m" : "4611686018430392639"
    }, {
      "d" : "1756452231773891234",
      "t" : 1756452231773,
      "tn" : 1756452231773891234,
      "q" : "60",
      "p" : "0.019975",
      "s" : "sell",
      "i" : "ACH_USD",
      "m" : "4611686018430392638"
    }, {
      "d" : "1756452226142590053",
      "t" : 1756452226142,
      "tn" : 1756452226142590053,
      "q" : "60",
      "p" : "0.019975",
      "s" : "sell",
      "i" : "ACH_USD",
      "m" : "4611686018430392637"
    }, {
      "d" : "1756452219829196881",
      "t" : 1756452219829,
      "tn" : 1756452219829196881,
      "q" : "60",
      "p" : "0.019975",
      "s" : "sell",
      "i" : "ACH_USD",
      "m" : "4611686018430392636"
    }, {
      "d" : "1756452213702713791",
      "t" : 1756452213702,
      "tn" : 1756452213702713791,
      "q" : "60",
      "p" : "0.019975",
      "s" : "sell",
      "i" : "ACH_USD",
      "m" : "4611686018430392635"
    }, {
      "d" : "1756452207776615555",
      "t" : 1756452207776,
      "tn" : 1756452207776615555,
      "q" : "60",
      "p" : "0.019975",
      "s" : "sell",
      "i" : "ACH_USD",
      "m" : "4611686018430392634"
    }, {
      "d" : "1756452201636355081",
      "t" : 1756452201636,
      "tn" : 1756452201636355081,
      "q" : "60",
      "p" : "0.019975",
      "s" : "sell",
      "i" : "ACH_USD",
      "m" : "4611686018430392633"
    }, {
      "d" : "1756452196157841916",
      "t" : 1756452196157,
      "tn" : 1756452196157841916,
      "q" : "60",
      "p" : "0.019975",
      "s" : "sell",
      "i" : "ACH_USD",
      "m" : "4611686018430392632"
    }, {
      "d" : "1756452192822528676",
      "t" : 1756452192822,
      "tn" : 1756452192822528676,
      "q" : "60",
      "p" : "0.019975",
      "s" : "sell",
      "i" : "ACH_USD",
      "m" : "4611686018430392631"
    }, {
      "d" : "1756452186657476360",
      "t" : 1756452186657,
      "tn" : 1756452186657476360,
      "q" : "60",
      "p" : "0.019975",
      "s" : "sell",
      "i" : "ACH_USD",
      "m" : "4611686018430392630"
    }, {
      "d" : "1756452180826959039",
      "t" : 1756452180826,
      "tn" : 1756452180826959039,
      "q" : "60",
      "p" : "0.019965",
      "s" : "sell",
      "i" : "ACH_USD",
      "m" : "4611686018430392629"
    }, {
      "d" : "1756452177030825844",
      "t" : 1756452177030,
      "tn" : 1756452177030825844,
      "q" : "60",
      "p" : "0.019965",
      "s" : "sell",
      "i" : "ACH_USD",
      "m" : "4611686018430392628"
    }, {
      "d" : "1756452170840176455",
      "t" : 1756452170840,
      "tn" : 1756452170840176455,
      "q" : "60",
      "p" : "0.019965",
      "s" : "sell",
      "i" : "ACH_USD",
      "m" : "4611686018430392627"
    }, {
      "d" : "1756452164640222145",
      "t" : 1756452164640,
      "tn" : 1756452164640222145,
      "q" : "60",
      "p" : "0.019970",
      "s" : "sell",
      "i" : "ACH_USD",
      "m" : "4611686018430392626"
    }, {
      "d" : "1756452158824978842",
      "t" : 1756452158824,
      "tn" : 1756452158824978842,
      "q" : "60",
      "p" : "0.019960",
      "s" : "sell",
      "i" : "ACH_USD",
      "m" : "4611686018430392625"
    }, {
      "d" : "1756452152802000097",
      "t" : 1756452152802,
      "tn" : 1756452152802000097,
      "q" : "60",
      "p" : "0.019960",
      "s" : "sell",
      "i" : "ACH_USD",
      "m" : "4611686018430392624"
    }, {
      "d" : "1756452146762112061",
      "t" : 1756452146762,
      "tn" : 1756452146762112061,
      "q" : "60",
      "p" : "0.019950",
      "s" : "sell",
      "i" : "ACH_USD",
      "m" : "4611686018430392623"
    }, {
      "d" : "1756452112653121418",
      "t" : 1756452112653,
      "tn" : 1756452112653121418,
      "q" : "60",
      "p" : "0.019995",
      "s" : "sell",
      "i" : "ACH_USD",
      "m" : "4611686018430392622"
    }, {
      "d" : "1756451968524280743",
      "t" : 1756451968524,
      "tn" : 1756451968524280743,
      "q" : "60",
      "p" : "0.020017",
      "s" : "sell",
      "i" : "ACH_USD",
      "m" : "4611686018430392621"
    }, {
      "d" : "1756451841815210916",
      "t" : 1756451841815,
      "tn" : 1756451841815210916,
      "q" : "60",
      "p" : "0.020017",
      "s" : "sell",
      "i" : "ACH_USD",
      "m" : "4611686018430392620"
    }, {
      "d" : "1756451698538911030",
      "t" : 1756451698538,
      "tn" : 1756451698538911030,
      "q" : "60",
      "p" : "0.020007",
      "s" : "sell",
      "i" : "ACH_USD",
      "m" : "4611686018430392619"
    }, {
      "d" : "1756451668248971083",
      "t" : 1756451668248,
      "tn" : 1756451668248971083,
      "q" : "60",
      "p" : "0.020007",
      "s" : "sell",
      "i" : "ACH_USD",
      "m" : "4611686018430392618"
    }, {
      "d" : "1756451553675072690",
      "t" : 1756451553675,
      "tn" : 1756451553675072690,
      "q" : "60",
      "p" : "0.020047",
      "s" : "sell",
      "i" : "ACH_USD",
      "m" : "4611686018430392617"
    }, {
      "d" : "1756451553003285637",
      "t" : 1756451553003,
      "tn" : 1756451553003285637,
      "q" : "60",
      "p" : "0.020057",
      "s" : "sell",
      "i" : "ACH_USD",
      "m" : "4611686018430392616"
    }, {
      "d" : "1756451315627015627",
      "t" : 1756451315627,
      "tn" : 1756451315627015627,
      "q" : "60",
      "p" : "0.020057",
      "s" : "sell",
      "i" : "ACH_USD",
      "m" : "4611686018430392615"
    }, {
      "d" : "1756451292394036935",
      "t" : 1756451292394,
      "tn" : 1756451292394036935,
      "q" : "60",
      "p" : "0.020067",
      "s" : "sell",
      "i" : "ACH_USD",
      "m" : "4611686018430392614"
    }, {
      "d" : "1756451040322524681",
      "t" : 1756451040322,
      "tn" : 1756451040322524681,
      "q" : "620",
      "p" : "0.020146",
      "s" : "sell",
      "i" : "ACH_USD",
      "m" : "4611686018430392613"
    }, {
      "d" : "1756450972340922789",
      "t" : 1756450972340,
      "tn" : 1756450972340922789,
      "q" : "60",
      "p" : "0.020097",
      "s" : "sell",
      "i" : "ACH_USD",
      "m" : "4611686018430392612"
    }, {
      "d" : "1756450947461939177",
      "t" : 1756450947461,
      "tn" : 1756450947461939177,
      "q" : "60",
      "p" : "0.020097",
      "s" : "sell",
      "i" : "ACH_USD",
      "m" : "4611686018430392611"
    }, {
      "d" : "1756450946223961382",
      "t" : 1756450946223,
      "tn" : 1756450946223961382,
      "q" : "60",
      "p" : "0.020127",
      "s" : "sell",
      "i" : "ACH_USD",
      "m" : "4611686018430392610"
    }, {
      "d" : "1756450944940888368",
      "t" : 1756450944940,
      "tn" : 1756450944940888368,
      "q" : "60",
      "p" : "0.020157",
      "s" : "sell",
      "i" : "ACH_USD",
      "m" : "4611686018430392609"
    }, {
      "d" : "1756450922605388249",
      "t" : 1756450922605,
      "tn" : 1756450922605388249,
      "q" : "60",
      "p" : "0.020167",
      "s" : "sell",
      "i" : "ACH_USD",
      "m" : "4611686018430392608"
    }, {
      "d" : "1756450897219132511",
      "t" : 1756450897219,
      "tn" : 1756450897219132511,
      "q" : "60",
      "p" : "0.020197",
      "s" : "sell",
      "i" : "ACH_USD",
      "m" : "4611686018430392607"
    }, {
      "d" : "1756450895590950648",
      "t" : 1756450895590,
      "tn" : 1756450895590950648,
      "q" : "60",
      "p" : "0.020207",
      "s" : "sell",
      "i" : "ACH_USD",
      "m" : "4611686018430392606"
    }, {
      "d" : "1756450886085937843",
      "t" : 1756450886085,
      "tn" : 1756450886085937843,
      "q" : "60",
      "p" : "0.020227",
      "s" : "sell",
      "i" : "ACH_USD",
      "m" : "4611686018430392605"
    }, {
      "d" : "1756450514844695201",
      "t" : 1756450514844,
      "tn" : 1756450514844695201,
      "q" : "1490",
      "p" : "0.020201",
      "s" : "sell",
      "i" : "ACH_USD",
      "m" : "4611686018430392604"
    }, {
      "d" : "1756450508729166329",
      "t" : 1756450508729,
      "tn" : 1756450508729166329,
      "q" : "60",
      "p" : "0.020245",
      "s" : "sell",
      "i" : "ACH_USD",
      "m" : "4611686018430392603"
    }, {
      "d" : "1756450502692537802",
      "t" : 1756450502692,
      "tn" : 1756450502692537802,
      "q" : "60",
      "p" : "0.020245",
      "s" : "sell",
      "i" : "ACH_USD",
      "m" : "4611686018430392602"
    }, {
      "d" : "1756450496736618669",
      "t" : 1756450496736,
      "tn" : 1756450496736618669,
      "q" : "60",
      "p" : "0.020245",
      "s" : "sell",
      "i" : "ACH_USD",
      "m" : "4611686018430392601"
    }, {
      "d" : "1756450490790094003",
      "t" : 1756450490790,
      "tn" : 1756450490790094003,
      "q" : "60",
      "p" : "0.020245",
      "s" : "sell",
      "i" : "ACH_USD",
      "m" : "4611686018430392600"
    }, {
      "d" : "1756450484863977809",
      "t" : 1756450484863,
      "tn" : 1756450484863977809,
      "q" : "60",
      "p" : "0.020245",
      "s" : "sell",
      "i" : "ACH_USD",
      "m" : "4611686018430392599"
    }, {
      "d" : "1756450479038050199",
      "t" : 1756450479038,
      "tn" : 1756450479038050199,
      "q" : "60",
      "p" : "0.020245",
      "s" : "sell",
      "i" : "ACH_USD",
      "m" : "4611686018430392598"
    }, {
      "d" : "1756450472656791752",
      "t" : 1756450472656,
      "tn" : 1756450472656791752,
      "q" : "60",
      "p" : "0.020245",
      "s" : "sell",
      "i" : "ACH_USD",
      "m" : "4611686018430392597"
    }, {
      "d" : "1756450466680118350",
      "t" : 1756450466680,
      "tn" : 1756450466680118350,
      "q" : "60",
      "p" : "0.020245",
      "s" : "sell",
      "i" : "ACH_USD",
      "m" : "4611686018430392596"
    }, {
      "d" : "1756450460919250255",
      "t" : 1756450460919,
      "tn" : 1756450460919250255,
      "q" : "60",
      "p" : "0.020245",
      "s" : "sell",
      "i" : "ACH_USD",
      "m" : "4611686018430392595"
    }, {
      "d" : "1756450454787416760",
      "t" : 1756450454787,
      "tn" : 1756450454787416760,
      "q" : "60",
      "p" : "0.020245",
      "s" : "sell",
      "i" : "ACH_USD",
      "m" : "4611686018430392594"
    }, {
      "d" : "1756450382140120569",
      "t" : 1756450382140,
      "tn" : 1756450382140120569,
      "q" : "60",
      "p" : "0.020245",
      "s" : "sell",
      "i" : "ACH_USD",
      "m" : "4611686018430392593"
    }, {
      "d" : "1756450376805107589",
      "t" : 1756450376805,
      "tn" : 1756450376805107589,
      "q" : "60",
      "p" : "0.020245",
      "s" : "sell",
      "i" : "ACH_USD",
      "m" : "4611686018430392592"
    }, {
      "d" : "1756450370693396281",
      "t" : 1756450370693,
      "tn" : 1756450370693396281,
      "q" : "60",
      "p" : "0.020245",
      "s" : "sell",
      "i" : "ACH_USD",
      "m" : "4611686018430392591"
    }, {
      "d" : "1756450364829267865",
      "t" : 1756450364829,
      "tn" : 1756450364829267865,
      "q" : "60",
      "p" : "0.020245",
      "s" : "sell",
      "i" : "ACH_USD",
      "m" : "4611686018430392590"
    }, {
      "d" : "1756450358645860101",
      "t" : 1756450358645,
      "tn" : 1756450358645860101,
      "q" : "60",
      "p" : "0.020245",
      "s" : "sell",
      "i" : "ACH_USD",
      "m" : "4611686018430392589"
    }, {
      "d" : "1756450352851489877",
      "t" : 1756450352851,
      "tn" : 1756450352851489877,
      "q" : "60",
      "p" : "0.020245",
      "s" : "sell",
      "i" : "ACH_USD",
      "m" : "4611686018430392588"
    }, {
      "d" : "1756450346697397564",
      "t" : 1756450346697,
      "tn" : 1756450346697397564,
      "q" : "60",
      "p" : "0.020245",
      "s" : "sell",
      "i" : "ACH_USD",
      "m" : "4611686018430392587"
    }, {
      "d" : "1756450340797220053",
      "t" : 1756450340797,
      "tn" : 1756450340797220053,
      "q" : "60",
      "p" : "0.020245",
      "s" : "sell",
      "i" : "ACH_USD",
      "m" : "4611686018430392586"
    }, {
      "d" : "1756450334879283512",
      "t" : 1756450334879,
      "tn" : 1756450334879283512,
      "q" : "60",
      "p" : "0.020245",
      "s" : "sell",
      "i" : "ACH_USD",
      "m" : "4611686018430392585"
    }, {
      "d" : "1756450329011431920",
      "t" : 1756450329011,
      "tn" : 1756450329011431920,
      "q" : "60",
      "p" : "0.020245",
      "s" : "sell",
      "i" : "ACH_USD",
      "m" : "4611686018430392584"
    }, {
      "d" : "1756450322719678903",
      "t" : 1756450322719,
      "tn" : 1756450322719678903,
      "q" : "60",
      "p" : "0.020245",
      "s" : "sell",
      "i" : "ACH_USD",
      "m" : "4611686018430392583"
    }, {
      "d" : "1756450316928344742",
      "t" : 1756450316928,
      "tn" : 1756450316928344742,
      "q" : "60",
      "p" : "0.020245",
      "s" : "sell",
      "i" : "ACH_USD",
      "m" : "4611686018430392582"
    }, {
      "d" : "1756450311004215255",
      "t" : 1756450311004,
      "tn" : 1756450311004215255,
      "q" : "60",
      "p" : "0.020245",
      "s" : "sell",
      "i" : "ACH_USD",
      "m" : "4611686018430392581"
    }, {
      "d" : "1756450304862205786",
      "t" : 1756450304862,
      "tn" : 1756450304862205786,
      "q" : "60",
      "p" : "0.020245",
      "s" : "sell",
      "i" : "ACH_USD",
      "m" : "4611686018430392580"
    }, {
      "d" : "1756450298695937209",
      "t" : 1756450298695,
      "tn" : 1756450298695937209,
      "q" : "60",
      "p" : "0.020245",
      "s" : "sell",
      "i" : "ACH_USD",
      "m" : "4611686018430392579"
    }, {
      "d" : "1756450292710667186",
      "t" : 1756450292710,
      "tn" : 1756450292710667186,
      "q" : "60",
      "p" : "0.020245",
      "s" : "sell",
      "i" : "ACH_USD",
      "m" : "4611686018430392578"
    }, {
      "d" : "1756450286988671640",
      "t" : 1756450286988,
      "tn" : 1756450286988671640,
      "q" : "60",
      "p" : "0.020245",
      "s" : "sell",
      "i" : "ACH_USD",
      "m" : "4611686018430392577"
    }, {
      "d" : "1756450280997368649",
      "t" : 1756450280997,
      "tn" : 1756450280997368649,
      "q" : "60",
      "p" : "0.020245",
      "s" : "sell",
      "i" : "ACH_USD",
      "m" : "4611686018430392576"
    }, {
      "d" : "1756450274645759245",
      "t" : 1756450274645,
      "tn" : 1756450274645759245,
      "q" : "60",
      "p" : "0.020245",
      "s" : "sell",
      "i" : "ACH_USD",
      "m" : "4611686018430392575"
    }, {
      "d" : "1756450268927248769",
      "t" : 1756450268927,
      "tn" : 1756450268927248769,
      "q" : "60",
      "p" : "0.020245",
      "s" : "sell",
      "i" : "ACH_USD",
      "m" : "4611686018430392574"
    }, {
      "d" : "1756450262790614670",
      "t" : 1756450262790,
      "tn" : 1756450262790614670,
      "q" : "60",
      "p" : "0.020245",
      "s" : "sell",
      "i" : "ACH_USD",
      "m" : "4611686018430392573"
    }, {
      "d" : "1756450256831681075",
      "t" : 1756450256831,
      "tn" : 1756450256831681075,
      "q" : "60",
      "p" : "0.020245",
      "s" : "sell",
      "i" : "ACH_USD",
      "m" : "4611686018430392572"
    }, {
      "d" : "1756450250688842343",
      "t" : 1756450250688,
      "tn" : 1756450250688842343,
      "q" : "60",
      "p" : "0.020245",
      "s" : "sell",
      "i" : "ACH_USD",
      "m" : "4611686018430392571"
    }, {
      "d" : "1756450244643035538",
      "t" : 1756450244643,
      "tn" : 1756450244643035538,
      "q" : "60",
      "p" : "0.020245",
      "s" : "sell",
      "i" : "ACH_USD",
      "m" : "4611686018430392570"
    }, {
      "d" : "1756450238862211482",
      "t" : 1756450238862,
      "tn" : 1756450238862211482,
      "q" : "60",
      "p" : "0.020245",
      "s" : "sell",
      "i" : "ACH_USD",
      "m" : "4611686018430392569"
    }, {
      "d" : "1756450232812683139",
      "t" : 1756450232812,
      "tn" : 1756450232812683139,
      "q" : "60",
      "p" : "0.020245",
      "s" : "sell",
      "i" : "ACH_USD",
      "m" : "4611686018430392568"
    }, {
      "d" : "1756450226879865112",
      "t" : 1756450226879,
      "tn" : 1756450226879865112,
      "q" : "60",
      "p" : "0.020245",
      "s" : "sell",
      "i" : "ACH_USD",
      "m" : "4611686018430392567"
    }, {
      "d" : "1756450220638820927",
      "t" : 1756450220638,
      "tn" : 1756450220638820927,
      "q" : "60",
      "p" : "0.020245",
      "s" : "sell",
      "i" : "ACH_USD",
      "m" : "4611686018430392566"
    }, {
      "d" : "1756450214662621865",
      "t" : 1756450214662,
      "tn" : 1756450214662621865,
      "q" : "60",
      "p" : "0.020245",
      "s" : "sell",
      "i" : "ACH_USD",
      "m" : "4611686018430392565"
    }, {
      "d" : "1756450208661849477",
      "t" : 1756450208661,
      "tn" : 1756450208661849477,
      "q" : "60",
      "p" : "0.020245",
      "s" : "sell",
      "i" : "ACH_USD",
      "m" : "4611686018430392564"
    }, {
      "d" : "1756450202625617965",
      "t" : 1756450202625,
      "tn" : 1756450202625617965,
      "q" : "60",
      "p" : "0.020245",
      "s" : "sell",
      "i" : "ACH_USD",
      "m" : "4611686018430392563"
    }, {
      "d" : "1756450196748570305",
      "t" : 1756450196748,
      "tn" : 1756450196748570305,
      "q" : "60",
      "p" : "0.020245",
      "s" : "sell",
      "i" : "ACH_USD",
      "m" : "4611686018430392562"
    }, {
      "d" : "1756450190763710993",
      "t" : 1756450190763,
      "tn" : 1756450190763710993,
      "q" : "60",
      "p" : "0.020245",
      "s" : "sell",
      "i" : "ACH_USD",
      "m" : "4611686018430392561"
    }, {
      "d" : "1756450184784830243",
      "t" : 1756450184784,
      "tn" : 1756450184784830243,
      "q" : "60",
      "p" : "0.020245",
      "s" : "sell",
      "i" : "ACH_USD",
      "m" : "4611686018430392560"
    }, {
      "d" : "1756450178820803607",
      "t" : 1756450178820,
      "tn" : 1756450178820803607,
      "q" : "60",
      "p" : "0.020245",
      "s" : "sell",
      "i" : "ACH_USD",
      "m" : "4611686018430392559"
    }, {
      "d" : "1756450172655127146",
      "t" : 1756450172655,
      "tn" : 1756450172655127146,
      "q" : "60",
      "p" : "0.020245",
      "s" : "sell",
      "i" : "ACH_USD",
      "m" : "4611686018430392558"
    }, {
      "d" : "1756450166667758977",
      "t" : 1756450166667,
      "tn" : 1756450166667758977,
      "q" : "60",
      "p" : "0.020245",
      "s" : "sell",
      "i" : "ACH_USD",
      "m" : "4611686018430392557"
    }, {
      "d" : "1756450160739704399",
      "t" : 1756450160739,
      "tn" : 1756450160739704399,
      "q" : "60",
      "p" : "0.020255",
      "s" : "sell",
      "i" : "ACH_USD",
      "m" : "4611686018430392556"
    }, {
      "d" : "1756450154762586786",
      "t" : 1756450154762,
      "tn" : 1756450154762586786,
      "q" : "60",
      "p" : "0.020255",
      "s" : "sell",
      "i" : "ACH_USD",
      "m" : "4611686018430392555"
    }, {
      "d" : "1756450148719498479",
      "t" : 1756450148719,
      "tn" : 1756450148719498479,
      "q" : "60",
      "p" : "0.020255",
      "s" : "sell",
      "i" : "ACH_USD",
      "m" : "4611686018430392554"
    } ]
  }
}