{
  "id" : -1,
  "method" : "public/get-trades",
  "code" : 0,
  "result" : {
    "data" : [ {
      "d" : "1756458157045305489",
      "t" : 1756458157045,
      "tn" : 1756458157045305489,
      "q" : "7400",
      "p" : "0.019576",
      "s" : "sell",
      "i" : "ACH_USDT",
      "m" : "4611686018430313735"
    }, {
      "d" : "1756458157045302871",
      "t" : 1756458157045,
      "tn" : 1756458157045302871,
      "q" : "2660",
      "p" : "0.019578",
      "s" : "sell",
      "i" : "ACH_USDT",
      "m" : "4611686018430313734"
    }, {
      "d" : "1756455628392975364",
      "t" : 1756455628392,
      "tn" : 1756455628392975364,
      "q" : "5070",
      "p" : "0.019708",
      "s" : "sell",
      "i" : "ACH_USDT",
      "m" : "4611686018430313733"
    }, {
      "d" : "1756452344950462775",
      "t" : 1756452344950,
      "tn" : 1756452344950462775,
      "q" : "5010",
      "p" : "0.019942",
      "s" : "sell",
      "i" : "ACH_USDT",
      "m" : "4611686018430313732"
    }, {
      "d" : "1756450947723236663",
      "t" : 1756450947723,
      "tn" : 1756450947723236663,
      "q" : "3130",
      "p" : "0.020083",
      "s" : "sell",
      "i" : "ACH_USDT",
      "m" : "4611686018430313731"
    }, {
      "d" : "1756450947706231795",
      "t" : 1756450947706,
      "tn" : 1756450947706231795,
      "q" : "1800",
      "p" : "0.020086",
      "s" : "sell",
      "i" : "ACH_USDT",
      "m" : "4611686018430313730"
    }, {
      "d" : "1756449616542921788",
      "t" : 1756449616542,
      "tn" : 1756449616542921788,
      "q" : "4470",
      "p" : "0.020152",
      "s" : "buy",
      "i" : "ACH_USDT",
      "m" : "4611686018430313729"
    }, {
      "d" : "1756449616484094221",
      "t" : 1756449616484,
      "tn" : 1756449616484094221,
      "q" : "8740",
      "p" : "0.020152",
      "s" : "buy",
      "i" : "ACH_USDT",
      "m" : "4611686018430313728"
    }, {
      "d" : "1756449564005436032",
      "t" : 1756449564005,
      "tn" : 1756449564005436032,
      "q" : "1120",
      "p" : "0.020166",
      "s" : "sell",
      "i" : "ACH_USDT",
      "m" : "4611686018430313727"
    }, {
      "d" : "1756449564005434283",
      "t" : 1756449564005,
      "tn" : 1756449564005434283,
      "q" : "1910",
      "p" : "0.020171",
      "s" : "sell",
      "i" : "ACH_USDT",
      "m" : "4611686018430313726"
    }, {
      "d" : "1756449564005431591",
      "t" : 1756449564005,
      "tn" : 1756449564005431590,
      "q" : "19290",
      "p" : "0.020177",
      "s" : "sell",
      "i" : "ACH_USDT",
      "m" : "4611686018430313725"
    }, {
      "d" : "1756449564005431590",
      "t" : 1756449564005,
      "tn" : 1756449564005431590,
      "q" : "2630",
      "p" : "0.020177",
      "s" : "sell",
      "i" : "ACH_USDT",
      "m" : "4611686018430313725"
    }, {
      "d" : "1756429813944914498",
      "t" : 1756429813944,
      "tn" : 1756429813944914498,
      "q" : "3130",
      "p" : "0.020602",
      "s" : "sell",
      "i" : "ACH_USDT",
      "m" : "4611686018430313724"
    }, {
      "d" : "1756422873172970915",
      "t" : 1756422873172,
      "tn" : 1756422873172970915,
      "q" : "4720",
      "p" : "0.020860",
      "s" : "buy",
      "i" : "ACH_USDT",
      "m" : "4611686018430313723"
    }, {
      "d" : "1756422873172968923",
      "t" : 1756422873172,
      "tn" : 1756422873172968923,
      "q" : "4810",
      "p" : "0.020859",
      "s" : "buy",
      "i" : "ACH_USDT",
      "m" : "4611686018430313722"
    }, {
      "d" : "1756404938624063245",
      "t" : 1756404938624,
      "tn" : 1756404938624063245,
      "q" : "7020",
      "p" : "0.020647",
      "s" : "sell",
      "i" : "ACH_USDT",
      "m" : "4611686018430313721"
    }, {
      "d" : "1756404938623963097",
      "t" : 1756404938623,
      "tn" : 1756404938623963097,
      "q" : "5670",
      "p" : "0.020647",
      "s" : "sell",
      "i" : "ACH_USDT",
      "m" : "4611686018430313720"
    }, {
      "d" : "1756404938623961050",
      "t" : 1756404938623,
      "tn" : 1756404938623961050,
      "q" : "4110",
      "p" : "0.020648",
      "s" : "sell",
      "i" : "ACH_USDT",
      "m" : "4611686018430313719"
    }, {
      "d" : "1756400357418152557",
      "t" : 1756400357418,
      "tn" : 1756400357418152557,
      "q" : "1920",
      "p" : "0.020656",
      "s" : "sell",
      "i" : "ACH_USDT",
      "m" : "4611686018430313718"
    }, {
      "d" : "1756400357085409325",
      "t" : 1756400357085,
      "tn" : 1756400357085409325,
      "q" : "8310",
      "p" : "0.020656",
      "s" : "sell",
      "i" : "ACH_USDT",
      "m" : "4611686018430313717"
    }, {
      "d" : "1756400356993396129",
      "t" : 1756400356993,
      "tn" : 1756400356993396129,
      "q" : "3570",
      "p" : "0.020665",
      "s" : "sell",
      "i" : "ACH_USDT",
      "m" : "4611686018430313716"
    }, {
      "d" : "1756400356892842139",
      "t" : 1756400356892,
      "tn" : 1756400356892842139,
      "q" : "9660",
      "p" : "0.020665",
      "s" : "sell",
      "i" : "ACH_USDT",
      "m" : "4611686018430313715"
    }, {
      "d" : "1756400168701955679",
      "t" : 1756400168701,
      "tn" : 1756400168701955679,
      "q" : "910",
      "p" : "0.020782",
      "s" : "sell",
      "i" : "ACH_USDT",
      "m" : "4611686018430313714"
    }, {
      "d" : "1756400168701953608",
      "t" : 1756400168701,
      "tn" : 1756400168701953608,
      "q" : "4810",
      "p" : "0.020783",
      "s" : "sell",
      "i" : "ACH_USDT",
      "m" : "4611686018430313713"
    }, {
      "d" : "1756400119850027284",
      "t" : 1756400119850,
      "tn" : 1756400119850027284,
      "q" : "5750",
      "p" : "0.020868",
      "s" : "buy",
      "i" : "ACH_USDT",
      "m" : "4611686018430313712"
    }, {
      "d" : "1756400119849430225",
      "t" : 1756400119849,
      "tn" : 1756400119849430225,
      "q" : "8940",
      "p" : "0.020837",
      "s" : "buy",
      "i" : "ACH_USDT",
      "m" : "4611686018430313711"
    }, {
      "d" : "1756399525686716609",
      "t" : 1756399525686,
      "tn" : 1756399525686716609,
      "q" : "20980",
      "p" : "0.020929",
      "s" : "sell",
      "i" : "ACH_USDT",
      "m" : "4611686018430313710"
    }, {
      "d" : "1756395174040254200",
      "t" : 1756395174040,
      "tn" : 1756395174040254200,
      "q" : "630",
      "p" : "0.021154",
      "s" : "buy",
      "i" : "ACH_USDT",
      "m" : "4611686018430313709"
    }, {
      "d" : "1756392366448980278",
      "t" : 1756392366448,
      "tn" : 1756392366448980278,
      "q" : "4580",
      "p" : "0.021004",
      "s" : "sell",
      "i" : "ACH_USDT",
      "m" : "4611686018430313708"
    }, {
      "d" : "1756392366448978588",
      "t" : 1756392366448,
      "tn" : 1756392366448978588,
      "q" : "4050",
      "p" : "0.021005",
      "s" : "sell",
      "i" : "ACH_USDT",
      "m" : "4611686018430313707"
    }, {
      "d" : "1756391377122760341",
      "t" : 1756391377122,
      "tn" : 1756391377122760341,
      "q" : "1040",
      "p" : "0.020999",
      "s" : "buy",
      "i" : "ACH_USDT",
      "m" : "4611686018430313706"
    }, {
      "d" : "1756391377122758072",
      "t" : 1756391377122,
      "tn" : 1756391377122758072,
      "q" : "3720",
      "p" : "0.020998",
      "s" : "buy",
      "i" : "ACH_USDT",
      "m" : "4611686018430313705"
    }, {
      "d" : "1756387780115857080",
      "t" : 1756387780115,
      "tn" : 1756387780115857080,
      "q" : "4050",
      "p" : "0.021036",
      "s" : "buy",
      "i" : "ACH_USDT",
      "m" : "4611686018430313704"
    }, {
      "d" : "1756387780115854608",
      "t" : 1756387780115,
      "tn" : 1756387780115854608,
      "q" : "4040",
      "p" : "0.021035",
      "s" : "buy",
      "i" : "ACH_USDT",
      "m" : "4611686018430313703"
    }, {
      "d" : "1756387776735366379",
      "t" : 1756387776735,
      "tn" : 1756387776735366379,
      "q" : "8380",
      "p" : "0.020994",
      "s" : "buy",
      "i" : "ACH_USDT",
      "m" : "4611686018430313702"
    }, {
      "d" : "1756387744525673000",
      "t" : 1756387744525,
      "tn" : 1756387744525673000,
      "q" : "22420",
      "p" : "0.020937",
      "s" : "buy",
      "i" : "ACH_USDT",
      "m" : "4611686018430313701"
    }, {
      "d" : "1756387317487072477",
      "t" : 1756387317487,
      "tn" : 1756387317487072477,
      "q" : "8470",
      "p" : "0.020849",
      "s" : "buy",
      "i" : "ACH_USDT",
      "m" : "4611686018430313700"
    }, {
      "d" : "1756387317487070564",
      "t" : 1756387317487,
      "tn" : 1756387317487070564,
      "q" : "1180",
      "p" : "0.020848",
      "s" : "buy",
      "i" : "ACH_USDT",
      "m" : "4611686018430313699"
    }, {
      "d" : "1756386078224196670",
      "t" : 1756386078224,
      "tn" : 1756386078224196670,
      "q" : "760",
      "p" : "0.020690",
      "s" : "sell",
      "i" : "ACH_USDT",
      "m" : "4611686018430313698"
    }, {
      "d" : "1756384295231045756",
      "t" : 1756384295231,
      "tn" : 1756384295231045756,
      "q" : "9190",
      "p" : "0.020757",
      "s" : "buy",
      "i" : "ACH_USDT",
      "m" : "4611686018430313697"
    }, {
      "d" : "1756384295231045158",
      "t" : 1756384295231,
      "tn" : 1756384295231045158,
      "q" : "4100",
      "p" : "0.020756",
      "s" : "buy",
      "i" : "ACH_USDT",
      "m" : "4611686018430313696"
    }, {
      "d" : "1756384291849016811",
      "t" : 1756384291849,
      "tn" : 1756384291849016811,
      "q" : "3870",
      "p" : "0.020717",
      "s" : "buy",
      "i" : "ACH_USDT",
      "m" : "4611686018430313695"
    }, {
      "d" : "1756384291849014815",
      "t" : 1756384291849,
      "tn" : 1756384291849014815,
      "q" : "2140",
      "p" : "0.020716",
      "s" : "buy",
      "i" : "ACH_USDT",
      "m" : "4611686018430313694"
    }, {
      "d" : "1756384223139308969",
      "t" : 1756384223139,
      "tn" : 1756384223139308969,
      "q" : "5530",
      "p" : "0.020765",
      "s" : "buy",
      "i" : "ACH_USDT",
      "m" : "4611686018430313693"
    }, {
      "d" : "1756384223139307075",
      "t" : 1756384223139,
      "tn" : 1756384223139307075,
      "q" : "4100",
      "p" : "0.020764",
      "s" : "buy",
      "i" : "ACH_USDT",
      "m" : "4611686018430313692"
    }, {
      "d" : "1756384211220195484",
      "t" : 1756384211220,
      "tn" : 1756384211220195484,
      "q" : "21690",
      "p" : "0.020726",
      "s" : "buy",
      "i" : "ACH_USDT",
      "m" : "4611686018430313691"
    }, {
      "d" : "1756384211220192493",
      "t" : 1756384211220,
      "tn" : 1756384211220192493,
      "q" : "6030",
      "p" : "0.020725",
      "s" : "buy",
      "i" : "ACH_USDT",
      "m" : "4611686018430313690"
    }, {
      "d" : "1756382803257927612",
      "t" : 1756382803257,
      "tn" : 1756382803257927612,
      "q" : "19340",
      "p" : "0.020669",
      "s" : "sell",
      "i" : "ACH_USDT",
      "m" : "4611686018430313689"
    }, {
      "d" : "1756382803257925547",
      "t" : 1756382803257,
      "tn" : 1756382803257925547,
      "q" : "4830",
      "p" : "0.020670",
      "s" : "sell",
      "i" : "ACH_USDT",
      "m" : "4611686018430313688"
    }, {
      "d" : "1756380123288323196",
      "t" : 1756380123288,
      "tn" : 1756380123288323196,
      "q" : "1530",
      "p" : "0.020658",
      "s" : "buy",
      "i" : "ACH_USDT",
      "m" : "4611686018430313687"
    }, {
      "d" : "1756380121125967955",
      "t" : 1756380121125,
      "tn" : 1756380121125967955,
      "q" : "6990",
      "p" : "0.020659",
      "s" : "buy",
      "i" : "ACH_USDT",
      "m" : "4611686018430313686"
    }, {
      "d" : "1756380121124849514",
      "t" : 1756380121124,
      "tn" : 1756380121124849514,
      "q" : "6050",
      "p" : "0.020657",
      "s" : "buy",
      "i" : "ACH_USDT",
      "m" : "4611686018430313685"
    } ]
  }
}