{
  "id" : -1,
  "method" : "public/get-trades",
  "code" : 0,
  "result" : {
    "data" : [ {
      "d" : "1756458632491260649",
      "t" : 1756458632491,
      "tn" : 1756458632491260649,
      "q" : "100",
      "p" : "0.019545",
      "s" : "buy",
      "i" : "ACHUSD-PERP",
      "m" : "4611686018429556630"
    }, {
      "d" : "1756458157046189231",
      "t" : 1756458157046,
      "tn" : 1756458157046189231,
      "q" : "100",
      "p" : "0.019593",
      "s" : "sell",
      "i" : "ACHUSD-PERP",
      "m" : "4611686018429556629"
    }, {
      "d" : "1756458157046186897",
      "t" : 1756458157046,
      "tn" : 1756458157046186897,
      "q" : "100",
      "p" : "0.019596",
      "s" : "sell",
      "i" : "ACHUSD-PERP",
      "m" : "4611686018429556628"
    }, {
      "d" : "1756458108106009234",
      "t" : 1756458108106,
      "tn" : 1756458108106009234,
      "q" : "100",
      "p" : "0.019638",
      "s" : "sell",
      "i" : "ACHUSD-PERP",
      "m" : "4611686018429556627"
    }, {
      "d" : "1756458108106007568",
      "t" : 1756458108106,
      "tn" : 1756458108106007568,
      "q" : "100",
      "p" : "0.019640",
      "s" : "sell",
      "i" : "ACHUSD-PERP",
      "m" : "4611686018429556626"
    }, {
      "d" : "1756458068474594973",
      "t" : 1756458068474,
      "tn" : 1756458068474594973,
      "q" : "8000",
      "p" : "0.019663",
      "s" : "buy",
      "i" : "ACHUSD-PERP",
      "m" : "4611686018429556625"
    }, {
      "d" : "1756458068458590907",
      "t" : 1756458068458,
      "tn" : 1756458068458590907,
      "q" : "9200",
      "p" : "0.019663",
      "s" : "buy",
      "i" : "ACHUSD-PERP",
      "m" : "4611686018429556624"
    }, {
      "d" : "1756457972079011736",
      "t" : 1756457972079,
      "tn" : 1756457972079011736,
      "q" : "100",
      "p" : "0.019669",
      "s" : "buy",
      "i" : "ACHUSD-PERP",
      "m" : "4611686018429556623"
    }, {
      "d" : "1756457094628466893",
      "t" : 1756457094628,
      "tn" : 1756457094628466893,
      "q" : "7400",
      "p" : "0.019739",
      "s" : "sell",
      "i" : "ACHUSD-PERP",
      "m" : "4611686018429556622"
    }, {
      "d" : "1756457080354889363",
      "t" : 1756457080354,
      "tn" : 1756457080354889363,
      "q" : "2400",
      "p" : "0.019744",
      "s" : "sell",
      "i" : "ACHUSD-PERP",
      "m" : "4611686018429556621"
    }, {
      "d" : "1756455122193423634",
      "t" : 1756455122193,
      "tn" : 1756455122193423634,
      "q" : "900",
      "p" : "0.019798",
      "s" : "buy",
      "i" : "ACHUSD-PERP",
      "m" : "4611686018429556620"
    }, {
      "d" : "1756454740849660923",
      "t" : 1756454740849,
      "tn" : 1756454740849660923,
      "q" : "1200",
      "p" : "0.019877",
      "s" : "buy",
      "i" : "ACHUSD-PERP",
      "m" : "4611686018429556619"
    }, {
      "d" : "1756454740849658265",
      "t" : 1756454740849,
      "tn" : 1756454740849658265,
      "q" : "100",
      "p" : "0.019872",
      "s" : "buy",
      "i" : "ACHUSD-PERP",
      "m" : "4611686018429556618"
    }, {
      "d" : "1756452373303078009",
      "t" : 1756452373303,
      "tn" : 1756452373303078009,
      "q" : "6000",
      "p" : "0.019895",
      "s" : "buy",
      "i" : "ACHUSD-PERP",
      "m" : "4611686018429556617"
    }, {
      "d" : "1756452373190085859",
      "t" : 1756452373190,
      "tn" : 1756452373190085859,
      "q" : "100",
      "p" : "0.019878",
      "s" : "buy",
      "i" : "ACHUSD-PERP",
      "m" : "4611686018429556616"
    }, {
      "d" : "1756452345192919959",
      "t" : 1756452345192,
      "tn" : 1756452345192919959,
      "q" : "100",
      "p" : "0.019885",
      "s" : "buy",
      "i" : "ACHUSD-PERP",
      "m" : "4611686018429556615"
    }, {
      "d" : "1756452344953837644",
      "t" : 1756452344953,
      "tn" : 1756452344953837644,
      "q" : "10200",
      "p" : "0.019908",
      "s" : "sell",
      "i" : "ACHUSD-PERP",
      "m" : "4611686018429556614"
    }, {
      "d" : "1756452344952813208",
      "t" : 1756452344952,
      "tn" : 1756452344952813208,
      "q" : "10000",
      "p" : "0.019916",
      "s" : "sell",
      "i" : "ACHUSD-PERP",
      "m" : "4611686018429556613"
    }, {
      "d" : "1756452344952811700",
      "t" : 1756452344952,
      "tn" : 1756452344952811700,
      "q" : "33700",
      "p" : "0.019918",
      "s" : "sell",
      "i" : "ACHUSD-PERP",
      "m" : "4611686018429556612"
    }, {
      "d" : "1756452344947019854",
      "t" : 1756452344947,
      "tn" : 1756452344947019854,
      "q" : "100",
      "p" : "0.019949",
      "s" : "sell",
      "i" : "ACHUSD-PERP",
      "m" : "4611686018429556611"
    }, {
      "d" : "1756452344947017512",
      "t" : 1756452344947,
      "tn" : 1756452344947017512,
      "q" : "100",
      "p" : "0.019952",
      "s" : "sell",
      "i" : "ACHUSD-PERP",
      "m" : "4611686018429556610"
    }, {
      "d" : "1756451676287609914",
      "t" : 1756451676287,
      "tn" : 1756451676287609914,
      "q" : "100",
      "p" : "0.019991",
      "s" : "buy",
      "i" : "ACHUSD-PERP",
      "m" : "4611686018429556609"
    }, {
      "d" : "1756451676283922931",
      "t" : 1756451676283,
      "tn" : 1756451676283922931,
      "q" : "7100",
      "p" : "0.019991",
      "s" : "buy",
      "i" : "ACHUSD-PERP",
      "m" : "4611686018429556608"
    }, {
      "d" : "1756451676283920852",
      "t" : 1756451676283,
      "tn" : 1756451676283920852,
      "q" : "100",
      "p" : "0.019989",
      "s" : "buy",
      "i" : "ACHUSD-PERP",
      "m" : "4611686018429556607"
    }, {
      "d" : "1756450947295392246",
      "t" : 1756450947295,
      "tn" : 1756450947295392246,
      "q" : "100",
      "p" : "0.020121",
      "s" : "sell",
      "i" : "ACHUSD-PERP",
      "m" : "4611686018429556606"
    }, {
      "d" : "1756450947291425683",
      "t" : 1756450947291,
      "tn" : 1756450947291425683,
      "q" : "14300",
      "p" : "0.020121",
      "s" : "sell",
      "i" : "ACHUSD-PERP",
      "m" : "4611686018429556605"
    }, {
      "d" : "1756450947291423987",
      "t" : 1756450947291,
      "tn" : 1756450947291423987,
      "q" : "3900",
      "p" : "0.020122",
      "s" : "sell",
      "i" : "ACHUSD-PERP",
      "m" : "4611686018429556604"
    }, {
      "d" : "1756450947291421669",
      "t" : 1756450947291,
      "tn" : 1756450947291421668,
      "q" : "12200",
      "p" : "0.020123",
      "s" : "sell",
      "i" : "ACHUSD-PERP",
      "m" : "4611686018429556603"
    }, {
      "d" : "1756450947291421668",
      "t" : 1756450947291,
      "tn" : 1756450947291421668,
      "q" : "3800",
      "p" : "0.020123",
      "s" : "sell",
      "i" : "ACHUSD-PERP",
      "m" : "4611686018429556603"
    }, {
      "d" : "1756448168801494980",
      "t" : 1756448168801,
      "tn" : 1756448168801494980,
      "q" : "100",
      "p" : "0.020353",
      "s" : "sell",
      "i" : "ACHUSD-PERP",
      "m" : "4611686018429556602"
    }, {
      "d" : "1756448168801493709",
      "t" : 1756448168801,
      "tn" : 1756448168801493709,
      "q" : "100",
      "p" : "0.020356",
      "s" : "sell",
      "i" : "ACHUSD-PERP",
      "m" : "4611686018429556601"
    }, {
      "d" : "1756442418553685375",
      "t" : 1756442418553,
      "tn" : 1756442418553685375,
      "q" : "100",
      "p" : "0.020520",
      "s" : "sell",
      "i" : "ACHUSD-PERP",
      "m" : "4611686018429556600"
    }, {
      "d" : "1756439941802164244",
      "t" : 1756439941802,
      "tn" : 1756439941802164243,
      "q" : "100",
      "p" : "0.020570",
      "s" : "sell",
      "i" : "ACHUSD-PERP",
      "m" : "4611686018429556599"
    }, {
      "d" : "1756439941802164243",
      "t" : 1756439941802,
      "tn" : 1756439941802164243,
      "q" : "100",
      "p" : "0.020570",
      "s" : "sell",
      "i" : "ACHUSD-PERP",
      "m" : "4611686018429556599"
    }, {
      "d" : "1756439040241090586",
      "t" : 1756439040241,
      "tn" : 1756439040241090586,
      "q" : "100",
      "p" : "0.020584",
      "s" : "sell",
      "i" : "ACHUSD-PERP",
      "m" : "4611686018429556598"
    }, {
      "d" : "1756438673812677557",
      "t" : 1756438673812,
      "tn" : 1756438673812677557,
      "q" : "8700",
      "p" : "0.020542",
      "s" : "buy",
      "i" : "ACHUSD-PERP",
      "m" : "4611686018429556597"
    }, {
      "d" : "1756437733783321971",
      "t" : 1756437733783,
      "tn" : 1756437733783321971,
      "q" : "100",
      "p" : "0.020550",
      "s" : "sell",
      "i" : "ACHUSD-PERP",
      "m" : "4611686018429556596"
    }, {
      "d" : "1756437729203299695",
      "t" : 1756437729203,
      "tn" : 1756437729203299695,
      "q" : "100",
      "p" : "0.020556",
      "s" : "sell",
      "i" : "ACHUSD-PERP",
      "m" : "4611686018429556595"
    }, {
      "d" : "1756437729133173346",
      "t" : 1756437729133,
      "tn" : 1756437729133173346,
      "q" : "100",
      "p" : "0.020558",
      "s" : "sell",
      "i" : "ACHUSD-PERP",
      "m" : "4611686018429556594"
    }, {
      "d" : "1756437727132720184",
      "t" : 1756437727132,
      "tn" : 1756437727132720184,
      "q" : "100",
      "p" : "0.020560",
      "s" : "sell",
      "i" : "ACHUSD-PERP",
      "m" : "4611686018429556593"
    }, {
      "d" : "1756437710737136457",
      "t" : 1756437710737,
      "tn" : 1756437710737136456,
      "q" : "100",
      "p" : "0.020558",
      "s" : "sell",
      "i" : "ACHUSD-PERP",
      "m" : "4611686018429556592"
    }, {
      "d" : "1756437710737136456",
      "t" : 1756437710737,
      "tn" : 1756437710737136456,
      "q" : "100",
      "p" : "0.020558",
      "s" : "sell",
      "i" : "ACHUSD-PERP",
      "m" : "4611686018429556592"
    }, {
      "d" : "1756437710549889302",
      "t" : 1756437710549,
      "tn" : 1756437710549889302,
      "q" : "100",
      "p" : "0.020561",
      "s" : "sell",
      "i" : "ACHUSD-PERP",
      "m" : "4611686018429556591"
    }, {
      "d" : "1756437708586187016",
      "t" : 1756437708586,
      "tn" : 1756437708586187015,
      "q" : "100",
      "p" : "0.020567",
      "s" : "sell",
      "i" : "ACHUSD-PERP",
      "m" : "4611686018429556590"
    }, {
      "d" : "1756437708586187015",
      "t" : 1756437708586,
      "tn" : 1756437708586187015,
      "q" : "100",
      "p" : "0.020567",
      "s" : "sell",
      "i" : "ACHUSD-PERP",
      "m" : "4611686018429556590"
    }, {
      "d" : "1756437707655598400",
      "t" : 1756437707655,
      "tn" : 1756437707655598400,
      "q" : "100",
      "p" : "0.020568",
      "s" : "sell",
      "i" : "ACHUSD-PERP",
      "m" : "4611686018429556589"
    }, {
      "d" : "1756437694419978089",
      "t" : 1756437694419,
      "tn" : 1756437694419978089,
      "q" : "100",
      "p" : "0.020558",
      "s" : "sell",
      "i" : "ACHUSD-PERP",
      "m" : "4611686018429556588"
    }, {
      "d" : "1756437694414198664",
      "t" : 1756437694414,
      "tn" : 1756437694414198664,
      "q" : "100",
      "p" : "0.020560",
      "s" : "sell",
      "i" : "ACHUSD-PERP",
      "m" : "4611686018429556587"
    }, {
      "d" : "1756437689164923696",
      "t" : 1756437689164,
      "tn" : 1756437689164923696,
      "q" : "100",
      "p" : "0.020564",
      "s" : "sell",
      "i" : "ACHUSD-PERP",
      "m" : "4611686018429556586"
    }, {
      "d" : "1756437660502767494",
      "t" : 1756437660502,
      "tn" : 1756437660502767493,
      "q" : "100",
      "p" : "0.020565",
      "s" : "sell",
      "i" : "ACHUSD-PERP",
      "m" : "4611686018429556585"
    }, {
      "d" : "1756437637682909444",
      "t" : 1756437637682,
      "tn" : 1756437637682909444,
      "q" : "100",
      "p" : "0.020560",
      "s" : "sell",
      "i" : "ACHUSD-PERP",
      "m" : "4611686018429556584"
    }, {
      "d" : "1756437633400810616",
      "t" : 1756437633400,
      "tn" : 1756437633400810616,
      "q" : "100",
      "p" : "0.020562",
      "s" : "sell",
      "i" : "ACHUSD-PERP",
      "m" : "4611686018429556583"
    }, {
      "d" : "1756437625580570532",
      "t" : 1756437625580,
      "tn" : 1756437625580570532,
      "q" : "100",
      "p" : "0.020564",
      "s" : "sell",
      "i" : "ACHUSD-PERP",
      "m" : "4611686018429556582"
    }, {
      "d" : "1756437612928037736",
      "t" : 1756437612928,
      "tn" : 1756437612928037736,
      "q" : "100",
      "p" : "0.020566",
      "s" : "sell",
      "i" : "ACHUSD-PERP",
      "m" : "4611686018429556581"
    }, {
      "d" : "1756437580381887221",
      "t" : 1756437580381,
      "tn" : 1756437580381887221,
      "q" : "100",
      "p" : "0.020558",
      "s" : "sell",
      "i" : "ACHUSD-PERP",
      "m" : "4611686018429556580"
    }, {
      "d" : "1756437580273863815",
      "t" : 1756437580273,
      "tn" : 1756437580273863814,
      "q" : "100",
      "p" : "0.020560",
      "s" : "sell",
      "i" : "ACHUSD-PERP",
      "m" : "4611686018429556579"
    }, {
      "d" : "1756437580273863814",
      "t" : 1756437580273,
      "tn" : 1756437580273863814,
      "q" : "100",
      "p" : "0.020560",
      "s" : "sell",
      "i" : "ACHUSD-PERP",
      "m" : "4611686018429556579"
    }, {
      "d" : "1756437559636995061",
      "t" : 1756437559636,
      "tn" : 1756437559636995060,
      "q" : "100",
      "p" : "0.020559",
      "s" : "sell",
      "i" : "ACHUSD-PERP",
      "m" : "4611686018429556578"
    }, {
      "d" : "1756437559636995060",
      "t" : 1756437559636,
      "tn" : 1756437559636995060,
      "q" : "100",
      "p" : "0.020559",
      "s" : "sell",
      "i" : "ACHUSD-PERP",
      "m" : "4611686018429556578"
    }, {
      "d" : "1756437483317814711",
      "t" : 1756437483317,
      "tn" : 1756437483317814711,
      "q" : "100",
      "p" : "0.020544",
      "s" : "sell",
      "i" : "ACHUSD-PERP",
      "m" : "4611686018429556577"
    }, {
      "d" : "1756437483305939918",
      "t" : 1756437483305,
      "tn" : 1756437483305939918,
      "q" : "100",
      "p" : "0.020545",
      "s" : "sell",
      "i" : "ACHUSD-PERP",
      "m" : "4611686018429556576"
    }, {
      "d" : "1756437408900856157",
      "t" : 1756437408900,
      "tn" : 1756437408900856157,
      "q" : "100",
      "p" : "0.020526",
      "s" : "sell",
      "i" : "ACHUSD-PERP",
      "m" : "4611686018429556575"
    }, {
      "d" : "1756437302147450860",
      "t" : 1756437302147,
      "tn" : 1756437302147450860,
      "q" : "100",
      "p" : "0.020549",
      "s" : "sell",
      "i" : "ACHUSD-PERP",
      "m" : "4611686018429556574"
    }, {
      "d" : "1756437300692509582",
      "t" : 1756437300692,
      "tn" : 1756437300692509582,
      "q" : "100",
      "p" : "0.020545",
      "s" : "buy",
      "i" : "ACHUSD-PERP",
      "m" : "4611686018429556573"
    }, {
      "d" : "1756437147628406659",
      "t" : 1756437147628,
      "tn" : 1756437147628406659,
      "q" : "100",
      "p" : "0.020556",
      "s" : "buy",
      "i" : "ACHUSD-PERP",
      "m" : "4611686018429556572"
    }, {
      "d" : "1756437143869843570",
      "t" : 1756437143869,
      "tn" : 1756437143869843570,
      "q" : "100",
      "p" : "0.020564",
      "s" : "sell",
      "i" : "ACHUSD-PERP",
      "m" : "4611686018429556571"
    }, {
      "d" : "1756437119361991033",
      "t" : 1756437119361,
      "tn" : 1756437119361991033,
      "q" : "100",
      "p" : "0.020575",
      "s" : "buy",
      "i" : "ACHUSD-PERP",
      "m" : "4611686018429556570"
    }, {
      "d" : "1756437119231308167",
      "t" : 1756437119231,
      "tn" : 1756437119231308167,
      "q" : "100",
      "p" : "0.020579",
      "s" : "sell",
      "i" : "ACHUSD-PERP",
      "m" : "4611686018429556569"
    }, {
      "d" : "1756437104688827770",
      "t" : 1756437104688,
      "tn" : 1756437104688827770,
      "q" : "100",
      "p" : "0.020597",
      "s" : "sell",
      "i" : "ACHUSD-PERP",
      "m" : "4611686018429556568"
    }, {
      "d" : "1756437100089776722",
      "t" : 1756437100089,
      "tn" : 1756437100089776722,
      "q" : "100",
      "p" : "0.020592",
      "s" : "buy",
      "i" : "ACHUSD-PERP",
      "m" : "4611686018429556567"
    }, {
      "d" : "1756437092834035232",
      "t" : 1756437092834,
      "tn" : 1756437092834035232,
      "q" : "100",
      "p" : "0.020592",
      "s" : "sell",
      "i" : "ACHUSD-PERP",
      "m" : "4611686018429556566"
    }, {
      "d" : "1756437083155064404",
      "t" : 1756437083155,
      "tn" : 1756437083155064404,
      "q" : "100",
      "p" : "0.020587",
      "s" : "buy",
      "i" : "ACHUSD-PERP",
      "m" : "4611686018429556565"
    }, {
      "d" : "1756437041409836586",
      "t" : 1756437041409,
      "tn" : 1756437041409836586,
      "q" : "100",
      "p" : "0.020584",
      "s" : "sell",
      "i" : "ACHUSD-PERP",
      "m" : "4611686018429556564"
    }, {
      "d" : "1756437039053255635",
      "t" : 1756437039053,
      "tn" : 1756437039053255635,
      "q" : "100",
      "p" : "0.020582",
      "s" : "buy",
      "i" : "ACHUSD-PERP",
      "m" : "4611686018429556563"
    }, {
      "d" : "1756437039044252275",
      "t" : 1756437039044,
      "tn" : 1756437039044252275,
      "q" : "100",
      "p" : "0.020579",
      "s" : "buy",
      "i" : "ACHUSD-PERP",
      "m" : "4611686018429556562"
    }, {
      "d" : "1756437018790797013",
      "t" : 1756437018790,
      "tn" : 1756437018790797013,
      "q" : "100",
      "p" : "0.020585",
      "s" : "sell",
      "i" : "ACHUSD-PERP",
      "m" : "4611686018429556561"
    }, {
      "d" : "1756437013752375237",
      "t" : 1756437013752,
      "tn" : 1756437013752375237,
      "q" : "100",
      "p" : "0.020584",
      "s" : "buy",
      "i" : "ACHUSD-PERP",
      "m" : "4611686018429556560"
    }, {
      "d" : "1756437008202771586",
      "t" : 1756437008202,
      "tn" : 1756437008202771586,
      "q" : "100",
      "p" : "0.020585",
      "s" : "buy",
      "i" : "ACHUSD-PERP",
      "m" : "4611686018429556559"
    }, {
      "d" : "1756437005033539194",
      "t" : 1756437005033,
      "tn" : 1756437005033539194,
      "q" : "100",
      "p" : "0.020586",
      "s" : "sell",
      "i" : "ACHUSD-PERP",
      "m" : "4611686018429556558"
    }, {
      "d" : "1756437005033536746",
      "t" : 1756437005033,
      "tn" : 1756437005033536746,
      "q" : "100",
      "p" : "0.020588",
      "s" : "sell",
      "i" : "ACHUSD-PERP",
      "m" : "4611686018429556557"
    }, {
      "d" : "1756436998761877168",
      "t" : 1756436998761,
      "tn" : 1756436998761877168,
      "q" : "100",
      "p" : "0.020593",
      "s" : "buy",
      "i" : "ACHUSD-PERP",
      "m" : "4611686018429556556"
    }, {
      "d" : "1756436998521330142",
      "t" : 1756436998521,
      "tn" : 1756436998521330142,
      "q" : "100",
      "p" : "0.020595",
      "s" : "sell",
      "i" : "ACHUSD-PERP",
      "m" : "4611686018429556555"
    }, {
      "d" : "1756436996205329237",
      "t" : 1756436996205,
      "tn" : 1756436996205329237,
      "q" : "100",
      "p" : "0.020600",
      "s" : "sell",
      "i" : "ACHUSD-PERP",
      "m" : "4611686018429556554"
    }, {
      "d" : "1756436995974004035",
      "t" : 1756436995974,
      "tn" : 1756436995974004035,
      "q" : "100",
      "p" : "0.020596",
      "s" : "buy",
      "i" : "ACHUSD-PERP",
      "m" : "4611686018429556553"
    }, {
      "d" : "1756436971123235946",
      "t" : 1756436971123,
      "tn" : 1756436971123235946,
      "q" : "100",
      "p" : "0.020586",
      "s" : "sell",
      "i" : "ACHUSD-PERP",
      "m" : "4611686018429556552"
    }, {
      "d" : "1756436970244722083",
      "t" : 1756436970244,
      "tn" : 1756436970244722083,
      "q" : "100",
      "p" : "0.020571",
      "s" : "buy",
      "i" : "ACHUSD-PERP",
      "m" : "4611686018429556551"
    }, {
      "d" : "1756436957333834825",
      "t" : 1756436957333,
      "tn" : 1756436957333834825,
      "q" : "100",
      "p" : "0.020566",
      "s" : "buy",
      "i" : "ACHUSD-PERP",
      "m" : "4611686018429556550"
    }, {
      "d" : "1756436957302235752",
      "t" : 1756436957302,
      "tn" : 1756436957302235752,
      "q" : "100",
      "p" : "0.020559",
      "s" : "buy",
      "i" : "ACHUSD-PERP",
      "m" : "4611686018429556549"
    }, {
      "d" : "1756436957184301153",
      "t" : 1756436957184,
      "tn" : 1756436957184301153,
      "q" : "100",
      "p" : "0.020567",
      "s" : "sell",
      "i" : "ACHUSD-PERP",
      "m" : "4611686018429556548"
    }, {
      "d" : "1756436956115404938",
      "t" : 1756436956115,
      "tn" : 1756436956115404938,
      "q" : "100",
      "p" : "0.020572",
      "s" : "sell",
      "i" : "ACHUSD-PERP",
      "m" : "4611686018429556547"
    }, {
      "d" : "1756436955994803540",
      "t" : 1756436955994,
      "tn" : 1756436955994803540,
      "q" : "100",
      "p" : "0.020573",
      "s" : "sell",
      "i" : "ACHUSD-PERP",
      "m" : "4611686018429556546"
    }, {
      "d" : "1756436955874628963",
      "t" : 1756436955874,
      "tn" : 1756436955874628963,
      "q" : "100",
      "p" : "0.020568",
      "s" : "buy",
      "i" : "ACHUSD-PERP",
      "m" : "4611686018429556545"
    }, {
      "d" : "1756436951714285185",
      "t" : 1756436951714,
      "tn" : 1756436951714285185,
      "q" : "100",
      "p" : "0.020560",
      "s" : "buy",
      "i" : "ACHUSD-PERP",
      "m" : "4611686018429556544"
    }, {
      "d" : "1756436935557906231",
      "t" : 1756436935557,
      "tn" : 1756436935557906231,
      "q" : "100",
      "p" : "0.020562",
      "s" : "sell",
      "i" : "ACHUSD-PERP",
      "m" : "4611686018429556543"
    }, {
      "d" : "1756436934824341089",
      "t" : 1756436934824,
      "tn" : 1756436934824341089,
      "q" : "100",
      "p" : "0.020558",
      "s" : "buy",
      "i" : "ACHUSD-PERP",
      "m" : "4611686018429556542"
    }, {
      "d" : "1756436920510409466",
      "t" : 1756436920510,
      "tn" : 1756436920510409466,
      "q" : "100",
      "p" : "0.020547",
      "s" : "buy",
      "i" : "ACHUSD-PERP",
      "m" : "4611686018429556541"
    }, {
      "d" : "1756436919913735762",
      "t" : 1756436919913,
      "tn" : 1756436919913735762,
      "q" : "100",
      "p" : "0.020550",
      "s" : "sell",
      "i" : "ACHUSD-PERP",
      "m" : "4611686018429556540"
    }, {
      "d" : "1756436919913733560",
      "t" : 1756436919913,
      "tn" : 1756436919913733560,
      "q" : "100",
      "p" : "0.020551",
      "s" : "sell",
      "i" : "ACHUSD-PERP",
      "m" : "4611686018429556539"
    }, {
      "d" : "1756436917544717691",
      "t" : 1756436917544,
      "tn" : 1756436917544717691,
      "q" : "100",
      "p" : "0.020555",
      "s" : "buy",
      "i" : "ACHUSD-PERP",
      "m" : "4611686018429556538"
    }, {
      "d" : "1756436913239775477",
      "t" : 1756436913239,
      "tn" : 1756436913239775477,
      "q" : "3500",
      "p" : "0.020573",
      "s" : "buy",
      "i" : "ACHUSD-PERP",
      "m" : "4611686018429556537"
    }, {
      "d" : "1756436913234697332",
      "t" : 1756436913234,
      "tn" : 1756436913234697332,
      "q" : "100",
      "p" : "0.020568",
      "s" : "sell",
      "i" : "ACHUSD-PERP",
      "m" : "4611686018429556536"
    }, {
      "d" : "1756436901982562364",
      "t" : 1756436901982,
      "tn" : 1756436901982562364,
      "q" : "100",
      "p" : "0.020584",
      "s" : "sell",
      "i" : "ACHUSD-PERP",
      "m" : "4611686018429556535"
    }, {
      "d" : "1756436901872680734",
      "t" : 1756436901872,
      "tn" : 1756436901872680734,
      "q" : "100",
      "p" : "0.020585",
      "s" : "sell",
      "i" : "ACHUSD-PERP",
      "m" : "4611686018429556534"
    }, {
      "d" : "1756436901763129279",
      "t" : 1756436901763,
      "tn" : 1756436901763129279,
      "q" : "100",
      "p" : "0.020581",
      "s" : "buy",
      "i" : "ACHUSD-PERP",
      "m" : "4611686018429556533"
    }, {
      "d" : "1756436898868108574",
      "t" : 1756436898868,
      "tn" : 1756436898868108574,
      "q" : "100",
      "p" : "0.020573",
      "s" : "buy",
      "i" : "ACHUSD-PERP",
      "m" : "4611686018429556532"
    }, {
      "d" : "1756436896745144311",
      "t" : 1756436896745,
      "tn" : 1756436896745144311,
      "q" : "100",
      "p" : "0.020565",
      "s" : "buy",
      "i" : "ACHUSD-PERP",
      "m" : "4611686018429556531"
    }, {
      "d" : "1756436889835613193",
      "t" : 1756436889835,
      "tn" : 1756436889835613193,
      "q" : "100",
      "p" : "0.020575",
      "s" : "sell",
      "i" : "ACHUSD-PERP",
      "m" : "4611686018429556530"
    }, {
      "d" : "1756436888565871864",
      "t" : 1756436888565,
      "tn" : 1756436888565871864,
      "q" : "100",
      "p" : "0.020571",
      "s" : "sell",
      "i" : "ACHUSD-PERP",
      "m" : "4611686018429556529"
    }, {
      "d" : "1756436887696065449",
      "t" : 1756436887696,
      "tn" : 1756436887696065449,
      "q" : "100",
      "p" : "0.020551",
      "s" : "buy",
      "i" : "ACHUSD-PERP",
      "m" : "4611686018429556528"
    }, {
      "d" : "1756436856767572183",
      "t" : 1756436856767,
      "tn" : 1756436856767572183,
      "q" : "100",
      "p" : "0.020558",
      "s" : "sell",
      "i" : "ACHUSD-PERP",
      "m" : "4611686018429556527"
    }, {
      "d" : "1756436854101014382",
      "t" : 1756436854101,
      "tn" : 1756436854101014382,
      "q" : "100",
      "p" : "0.020550",
      "s" : "buy",
      "i" : "ACHUSD-PERP",
      "m" : "4611686018429556526"
    }, {
      "d" : "1756436852272497387",
      "t" : 1756436852272,
      "tn" : 1756436852272497387,
      "q" : "100",
      "p" : "0.020550",
      "s" : "sell",
      "i" : "ACHUSD-PERP",
      "m" : "4611686018429556525"
    }, {
      "d" : "1756436852154571473",
      "t" : 1756436852154,
      "tn" : 1756436852154571473,
      "q" : "100",
      "p" : "0.020551",
      "s" : "sell",
      "i" : "ACHUSD-PERP",
      "m" : "4611686018429556524"
    }, {
      "d" : "1756436845024618460",
      "t" : 1756436845024,
      "tn" : 1756436845024618460,
      "q" : "100",
      "p" : "0.020547",
      "s" : "buy",
      "i" : "ACHUSD-PERP",
      "m" : "4611686018429556523"
    }, {
      "d" : "1756436842749621472",
      "t" : 1756436842749,
      "tn" : 1756436842749621472,
      "q" : "100",
      "p" : "0.020543",
      "s" : "buy",
      "i" : "ACHUSD-PERP",
      "m" : "4611686018429556522"
    }, {
      "d" : "1756436825683375806",
      "t" : 1756436825683,
      "tn" : 1756436825683375806,
      "q" : "100",
      "p" : "0.020536",
      "s" : "sell",
      "i" : "ACHUSD-PERP",
      "m" : "4611686018429556521"
    }, {
      "d" : "1756436825569796036",
      "t" : 1756436825569,
      "tn" : 1756436825569796036,
      "q" : "100",
      "p" : "0.020539",
      "s" : "sell",
      "i" : "ACHUSD-PERP",
      "m" : "4611686018429556520"
    }, {
      "d" : "1756436822275952050",
      "t" : 1756436822275,
      "tn" : 1756436822275952050,
      "q" : "100",
      "p" : "0.020533",
      "s" : "buy",
      "i" : "ACHUSD-PERP",
      "m" : "4611686018429556519"
    }, {
      "d" : "1756436818546859620",
      "t" : 1756436818546,
      "tn" : 1756436818546859620,
      "q" : "100",
      "p" : "0.020533",
      "s" : "sell",
      "i" : "ACHUSD-PERP",
      "m" : "4611686018429556518"
    }, {
      "d" : "1756436817901702208",
      "t" : 1756436817901,
      "tn" : 1756436817901702208,
      "q" : "100",
      "p" : "0.020530",
      "s" : "buy",
      "i" : "ACHUSD-PERP",
      "m" : "4611686018429556517"
    }, {
      "d" : "1756436807773114559",
      "t" : 1756436807773,
      "tn" : 1756436807773114559,
      "q" : "100",
      "p" : "0.020525",
      "s" : "buy",
      "i" : "ACHUSD-PERP",
      "m" : "4611686018429556516"
    }, {
      "d" : "1756436802543575783",
      "t" : 1756436802543,
      "tn" : 1756436802543575783,
      "q" : "100",
      "p" : "0.020524",
      "s" : "sell",
      "i" : "ACHUSD-PERP",
      "m" : "4611686018429556515"
    }, {
      "d" : "1756436800689488705",
      "t" : 1756436800689,
      "tn" : 1756436800689488705,
      "q" : "100",
      "p" : "0.020518",
      "s" : "buy",
      "i" : "ACHUSD-PERP",
      "m" : "4611686018429556514"
    }, {
      "d" : "1756436778714040563",
      "t" : 1756436778714,
      "tn" : 1756436778714040563,
      "q" : "100",
      "p" : "0.020509",
      "s" : "sell",
      "i" : "ACHUSD-PERP",
      "m" : "4611686018429556513"
    }, {
      "d" : "1756436777681494305",
      "t" : 1756436777681,
      "tn" : 1756436777681494305,
      "q" : "100",
      "p" : "0.020505",
      "s" : "buy",
      "i" : "ACHUSD-PERP",
      "m" : "4611686018429556512"
    }, {
      "d" : "1756436759588967168",
      "t" : 1756436759588,
      "tn" : 1756436759588967168,
      "q" : "100",
      "p" : "0.020518",
      "s" : "sell",
      "i" : "ACHUSD-PERP",
      "m" : "4611686018429556511"
    }, {
      "d" : "1756436754600300286",
      "t" : 1756436754600,
      "tn" : 1756436754600300286,
      "q" : "100",
      "p" : "0.020526",
      "s" : "sell",
      "i" : "ACHUSD-PERP",
      "m" : "4611686018429556510"
    }, {
      "d" : "1756436751658331725",
      "t" : 1756436751658,
      "tn" : 1756436751658331725,
      "q" : "100",
      "p" : "0.020524",
      "s" : "buy",
      "i" : "ACHUSD-PERP",
      "m" : "4611686018429556509"
    }, {
      "d" : "1756436749551657194",
      "t" : 1756436749551,
      "tn" : 1756436749551657194,
      "q" : "100",
      "p" : "0.020516",
      "s" : "buy",
      "i" : "ACHUSD-PERP",
      "m" : "4611686018429556508"
    }, {
      "d" : "1756436748525621466",
      "t" : 1756436748525,
      "tn" : 1756436748525621466,
      "q" : "100",
      "p" : "0.020515",
      "s" : "sell",
      "i" : "ACHUSD-PERP",
      "m" : "4611686018429556507"
    }, {
      "d" : "1756436748193945759",
      "t" : 1756436748193,
      "tn" : 1756436748193945759,
      "q" : "100",
      "p" : "0.020513",
      "s" : "buy",
      "i" : "ACHUSD-PERP",
      "m" : "4611686018429556506"
    }, {
      "d" : "1756436736966017546",
      "t" : 1756436736966,
      "tn" : 1756436736966017546,
      "q" : "100",
      "p" : "0.020511",
      "s" : "buy",
      "i" : "ACHUSD-PERP",
      "m" : "4611686018429556505"
    }, {
      "d" : "1756436733742756387",
      "t" : 1756436733742,
      "tn" : 1756436733742756387,
      "q" : "100",
      "p" : "0.020516",
      "s" : "sell",
      "i" : "ACHUSD-PERP",
      "m" : "4611686018429556504"
    }, {
      "d" : "1756436647575728905",
      "t" : 1756436647575,
      "tn" : 1756436647575728905,
      "q" : "100",
      "p" : "0.020557",
      "s" : "sell",
      "i" : "ACHUSD-PERP",
      "m" : "4611686018429556503"
    }, {
      "d" : "1756436643224191572",
      "t" : 1756436643224,
      "tn" : 1756436643224191572,
      "q" : "100",
      "p" : "0.020555",
      "s" : "buy",
      "i" : "ACHUSD-PERP",
      "m" : "4611686018429556502"
    }, {
      "d" : "1756436595681271836",
      "t" : 1756436595681,
      "tn" : 1756436595681271836,
      "q" : "100",
      "p" : "0.020545",
      "s" : "buy",
      "i" : "ACHUSD-PERP",
      "m" : "4611686018429556501"
    }, {
      "d" : "1756436594723864410",
      "t" : 1756436594723,
      "tn" : 1756436594723864410,
      "q" : "100",
      "p" : "0.020552",
      "s" : "sell",
      "i" : "ACHUSD-PERP",
      "m" : "4611686018429556500"
    }, {
      "d" : "1756436580239802562",
      "t" : 1756436580239,
      "tn" : 1756436580239802562,
      "q" : "100",
      "p" : "0.020576",
      "s" : "sell",
      "i" : "ACHUSD-PERP",
      "m" : "4611686018429556499"
    }, {
      "d" : "1756436579820598276",
      "t" : 1756436579820,
      "tn" : 1756436579820598276,
      "q" : "100",
      "p" : "0.020571",
      "s" : "buy",
      "i" : "ACHUSD-PERP",
      "m" : "4611686018429556498"
    }, {
      "d" : "1756436560745790141",
      "t" : 1756436560745,
      "tn" : 1756436560745790141,
      "q" : "100",
      "p" : "0.020569",
      "s" : "buy",
      "i" : "ACHUSD-PERP",
      "m" : "4611686018429556497"
    }, {
      "d" : "1756436548726695540",
      "t" : 1756436548726,
      "tn" : 1756436548726695540,
      "q" : "100",
      "p" : "0.020578",
      "s" : "sell",
      "i" : "ACHUSD-PERP",
      "m" : "4611686018429556496"
    }, {
      "d" : "1756436544534473735",
      "t" : 1756436544534,
      "tn" : 1756436544534473735,
      "q" : "100",
      "p" : "0.020583",
      "s" : "sell",
      "i" : "ACHUSD-PERP",
      "m" : "4611686018429556495"
    }, {
      "d" : "1756436544414163167",
      "t" : 1756436544414,
      "tn" : 1756436544414163167,
      "q" : "100",
      "p" : "0.020584",
      "s" : "sell",
      "i" : "ACHUSD-PERP",
      "m" : "4611686018429556494"
    }, {
      "d" : "1756436540941676929",
      "t" : 1756436540941,
      "tn" : 1756436540941676929,
      "q" : "100",
      "p" : "0.020580",
      "s" : "buy",
      "i" : "ACHUSD-PERP",
      "m" : "4611686018429556493"
    }, {
      "d" : "1756436538352410751",
      "t" : 1756436538352,
      "tn" : 1756436538352410751,
      "q" : "100",
      "p" : "0.020574",
      "s" : "buy",
      "i" : "ACHUSD-PERP",
      "m" : "4611686018429556492"
    }, {
      "d" : "1756436533513783502",
      "t" : 1756436533513,
      "tn" : 1756436533513783502,
      "q" : "100",
      "p" : "0.020578",
      "s" : "buy",
      "i" : "ACHUSD-PERP",
      "m" : "4611686018429556491"
    }, {
      "d" : "1756436532642778684",
      "t" : 1756436532642,
      "tn" : 1756436532642778684,
      "q" : "100",
      "p" : "0.020584",
      "s" : "sell",
      "i" : "ACHUSD-PERP",
      "m" : "4611686018429556490"
    }, {
      "d" : "1756436532642776445",
      "t" : 1756436532642,
      "tn" : 1756436532642776445,
      "q" : "100",
      "p" : "0.020585",
      "s" : "sell",
      "i" : "ACHUSD-PERP",
      "m" : "4611686018429556489"
    }, {
      "d" : "1756436450514906809",
      "t" : 1756436450514,
      "tn" : 1756436450514906809,
      "q" : "100",
      "p" : "0.020582",
      "s" : "sell",
      "i" : "ACHUSD-PERP",
      "m" : "4611686018429556488"
    }, {
      "d" : "1756436449342943566",
      "t" : 1756436449342,
      "tn" : 1756436449342943566,
      "q" : "100",
      "p" : "0.020580",
      "s" : "sell",
      "i" : "ACHUSD-PERP",
      "m" : "4611686018429556487"
    } ]
  }
}