{
  "id" : -1,
  "method" : "public/get-trades",
  "code" : 0,
  "result" : {
    "data" : [ {
      "d" : "1756459272261570864",
      "t" : 1756459272261,
      "tn" : 1756459272261570864,
      "q" : "3800",
      "p" : "0.0010387",
      "s" : "sell",
      "i" : "ACS_USD",
      "m" : "4611686018429371921"
    }, {
      "d" : "1756458708552839940",
      "t" : 1756458708552,
      "tn" : 1756458708552839940,
      "q" : "14000",
      "p" : "0.0010397",
      "s" : "buy",
      "i" : "ACS_USD",
      "m" : "4611686018429371920"
    }, {
      "d" : "1756458708540658076",
      "t" : 1756458708540,
      "tn" : 1756458708540658076,
      "q" : "14000",
      "p" : "0.0010396",
      "s" : "buy",
      "i" : "ACS_USD",
      "m" : "4611686018429371919"
    }, {
      "d" : "1756458708187615394",
      "t" : 1756458708187,
      "tn" : 1756458708187615394,
      "q" : "14000",
      "p" : "0.0010391",
      "s" : "buy",
      "i" : "ACS_USD",
      "m" : "4611686018429371918"
    }, {
      "d" : "1756458708170156531",
      "t" : 1756458708170,
      "tn" : 1756458708170156531,
      "q" : "14000",
      "p" : "0.0010391",
      "s" : "buy",
      "i" : "ACS_USD",
      "m" : "4611686018429371917"
    }, {
      "d" : "1756458708079397710",
      "t" : 1756458708079,
      "tn" : 1756458708079397710,
      "q" : "24100",
      "p" : "0.0010391",
      "s" : "buy",
      "i" : "ACS_USD",
      "m" : "4611686018429371916"
    }, {
      "d" : "1756458708065766694",
      "t" : 1756458708065,
      "tn" : 1756458708065766694,
      "q" : "21300",
      "p" : "0.0010392",
      "s" : "buy",
      "i" : "ACS_USD",
      "m" : "4611686018429371915"
    }, {
      "d" : "1756458708051503269",
      "t" : 1756458708051,
      "tn" : 1756458708051503269,
      "q" : "3600",
      "p" : "0.0010393",
      "s" : "buy",
      "i" : "ACS_USD",
      "m" : "4611686018429371914"
    }, {
      "d" : "1756458708051500923",
      "t" : 1756458708051,
      "tn" : 1756458708051500923,
      "q" : "38300",
      "p" : "0.0010392",
      "s" : "buy",
      "i" : "ACS_USD",
      "m" : "4611686018429371913"
    }, {
      "d" : "1756458707894645934",
      "t" : 1756458707894,
      "tn" : 1756458707894645934,
      "q" : "41900",
      "p" : "0.0010391",
      "s" : "buy",
      "i" : "ACS_USD",
      "m" : "4611686018429371912"
    }, {
      "d" : "1756458386949843009",
      "t" : 1756458386949,
      "tn" : 1756458386949843009,
      "q" : "14000",
      "p" : "0.0010388",
      "s" : "buy",
      "i" : "ACS_USD",
      "m" : "4611686018429371911"
    }, {
      "d" : "1756458386948508219",
      "t" : 1756458386948,
      "tn" : 1756458386948508219,
      "q" : "14000",
      "p" : "0.0010388",
      "s" : "buy",
      "i" : "ACS_USD",
      "m" : "4611686018429371910"
    }, {
      "d" : "1756458386782141550",
      "t" : 1756458386782,
      "tn" : 1756458386782141550,
      "q" : "61000",
      "p" : "0.0010389",
      "s" : "buy",
      "i" : "ACS_USD",
      "m" : "4611686018429371909"
    }, {
      "d" : "1756458386781947220",
      "t" : 1756458386781,
      "tn" : 1756458386781947220,
      "q" : "61000",
      "p" : "0.0010389",
      "s" : "buy",
      "i" : "ACS_USD",
      "m" : "4611686018429371908"
    }, {
      "d" : "1756458376682825186",
      "t" : 1756458376682,
      "tn" : 1756458376682825186,
      "q" : "14000",
      "p" : "0.0010393",
      "s" : "buy",
      "i" : "ACS_USD",
      "m" : "4611686018429371907"
    }, {
      "d" : "1756458376677285693",
      "t" : 1756458376677,
      "tn" : 1756458376677285693,
      "q" : "14000",
      "p" : "0.0010393",
      "s" : "buy",
      "i" : "ACS_USD",
      "m" : "4611686018429371906"
    }, {
      "d" : "1756458343283561952",
      "t" : 1756458343283,
      "tn" : 1756458343283561952,
      "q" : "226800",
      "p" : "0.0010424",
      "s" : "buy",
      "i" : "ACS_USD",
      "m" : "4611686018429371905"
    }, {
      "d" : "1756458084518057675",
      "t" : 1756458084518,
      "tn" : 1756458084518057675,
      "q" : "7600",
      "p" : "0.0010605",
      "s" : "buy",
      "i" : "ACS_USD",
      "m" : "4611686018429371904"
    }, {
      "d" : "1756458000389910721",
      "t" : 1756458000389,
      "tn" : 1756458000389910721,
      "q" : "16000",
      "p" : "0.0010518",
      "s" : "sell",
      "i" : "ACS_USD",
      "m" : "4611686018429371903"
    }, {
      "d" : "1756458000367504537",
      "t" : 1756458000367,
      "tn" : 1756458000367504537,
      "q" : "16000",
      "p" : "0.0010518",
      "s" : "sell",
      "i" : "ACS_USD",
      "m" : "4611686018429371902"
    }, {
      "d" : "1756457957304832537",
      "t" : 1756457957304,
      "tn" : 1756457957304832537,
      "q" : "43000",
      "p" : "0.0010517",
      "s" : "sell",
      "i" : "ACS_USD",
      "m" : "4611686018429371901"
    }, {
      "d" : "1756457957293826631",
      "t" : 1756457957293,
      "tn" : 1756457957293826631,
      "q" : "43000",
      "p" : "0.0010517",
      "s" : "sell",
      "i" : "ACS_USD",
      "m" : "4611686018429371900"
    }, {
      "d" : "1756457805302598677",
      "t" : 1756457805302,
      "tn" : 1756457805302598677,
      "q" : "47400",
      "p" : "0.0010511",
      "s" : "sell",
      "i" : "ACS_USD",
      "m" : "4611686018429371899"
    }, {
      "d" : "1756457805302596591",
      "t" : 1756457805302,
      "tn" : 1756457805302596591,
      "q" : "37600",
      "p" : "0.0010512",
      "s" : "sell",
      "i" : "ACS_USD",
      "m" : "4611686018429371898"
    }, {
      "d" : "1756457805292500158",
      "t" : 1756457805292,
      "tn" : 1756457805292500158,
      "q" : "85000",
      "p" : "0.0010520",
      "s" : "sell",
      "i" : "ACS_USD",
      "m" : "4611686018429371897"
    }, {
      "d" : "1756457804933221801",
      "t" : 1756457804933,
      "tn" : 1756457804933221801,
      "q" : "14000",
      "p" : "0.0010511",
      "s" : "sell",
      "i" : "ACS_USD",
      "m" : "4611686018429371896"
    }, {
      "d" : "1756457804909949067",
      "t" : 1756457804909,
      "tn" : 1756457804909949067,
      "q" : "14000",
      "p" : "0.0010513",
      "s" : "sell",
      "i" : "ACS_USD",
      "m" : "4611686018429371895"
    }, {
      "d" : "1756457804905190922",
      "t" : 1756457804905,
      "tn" : 1756457804905190922,
      "q" : "14000",
      "p" : "0.0010512",
      "s" : "sell",
      "i" : "ACS_USD",
      "m" : "4611686018429371894"
    }, {
      "d" : "1756457804899821390",
      "t" : 1756457804899,
      "tn" : 1756457804899821390,
      "q" : "14000",
      "p" : "0.0010511",
      "s" : "sell",
      "i" : "ACS_USD",
      "m" : "4611686018429371893"
    }, {
      "d" : "1756457804899451853",
      "t" : 1756457804899,
      "tn" : 1756457804899451853,
      "q" : "33000",
      "p" : "0.0010511",
      "s" : "sell",
      "i" : "ACS_USD",
      "m" : "4611686018429371892"
    }, {
      "d" : "1756457804897734569",
      "t" : 1756457804897,
      "tn" : 1756457804897734569,
      "q" : "36000",
      "p" : "0.0010513",
      "s" : "sell",
      "i" : "ACS_USD",
      "m" : "4611686018429371891"
    }, {
      "d" : "1756457796488628285",
      "t" : 1756457796488,
      "tn" : 1756457796488628285,
      "q" : "9400",
      "p" : "0.0010493",
      "s" : "sell",
      "i" : "ACS_USD",
      "m" : "4611686018429371890"
    }, {
      "d" : "1756457776189648307",
      "t" : 1756457776189,
      "tn" : 1756457776189648307,
      "q" : "19000",
      "p" : "0.0010488",
      "s" : "sell",
      "i" : "ACS_USD",
      "m" : "4611686018429371889"
    }, {
      "d" : "1756457776131566340",
      "t" : 1756457776131,
      "tn" : 1756457776131566340,
      "q" : "190700",
      "p" : "0.0010487",
      "s" : "sell",
      "i" : "ACS_USD",
      "m" : "4611686018429371888"
    }, {
      "d" : "1756457607371316192",
      "t" : 1756457607371,
      "tn" : 1756457607371316192,
      "q" : "6600",
      "p" : "0.0010464",
      "s" : "sell",
      "i" : "ACS_USD",
      "m" : "4611686018429371887"
    }, {
      "d" : "1756455851381026357",
      "t" : 1756455851381,
      "tn" : 1756455851381026357,
      "q" : "7000",
      "p" : "0.0010461",
      "s" : "sell",
      "i" : "ACS_USD",
      "m" : "4611686018429371886"
    }, {
      "d" : "1756454627743161635",
      "t" : 1756454627743,
      "tn" : 1756454627743161635,
      "q" : "17600",
      "p" : "0.0010501",
      "s" : "sell",
      "i" : "ACS_USD",
      "m" : "4611686018429371885"
    }, {
      "d" : "1756454132999329613",
      "t" : 1756454132999,
      "tn" : 1756454132999329613,
      "q" : "13700",
      "p" : "0.0010522",
      "s" : "buy",
      "i" : "ACS_USD",
      "m" : "4611686018429371884"
    }, {
      "d" : "1756452466802346157",
      "t" : 1756452466802,
      "tn" : 1756452466802346157,
      "q" : "6900",
      "p" : "0.0010566",
      "s" : "buy",
      "i" : "ACS_USD",
      "m" : "4611686018429371883"
    }, {
      "d" : "1756451991295382451",
      "t" : 1756451991295,
      "tn" : 1756451991295382451,
      "q" : "18200",
      "p" : "0.0010535",
      "s" : "buy",
      "i" : "ACS_USD",
      "m" : "4611686018429371882"
    }, {
      "d" : "1756451589007541811",
      "t" : 1756451589007,
      "tn" : 1756451589007541811,
      "q" : "3700",
      "p" : "0.0010544",
      "s" : "buy",
      "i" : "ACS_USD",
      "m" : "4611686018429371881"
    }, {
      "d" : "1756451362984135729",
      "t" : 1756451362984,
      "tn" : 1756451362984135729,
      "q" : "4500",
      "p" : "0.0010542",
      "s" : "buy",
      "i" : "ACS_USD",
      "m" : "4611686018429371880"
    }, {
      "d" : "1756451329027800020",
      "t" : 1756451329027,
      "tn" : 1756451329027800020,
      "q" : "5500",
      "p" : "0.0010542",
      "s" : "buy",
      "i" : "ACS_USD",
      "m" : "4611686018429371879"
    }, {
      "d" : "1756450005464853016",
      "t" : 1756450005464,
      "tn" : 1756450005464853016,
      "q" : "14600",
      "p" : "0.0010473",
      "s" : "sell",
      "i" : "ACS_USD",
      "m" : "4611686018429371878"
    }, {
      "d" : "1756450005256466868",
      "t" : 1756450005256,
      "tn" : 1756450005256466868,
      "q" : "38900",
      "p" : "0.0010474",
      "s" : "sell",
      "i" : "ACS_USD",
      "m" : "4611686018429371877"
    }, {
      "d" : "1756449903105810005",
      "t" : 1756449903105,
      "tn" : 1756449903105810005,
      "q" : "2900",
      "p" : "0.0010470",
      "s" : "sell",
      "i" : "ACS_USD",
      "m" : "4611686018429371876"
    }, {
      "d" : "1756448657741250675",
      "t" : 1756448657741,
      "tn" : 1756448657741250675,
      "q" : "13600",
      "p" : "0.0010500",
      "s" : "buy",
      "i" : "ACS_USD",
      "m" : "4611686018429371875"
    }, {
      "d" : "1756448657741177233",
      "t" : 1756448657741,
      "tn" : 1756448657741177233,
      "q" : "150000",
      "p" : "0.0010500",
      "s" : "buy",
      "i" : "ACS_USD",
      "m" : "4611686018429371874"
    }, {
      "d" : "1756448657741167275",
      "t" : 1756448657741,
      "tn" : 1756448657741167275,
      "q" : "1000000",
      "p" : "0.0010500",
      "s" : "buy",
      "i" : "ACS_USD",
      "m" : "4611686018429371873"
    }, {
      "d" : "1756448657737814834",
      "t" : 1756448657737,
      "tn" : 1756448657737814834,
      "q" : "26300",
      "p" : "0.0010500",
      "s" : "buy",
      "i" : "ACS_USD",
      "m" : "4611686018429371872"
    }, {
      "d" : "1756448657729364603",
      "t" : 1756448657729,
      "tn" : 1756448657729364603,
      "q" : "240800",
      "p" : "0.0010500",
      "s" : "buy",
      "i" : "ACS_USD",
      "m" : "4611686018429371871"
    }, {
      "d" : "1756448657727981416",
      "t" : 1756448657727,
      "tn" : 1756448657727981416,
      "q" : "240800",
      "p" : "0.0010500",
      "s" : "buy",
      "i" : "ACS_USD",
      "m" : "4611686018429371870"
    }, {
      "d" : "1756448657726503993",
      "t" : 1756448657726,
      "tn" : 1756448657726503993,
      "q" : "240000",
      "p" : "0.0010500",
      "s" : "buy",
      "i" : "ACS_USD",
      "m" : "4611686018429371869"
    }, {
      "d" : "1756448657724172248",
      "t" : 1756448657724,
      "tn" : 1756448657724172248,
      "q" : "32000",
      "p" : "0.0010500",
      "s" : "buy",
      "i" : "ACS_USD",
      "m" : "4611686018429371868"
    }, {
      "d" : "1756448657724169884",
      "t" : 1756448657724,
      "tn" : 1756448657724169884,
      "q" : "1000000",
      "p" : "0.0010500",
      "s" : "buy",
      "i" : "ACS_USD",
      "m" : "4611686018429371867"
    }, {
      "d" : "1756448657724129127",
      "t" : 1756448657724,
      "tn" : 1756448657724129127,
      "q" : "62000",
      "p" : "0.0010500",
      "s" : "buy",
      "i" : "ACS_USD",
      "m" : "4611686018429371866"
    }, {
      "d" : "1756448657722826063",
      "t" : 1756448657722,
      "tn" : 1756448657722826063,
      "q" : "85700",
      "p" : "0.0010500",
      "s" : "buy",
      "i" : "ACS_USD",
      "m" : "4611686018429371865"
    }, {
      "d" : "1756448657710700469",
      "t" : 1756448657710,
      "tn" : 1756448657710700468,
      "q" : "405300",
      "p" : "0.0010508",
      "s" : "sell",
      "i" : "ACS_USD",
      "m" : "4611686018429371864"
    }, {
      "d" : "1756448657710700468",
      "t" : 1756448657710,
      "tn" : 1756448657710700468,
      "q" : "781800",
      "p" : "0.0010508",
      "s" : "sell",
      "i" : "ACS_USD",
      "m" : "4611686018429371864"
    }, {
      "d" : "1756448657710695257",
      "t" : 1756448657710,
      "tn" : 1756448657710695257,
      "q" : "814300",
      "p" : "0.0010525",
      "s" : "sell",
      "i" : "ACS_USD",
      "m" : "4611686018429371863"
    }, {
      "d" : "1756448657710692405",
      "t" : 1756448657710,
      "tn" : 1756448657710692405,
      "q" : "635800",
      "p" : "0.0010542",
      "s" : "sell",
      "i" : "ACS_USD",
      "m" : "4611686018429371862"
    }, {
      "d" : "1756448657710689248",
      "t" : 1756448657710,
      "tn" : 1756448657710689248,
      "q" : "80600",
      "p" : "0.0010545",
      "s" : "sell",
      "i" : "ACS_USD",
      "m" : "4611686018429371861"
    }, {
      "d" : "1756448464651940481",
      "t" : 1756448464651,
      "tn" : 1756448464651940481,
      "q" : "9700",
      "p" : "0.0010577",
      "s" : "buy",
      "i" : "ACS_USD",
      "m" : "4611686018429371860"
    }, {
      "d" : "1756448464651830277",
      "t" : 1756448464651,
      "tn" : 1756448464651830277,
      "q" : "30300",
      "p" : "0.0010577",
      "s" : "buy",
      "i" : "ACS_USD",
      "m" : "4611686018429371859"
    }, {
      "d" : "1756448464642459575",
      "t" : 1756448464642,
      "tn" : 1756448464642459575,
      "q" : "50200",
      "p" : "0.0010577",
      "s" : "buy",
      "i" : "ACS_USD",
      "m" : "4611686018429371858"
    }, {
      "d" : "1756448464635023426",
      "t" : 1756448464635,
      "tn" : 1756448464635023426,
      "q" : "161200",
      "p" : "0.0010577",
      "s" : "sell",
      "i" : "ACS_USD",
      "m" : "4611686018429371857"
    }, {
      "d" : "1756447893685628359",
      "t" : 1756447893685,
      "tn" : 1756447893685628359,
      "q" : "34500",
      "p" : "0.0010584",
      "s" : "buy",
      "i" : "ACS_USD",
      "m" : "4611686018429371856"
    }, {
      "d" : "1756447893684718813",
      "t" : 1756447893684,
      "tn" : 1756447893684718812,
      "q" : "13300",
      "p" : "0.0010584",
      "s" : "buy",
      "i" : "ACS_USD",
      "m" : "4611686018429371855"
    }, {
      "d" : "1756447893684718812",
      "t" : 1756447893684,
      "tn" : 1756447893684718812,
      "q" : "700",
      "p" : "0.0010584",
      "s" : "buy",
      "i" : "ACS_USD",
      "m" : "4611686018429371855"
    }, {
      "d" : "1756447893667689475",
      "t" : 1756447893667,
      "tn" : 1756447893667689475,
      "q" : "34000",
      "p" : "0.0010584",
      "s" : "buy",
      "i" : "ACS_USD",
      "m" : "4611686018429371854"
    }, {
      "d" : "1756447893666578059",
      "t" : 1756447893666,
      "tn" : 1756447893666578059,
      "q" : "34000",
      "p" : "0.0010584",
      "s" : "buy",
      "i" : "ACS_USD",
      "m" : "4611686018429371853"
    }, {
      "d" : "1756447889452982650",
      "t" : 1756447889452,
      "tn" : 1756447889452982650,
      "q" : "16800",
      "p" : "0.0010582",
      "s" : "buy",
      "i" : "ACS_USD",
      "m" : "4611686018429371852"
    }, {
      "d" : "1756447889441841794",
      "t" : 1756447889441,
      "tn" : 1756447889441841794,
      "q" : "17300",
      "p" : "0.0010582",
      "s" : "buy",
      "i" : "ACS_USD",
      "m" : "4611686018429371851"
    }, {
      "d" : "1756447889441840545",
      "t" : 1756447889441,
      "tn" : 1756447889441840545,
      "q" : "37700",
      "p" : "0.0010581",
      "s" : "buy",
      "i" : "ACS_USD",
      "m" : "4611686018429371850"
    }, {
      "d" : "1756447889434248788",
      "t" : 1756447889434,
      "tn" : 1756447889434248788,
      "q" : "41500",
      "p" : "0.0010582",
      "s" : "buy",
      "i" : "ACS_USD",
      "m" : "4611686018429371849"
    }, {
      "d" : "1756447889434225625",
      "t" : 1756447889434,
      "tn" : 1756447889434225625,
      "q" : "20200",
      "p" : "0.0010582",
      "s" : "buy",
      "i" : "ACS_USD",
      "m" : "4611686018429371848"
    }, {
      "d" : "1756447889432929866",
      "t" : 1756447889432,
      "tn" : 1756447889432929866,
      "q" : "41500",
      "p" : "0.0010582",
      "s" : "buy",
      "i" : "ACS_USD",
      "m" : "4611686018429371847"
    }, {
      "d" : "1756447889428656669",
      "t" : 1756447889428,
      "tn" : 1756447889428656669,
      "q" : "20200",
      "p" : "0.0010581",
      "s" : "buy",
      "i" : "ACS_USD",
      "m" : "4611686018429371846"
    }, {
      "d" : "1756447868706089953",
      "t" : 1756447868706,
      "tn" : 1756447868706089953,
      "q" : "6300",
      "p" : "0.0010558",
      "s" : "sell",
      "i" : "ACS_USD",
      "m" : "4611686018429371845"
    }, {
      "d" : "1756443087071492872",
      "t" : 1756443087071,
      "tn" : 1756443087071492872,
      "q" : "86500",
      "p" : "0.0010646",
      "s" : "buy",
      "i" : "ACS_USD",
      "m" : "4611686018429371844"
    }, {
      "d" : "1756443087019882270",
      "t" : 1756443087019,
      "tn" : 1756443087019882270,
      "q" : "37200",
      "p" : "0.0010647",
      "s" : "buy",
      "i" : "ACS_USD",
      "m" : "4611686018429371843"
    }, {
      "d" : "1756442736314759583",
      "t" : 1756442736314,
      "tn" : 1756442736314759583,
      "q" : "3900",
      "p" : "0.0010590",
      "s" : "sell",
      "i" : "ACS_USD",
      "m" : "4611686018429371842"
    }, {
      "d" : "1756442645235629896",
      "t" : 1756442645235,
      "tn" : 1756442645235629896,
      "q" : "3900",
      "p" : "0.0010655",
      "s" : "buy",
      "i" : "ACS_USD",
      "m" : "4611686018429371841"
    }, {
      "d" : "1756440718880125852",
      "t" : 1756440718880,
      "tn" : 1756440718880125852,
      "q" : "4500",
      "p" : "0.0010596",
      "s" : "buy",
      "i" : "ACS_USD",
      "m" : "4611686018429371840"
    }, {
      "d" : "1756440448789080159",
      "t" : 1756440448789,
      "tn" : 1756440448789080159,
      "q" : "89900",
      "p" : "0.0010624",
      "s" : "buy",
      "i" : "ACS_USD",
      "m" : "4611686018429371839"
    }, {
      "d" : "1756440221078975469",
      "t" : 1756440221078,
      "tn" : 1756440221078975469,
      "q" : "10700",
      "p" : "0.0010642",
      "s" : "buy",
      "i" : "ACS_USD",
      "m" : "4611686018429371838"
    }, {
      "d" : "1756438702028191166",
      "t" : 1756438702028,
      "tn" : 1756438702028191166,
      "q" : "22500",
      "p" : "0.0010634",
      "s" : "buy",
      "i" : "ACS_USD",
      "m" : "4611686018429371837"
    }, {
      "d" : "1756438251228900536",
      "t" : 1756438251228,
      "tn" : 1756438251228900536,
      "q" : "5900",
      "p" : "0.0010556",
      "s" : "buy",
      "i" : "ACS_USD",
      "m" : "4611686018429371836"
    }, {
      "d" : "1756438251221311000",
      "t" : 1756438251221,
      "tn" : 1756438251221311000,
      "q" : "23000",
      "p" : "0.0010556",
      "s" : "buy",
      "i" : "ACS_USD",
      "m" : "4611686018429371835"
    }, {
      "d" : "1756438251221294125",
      "t" : 1756438251221,
      "tn" : 1756438251221294125,
      "q" : "23000",
      "p" : "0.0010556",
      "s" : "buy",
      "i" : "ACS_USD",
      "m" : "4611686018429371834"
    }, {
      "d" : "1756438251220890519",
      "t" : 1756438251220,
      "tn" : 1756438251220890519,
      "q" : "23000",
      "p" : "0.0010556",
      "s" : "buy",
      "i" : "ACS_USD",
      "m" : "4611686018429371833"
    }, {
      "d" : "1756438251218414271",
      "t" : 1756438251218,
      "tn" : 1756438251218414271,
      "q" : "16000",
      "p" : "0.0010556",
      "s" : "buy",
      "i" : "ACS_USD",
      "m" : "4611686018429371832"
    }, {
      "d" : "1756438244128595206",
      "t" : 1756438244128,
      "tn" : 1756438244128595206,
      "q" : "15000",
      "p" : "0.0010562",
      "s" : "buy",
      "i" : "ACS_USD",
      "m" : "4611686018429371831"
    }, {
      "d" : "1756438244123362079",
      "t" : 1756438244123,
      "tn" : 1756438244123362079,
      "q" : "15000",
      "p" : "0.0010562",
      "s" : "buy",
      "i" : "ACS_USD",
      "m" : "4611686018429371830"
    }, {
      "d" : "1756438240594272549",
      "t" : 1756438240594,
      "tn" : 1756438240594272549,
      "q" : "135200",
      "p" : "0.0010571",
      "s" : "buy",
      "i" : "ACS_USD",
      "m" : "4611686018429371829"
    }, {
      "d" : "1756438240594270809",
      "t" : 1756438240594,
      "tn" : 1756438240594270809,
      "q" : "37700",
      "p" : "0.0010570",
      "s" : "buy",
      "i" : "ACS_USD",
      "m" : "4611686018429371828"
    }, {
      "d" : "1756438166045959635",
      "t" : 1756438166045,
      "tn" : 1756438166045959635,
      "q" : "31100",
      "p" : "0.0010636",
      "s" : "buy",
      "i" : "ACS_USD",
      "m" : "4611686018429371827"
    }, {
      "d" : "1756437919556063523",
      "t" : 1756437919556,
      "tn" : 1756437919556063523,
      "q" : "39800",
      "p" : "0.0010570",
      "s" : "buy",
      "i" : "ACS_USD",
      "m" : "4611686018429371826"
    }, {
      "d" : "1756437838482135038",
      "t" : 1756437838482,
      "tn" : 1756437838482135038,
      "q" : "45200",
      "p" : "0.0010542",
      "s" : "sell",
      "i" : "ACS_USD",
      "m" : "4611686018429371825"
    }, {
      "d" : "1756437330249639552",
      "t" : 1756437330249,
      "tn" : 1756437330249639552,
      "q" : "5000",
      "p" : "0.0010605",
      "s" : "buy",
      "i" : "ACS_USD",
      "m" : "4611686018429371824"
    }, {
      "d" : "1756437283731335553",
      "t" : 1756437283731,
      "tn" : 1756437283731335553,
      "q" : "1000",
      "p" : "0.0010628",
      "s" : "buy",
      "i" : "ACS_USD",
      "m" : "4611686018429371823"
    }, {
      "d" : "1756437281523578757",
      "t" : 1756437281523,
      "tn" : 1756437281523578757,
      "q" : "1000",
      "p" : "0.0010630",
      "s" : "buy",
      "i" : "ACS_USD",
      "m" : "4611686018429371822"
    }, {
      "d" : "1756437275220037833",
      "t" : 1756437275220,
      "tn" : 1756437275220037833,
      "q" : "1000",
      "p" : "0.0010631",
      "s" : "buy",
      "i" : "ACS_USD",
      "m" : "4611686018429371821"
    }, {
      "d" : "1756437221030097439",
      "t" : 1756437221030,
      "tn" : 1756437221030097439,
      "q" : "3500",
      "p" : "0.0010632",
      "s" : "buy",
      "i" : "ACS_USD",
      "m" : "4611686018429371820"
    }, {
      "d" : "1756437216796542856",
      "t" : 1756437216796,
      "tn" : 1756437216796542856,
      "q" : "3500",
      "p" : "0.0010625",
      "s" : "buy",
      "i" : "ACS_USD",
      "m" : "4611686018429371819"
    }, {
      "d" : "1756437212161286967",
      "t" : 1756437212161,
      "tn" : 1756437212161286967,
      "q" : "3500",
      "p" : "0.0010609",
      "s" : "buy",
      "i" : "ACS_USD",
      "m" : "4611686018429371818"
    }, {
      "d" : "1756437084087450732",
      "t" : 1756437084087,
      "tn" : 1756437084087450732,
      "q" : "18200",
      "p" : "0.0010602",
      "s" : "sell",
      "i" : "ACS_USD",
      "m" : "4611686018429371817"
    }, {
      "d" : "1756437084087449156",
      "t" : 1756437084087,
      "tn" : 1756437084087449156,
      "q" : "14400",
      "p" : "0.0010603",
      "s" : "sell",
      "i" : "ACS_USD",
      "m" : "4611686018429371816"
    }, {
      "d" : "1756437084087447403",
      "t" : 1756437084087,
      "tn" : 1756437084087447403,
      "q" : "20400",
      "p" : "0.0010604",
      "s" : "sell",
      "i" : "ACS_USD",
      "m" : "4611686018429371815"
    }, {
      "d" : "1756437084005271505",
      "t" : 1756437084005,
      "tn" : 1756437084005271504,
      "q" : "45300",
      "p" : "0.0010602",
      "s" : "sell",
      "i" : "ACS_USD",
      "m" : "4611686018429371814"
    }, {
      "d" : "1756437084005271504",
      "t" : 1756437084005,
      "tn" : 1756437084005271504,
      "q" : "14400",
      "p" : "0.0010602",
      "s" : "sell",
      "i" : "ACS_USD",
      "m" : "4611686018429371814"
    }, {
      "d" : "1756436873176851061",
      "t" : 1756436873176,
      "tn" : 1756436873176851061,
      "q" : "13800",
      "p" : "0.0010636",
      "s" : "buy",
      "i" : "ACS_USD",
      "m" : "4611686018429371813"
    }, {
      "d" : "1756436872388280008",
      "t" : 1756436872388,
      "tn" : 1756436872388280008,
      "q" : "22500",
      "p" : "0.0010621",
      "s" : "sell",
      "i" : "ACS_USD",
      "m" : "4611686018429371812"
    }, {
      "d" : "1756436872383680419",
      "t" : 1756436872383,
      "tn" : 1756436872383680419,
      "q" : "39000",
      "p" : "0.0010621",
      "s" : "sell",
      "i" : "ACS_USD",
      "m" : "4611686018429371811"
    }, {
      "d" : "1756436872367977477",
      "t" : 1756436872367,
      "tn" : 1756436872367977477,
      "q" : "55000",
      "p" : "0.0010621",
      "s" : "sell",
      "i" : "ACS_USD",
      "m" : "4611686018429371810"
    }, {
      "d" : "1756436872358321427",
      "t" : 1756436872358,
      "tn" : 1756436872358321427,
      "q" : "55800",
      "p" : "0.0010621",
      "s" : "sell",
      "i" : "ACS_USD",
      "m" : "4611686018429371809"
    }, {
      "d" : "1756436872340854406",
      "t" : 1756436872340,
      "tn" : 1756436872340854406,
      "q" : "164200",
      "p" : "0.0010621",
      "s" : "buy",
      "i" : "ACS_USD",
      "m" : "4611686018429371808"
    }, {
      "d" : "1756436822351439261",
      "t" : 1756436822351,
      "tn" : 1756436822351439261,
      "q" : "62600",
      "p" : "0.0010626",
      "s" : "buy",
      "i" : "ACS_USD",
      "m" : "4611686018429371807"
    }, {
      "d" : "1756436819821547661",
      "t" : 1756436819821,
      "tn" : 1756436819821547661,
      "q" : "37400",
      "p" : "0.0010609",
      "s" : "buy",
      "i" : "ACS_USD",
      "m" : "4611686018429371806"
    }, {
      "d" : "1756436801520725213",
      "t" : 1756436801520,
      "tn" : 1756436801520725213,
      "q" : "15000",
      "p" : "0.0010609",
      "s" : "buy",
      "i" : "ACS_USD",
      "m" : "4611686018429371805"
    }, {
      "d" : "1756436640935708409",
      "t" : 1756436640935,
      "tn" : 1756436640935708409,
      "q" : "19200",
      "p" : "0.0010615",
      "s" : "sell",
      "i" : "ACS_USD",
      "m" : "4611686018429371804"
    }, {
      "d" : "1756436587271260530",
      "t" : 1756436587271,
      "tn" : 1756436587271260530,
      "q" : "14000",
      "p" : "0.0010615",
      "s" : "sell",
      "i" : "ACS_USD",
      "m" : "4611686018429371803"
    }, {
      "d" : "1756436583164412172",
      "t" : 1756436583164,
      "tn" : 1756436583164412172,
      "q" : "14200",
      "p" : "0.0010615",
      "s" : "sell",
      "i" : "ACS_USD",
      "m" : "4611686018429371802"
    }, {
      "d" : "1756436583154668709",
      "t" : 1756436583154,
      "tn" : 1756436583154668709,
      "q" : "20200",
      "p" : "0.0010615",
      "s" : "sell",
      "i" : "ACS_USD",
      "m" : "4611686018429371801"
    }, {
      "d" : "1756436583138381974",
      "t" : 1756436583138,
      "tn" : 1756436583138381974,
      "q" : "53300",
      "p" : "0.0010615",
      "s" : "sell",
      "i" : "ACS_USD",
      "m" : "4611686018429371800"
    }, {
      "d" : "1756436583135811031",
      "t" : 1756436583135,
      "tn" : 1756436583135811031,
      "q" : "56800",
      "p" : "0.0010615",
      "s" : "sell",
      "i" : "ACS_USD",
      "m" : "4611686018429371799"
    }, {
      "d" : "1756436583108503143",
      "t" : 1756436583108,
      "tn" : 1756436583108503143,
      "q" : "62200",
      "p" : "0.0010615",
      "s" : "sell",
      "i" : "ACS_USD",
      "m" : "4611686018429371798"
    }, {
      "d" : "1756436583108501053",
      "t" : 1756436583108,
      "tn" : 1756436583108501053,
      "q" : "11800",
      "p" : "0.0010616",
      "s" : "sell",
      "i" : "ACS_USD",
      "m" : "4611686018429371797"
    }, {
      "d" : "1756436522053366779",
      "t" : 1756436522053,
      "tn" : 1756436522053366779,
      "q" : "6200",
      "p" : "0.0010615",
      "s" : "sell",
      "i" : "ACS_USD",
      "m" : "4611686018429371796"
    }, {
      "d" : "1756436522053364852",
      "t" : 1756436522053,
      "tn" : 1756436522053364852,
      "q" : "7800",
      "p" : "0.0010621",
      "s" : "sell",
      "i" : "ACS_USD",
      "m" : "4611686018429371795"
    }, {
      "d" : "1756436522053360969",
      "t" : 1756436522053,
      "tn" : 1756436522053360969,
      "q" : "34000",
      "p" : "0.0010621",
      "s" : "sell",
      "i" : "ACS_USD",
      "m" : "4611686018429371794"
    }, {
      "d" : "1756436522001934885",
      "t" : 1756436522001,
      "tn" : 1756436522001934885,
      "q" : "17300",
      "p" : "0.0010621",
      "s" : "sell",
      "i" : "ACS_USD",
      "m" : "4611686018429371793"
    }, {
      "d" : "1756436521964400274",
      "t" : 1756436521964,
      "tn" : 1756436521964400274,
      "q" : "24500",
      "p" : "0.0010621",
      "s" : "sell",
      "i" : "ACS_USD",
      "m" : "4611686018429371792"
    }, {
      "d" : "1756436521916522177",
      "t" : 1756436521916,
      "tn" : 1756436521916522177,
      "q" : "34700",
      "p" : "0.0010621",
      "s" : "sell",
      "i" : "ACS_USD",
      "m" : "4611686018429371791"
    }, {
      "d" : "1756436521808640820",
      "t" : 1756436521808,
      "tn" : 1756436521808640820,
      "q" : "88000",
      "p" : "0.0010621",
      "s" : "sell",
      "i" : "ACS_USD",
      "m" : "4611686018429371790"
    }, {
      "d" : "1756436521657589951",
      "t" : 1756436521657,
      "tn" : 1756436521657589951,
      "q" : "62700",
      "p" : "0.0010621",
      "s" : "sell",
      "i" : "ACS_USD",
      "m" : "4611686018429371789"
    }, {
      "d" : "1756436521657588294",
      "t" : 1756436521657,
      "tn" : 1756436521657588294,
      "q" : "20100",
      "p" : "0.0010622",
      "s" : "sell",
      "i" : "ACS_USD",
      "m" : "4611686018429371788"
    }, {
      "d" : "1756436521657585927",
      "t" : 1756436521657,
      "tn" : 1756436521657585927,
      "q" : "5500",
      "p" : "0.0010627",
      "s" : "sell",
      "i" : "ACS_USD",
      "m" : "4611686018429371787"
    }, {
      "d" : "1756436521420199564",
      "t" : 1756436521420,
      "tn" : 1756436521420199564,
      "q" : "14000",
      "p" : "0.0010627",
      "s" : "sell",
      "i" : "ACS_USD",
      "m" : "4611686018429371786"
    }, {
      "d" : "1756436515673069084",
      "t" : 1756436515673,
      "tn" : 1756436515673069084,
      "q" : "14000",
      "p" : "0.0010627",
      "s" : "sell",
      "i" : "ACS_USD",
      "m" : "4611686018429371785"
    }, {
      "d" : "1756436515572354829",
      "t" : 1756436515572,
      "tn" : 1756436515572354829,
      "q" : "14300",
      "p" : "0.0010627",
      "s" : "sell",
      "i" : "ACS_USD",
      "m" : "4611686018429371784"
    }, {
      "d" : "1756436515540247033",
      "t" : 1756436515540,
      "tn" : 1756436515540247033,
      "q" : "19000",
      "p" : "0.0010627",
      "s" : "sell",
      "i" : "ACS_USD",
      "m" : "4611686018429371783"
    }, {
      "d" : "1756436515411276262",
      "t" : 1756436515411,
      "tn" : 1756436515411276262,
      "q" : "19600",
      "p" : "0.0010628",
      "s" : "sell",
      "i" : "ACS_USD",
      "m" : "4611686018429371782"
    }, {
      "d" : "1756436515377685455",
      "t" : 1756436515377,
      "tn" : 1756436515377685455,
      "q" : "12600",
      "p" : "0.0010628",
      "s" : "sell",
      "i" : "ACS_USD",
      "m" : "4611686018429371781"
    }, {
      "d" : "1756436515377683713",
      "t" : 1756436515377,
      "tn" : 1756436515377683713,
      "q" : "1400",
      "p" : "0.0010630",
      "s" : "sell",
      "i" : "ACS_USD",
      "m" : "4611686018429371780"
    }, {
      "d" : "1756436515073911337",
      "t" : 1756436515073,
      "tn" : 1756436515073911337,
      "q" : "16000",
      "p" : "0.0010630",
      "s" : "sell",
      "i" : "ACS_USD",
      "m" : "4611686018429371779"
    }, {
      "d" : "1756436514932791084",
      "t" : 1756436514932,
      "tn" : 1756436514932791084,
      "q" : "16300",
      "p" : "0.0010631",
      "s" : "sell",
      "i" : "ACS_USD",
      "m" : "4611686018429371778"
    }, {
      "d" : "1756436514667919188",
      "t" : 1756436514667,
      "tn" : 1756436514667919188,
      "q" : "23000",
      "p" : "0.0010628",
      "s" : "sell",
      "i" : "ACS_USD",
      "m" : "4611686018429371777"
    }, {
      "d" : "1756436514587053599",
      "t" : 1756436514587,
      "tn" : 1756436514587053599,
      "q" : "6200",
      "p" : "0.0010628",
      "s" : "sell",
      "i" : "ACS_USD",
      "m" : "4611686018429371776"
    }, {
      "d" : "1756436514587052125",
      "t" : 1756436514587,
      "tn" : 1756436514587052125,
      "q" : "7800",
      "p" : "0.0010630",
      "s" : "sell",
      "i" : "ACS_USD",
      "m" : "4611686018429371775"
    } ]
  }
}