{
  "id" : -1,
  "method" : "public/get-trades",
  "code" : 0,
  "result" : {
    "data" : [ {
      "d" : "1756457809569758651",
      "t" : 1756457809569,
      "tn" : 1756457809569758651,
      "q" : "93",
      "p" : "0.04029",
      "s" : "buy",
      "i" : "ACT_USD",
      "m" : "4611686018427418892"
    }, {
      "d" : "1756430290318900882",
      "t" : 1756430290318,
      "tn" : 1756430290318900882,
      "q" : "3837",
      "p" : "0.04194",
      "s" : "sell",
      "i" : "ACT_USD",
      "m" : "4611686018427418891"
    }, {
      "d" : "1756430290318534050",
      "t" : 1756430290318,
      "tn" : 1756430290318534050,
      "q" : "935",
      "p" : "0.04194",
      "s" : "sell",
      "i" : "ACT_USD",
      "m" : "4611686018427418890"
    }, {
      "d" : "1756430289013859044",
      "t" : 1756430289013,
      "tn" : 1756430289013859044,
      "q" : "2131",
      "p" : "0.04194",
      "s" : "sell",
      "i" : "ACT_USD",
      "m" : "4611686018427418889"
    }, {
      "d" : "1756430289013856203",
      "t" : 1756430289013,
      "tn" : 1756430289013856203,
      "q" : "2639",
      "p" : "0.04196",
      "s" : "sell",
      "i" : "ACT_USD",
      "m" : "4611686018427418888"
    }, {
      "d" : "1756430288445616387",
      "t" : 1756430288445,
      "tn" : 1756430288445616387,
      "q" : "4770",
      "p" : "0.04196",
      "s" : "sell",
      "i" : "ACT_USD",
      "m" : "4611686018427418887"
    }, {
      "d" : "1756430282114405158",
      "t" : 1756430282114,
      "tn" : 1756430282114405158,
      "q" : "1123",
      "p" : "0.04196",
      "s" : "sell",
      "i" : "ACT_USD",
      "m" : "4611686018427418886"
    }, {
      "d" : "1756430281614424054",
      "t" : 1756430281614,
      "tn" : 1756430281614424054,
      "q" : "1104",
      "p" : "0.04195",
      "s" : "sell",
      "i" : "ACT_USD",
      "m" : "4611686018427418885"
    }, {
      "d" : "1756430281357270799",
      "t" : 1756430281357,
      "tn" : 1756430281357270799,
      "q" : "3056",
      "p" : "0.04194",
      "s" : "sell",
      "i" : "ACT_USD",
      "m" : "4611686018427418884"
    }, {
      "d" : "1756406133237003655",
      "t" : 1756406133237,
      "tn" : 1756406133237003655,
      "q" : "10083",
      "p" : "0.04160",
      "s" : "buy",
      "i" : "ACT_USD",
      "m" : "4611686018427418883"
    }, {
      "d" : "1756401800393078576",
      "t" : 1756401800393,
      "tn" : 1756401800393078576,
      "q" : "12508",
      "p" : "0.04234",
      "s" : "buy",
      "i" : "ACT_USD",
      "m" : "4611686018427418882"
    }, {
      "d" : "1756401709084027935",
      "t" : 1756401709084,
      "tn" : 1756401709084027935,
      "q" : "10383",
      "p" : "0.04220",
      "s" : "buy",
      "i" : "ACT_USD",
      "m" : "4611686018427418881"
    }, {
      "d" : "1756399911388484968",
      "t" : 1756399911388,
      "tn" : 1756399911388484968,
      "q" : "197",
      "p" : "0.04217",
      "s" : "sell",
      "i" : "ACT_USD",
      "m" : "4611686018427418880"
    }, {
      "d" : "1756399902459901376",
      "t" : 1756399902459,
      "tn" : 1756399902459901375,
      "q" : "9117",
      "p" : "0.04216",
      "s" : "sell",
      "i" : "ACT_USD",
      "m" : "4611686018427418879"
    }, {
      "d" : "1756399902459901375",
      "t" : 1756399902459,
      "tn" : 1756399902459901375,
      "q" : "4894",
      "p" : "0.04216",
      "s" : "sell",
      "i" : "ACT_USD",
      "m" : "4611686018427418879"
    }, {
      "d" : "1756399488780934570",
      "t" : 1756399488780,
      "tn" : 1756399488780934570,
      "q" : "1235",
      "p" : "0.04226",
      "s" : "sell",
      "i" : "ACT_USD",
      "m" : "4611686018427418878"
    }, {
      "d" : "1756398083745067980",
      "t" : 1756398083745,
      "tn" : 1756398083745067980,
      "q" : "14044",
      "p" : "0.04286",
      "s" : "sell",
      "i" : "ACT_USD",
      "m" : "4611686018427418877"
    }, {
      "d" : "1756398083745064632",
      "t" : 1756398083745,
      "tn" : 1756398083745064632,
      "q" : "234",
      "p" : "0.04287",
      "s" : "sell",
      "i" : "ACT_USD",
      "m" : "4611686018427418876"
    }, {
      "d" : "1756396800456901877",
      "t" : 1756396800456,
      "tn" : 1756396800456901877,
      "q" : "12360",
      "p" : "0.04256",
      "s" : "buy",
      "i" : "ACT_USD",
      "m" : "4611686018427418875"
    }, {
      "d" : "1756396800456899340",
      "t" : 1756396800456,
      "tn" : 1756396800456899340,
      "q" : "2297",
      "p" : "0.04255",
      "s" : "buy",
      "i" : "ACT_USD",
      "m" : "4611686018427418874"
    }, {
      "d" : "1756396291222315856",
      "t" : 1756396291222,
      "tn" : 1756396291222315855,
      "q" : "5227",
      "p" : "0.04226",
      "s" : "sell",
      "i" : "ACT_USD",
      "m" : "4611686018427418873"
    }, {
      "d" : "1756396291222315855",
      "t" : 1756396291222,
      "tn" : 1756396291222315855,
      "q" : "1101",
      "p" : "0.04226",
      "s" : "sell",
      "i" : "ACT_USD",
      "m" : "4611686018427418873"
    }, {
      "d" : "1756395104780911672",
      "t" : 1756395104780,
      "tn" : 1756395104780911672,
      "q" : "4412",
      "p" : "0.04317",
      "s" : "buy",
      "i" : "ACT_USD",
      "m" : "4611686018427418872"
    }, {
      "d" : "1756395104780909358",
      "t" : 1756395104780,
      "tn" : 1756395104780909358,
      "q" : "196",
      "p" : "0.04312",
      "s" : "buy",
      "i" : "ACT_USD",
      "m" : "4611686018427418871"
    }, {
      "d" : "1756394856236342934",
      "t" : 1756394856236,
      "tn" : 1756394856236342934,
      "q" : "1300",
      "p" : "0.04263",
      "s" : "buy",
      "i" : "ACT_USD",
      "m" : "4611686018427418870"
    }, {
      "d" : "1756394856234320639",
      "t" : 1756394856234,
      "tn" : 1756394856234320639,
      "q" : "4685",
      "p" : "0.04263",
      "s" : "buy",
      "i" : "ACT_USD",
      "m" : "4611686018427418869"
    }, {
      "d" : "1756394855359688956",
      "t" : 1756394855359,
      "tn" : 1756394855359688956,
      "q" : "4687",
      "p" : "0.04263",
      "s" : "buy",
      "i" : "ACT_USD",
      "m" : "4611686018427418868"
    }, {
      "d" : "1756394621573383575",
      "t" : 1756394621573,
      "tn" : 1756394621573383575,
      "q" : "1350",
      "p" : "0.04206",
      "s" : "buy",
      "i" : "ACT_USD",
      "m" : "4611686018427418867"
    }, {
      "d" : "1756394621573261677",
      "t" : 1756394621573,
      "tn" : 1756394621573261677,
      "q" : "2773",
      "p" : "0.04206",
      "s" : "buy",
      "i" : "ACT_USD",
      "m" : "4611686018427418866"
    }, {
      "d" : "1756394621571052377",
      "t" : 1756394621571,
      "tn" : 1756394621571052377,
      "q" : "2120",
      "p" : "0.04206",
      "s" : "buy",
      "i" : "ACT_USD",
      "m" : "4611686018427418865"
    }, {
      "d" : "1756394621571050358",
      "t" : 1756394621571,
      "tn" : 1756394621571050358,
      "q" : "239",
      "p" : "0.04205",
      "s" : "buy",
      "i" : "ACT_USD",
      "m" : "4611686018427418864"
    }, {
      "d" : "1756391587673215076",
      "t" : 1756391587673,
      "tn" : 1756391587673215075,
      "q" : "970",
      "p" : "0.04181",
      "s" : "sell",
      "i" : "ACT_USD",
      "m" : "4611686018427418863"
    }, {
      "d" : "1756391587673215075",
      "t" : 1756391587673,
      "tn" : 1756391587673215075,
      "q" : "11994",
      "p" : "0.04181",
      "s" : "sell",
      "i" : "ACT_USD",
      "m" : "4611686018427418863"
    }, {
      "d" : "1756391587673097221",
      "t" : 1756391587673,
      "tn" : 1756391587673097221,
      "q" : "9768",
      "p" : "0.04182",
      "s" : "sell",
      "i" : "ACT_USD",
      "m" : "4611686018427418862"
    }, {
      "d" : "1756391587661676867",
      "t" : 1756391587661,
      "tn" : 1756391587661676867,
      "q" : "2199",
      "p" : "0.04182",
      "s" : "sell",
      "i" : "ACT_USD",
      "m" : "4611686018427418861"
    }, {
      "d" : "1756389811989114668",
      "t" : 1756389811989,
      "tn" : 1756389811989114668,
      "q" : "5984",
      "p" : "0.04220",
      "s" : "buy",
      "i" : "ACT_USD",
      "m" : "4611686018427418860"
    }, {
      "d" : "1756389811668781976",
      "t" : 1756389811668,
      "tn" : 1756389811668781976,
      "q" : "4735",
      "p" : "0.04220",
      "s" : "buy",
      "i" : "ACT_USD",
      "m" : "4611686018427418859"
    }, {
      "d" : "1756389811657554905",
      "t" : 1756389811657,
      "tn" : 1756389811657554905,
      "q" : "472",
      "p" : "0.04220",
      "s" : "buy",
      "i" : "ACT_USD",
      "m" : "4611686018427418858"
    }, {
      "d" : "1756389811489085097",
      "t" : 1756389811489,
      "tn" : 1756389811489085097,
      "q" : "5181",
      "p" : "0.04218",
      "s" : "buy",
      "i" : "ACT_USD",
      "m" : "4611686018427418857"
    }, {
      "d" : "1756389756600033654",
      "t" : 1756389756600,
      "tn" : 1756389756600033654,
      "q" : "109",
      "p" : "0.04204",
      "s" : "buy",
      "i" : "ACT_USD",
      "m" : "4611686018427418856"
    }, {
      "d" : "1756389756600030089",
      "t" : 1756389756600,
      "tn" : 1756389756600030089,
      "q" : "4654",
      "p" : "0.04203",
      "s" : "buy",
      "i" : "ACT_USD",
      "m" : "4611686018427418855"
    }, {
      "d" : "1756388933450990792",
      "t" : 1756388933450,
      "tn" : 1756388933450990792,
      "q" : "241",
      "p" : "0.04165",
      "s" : "sell",
      "i" : "ACT_USD",
      "m" : "4611686018427418854"
    }, {
      "d" : "1756384292501028298",
      "t" : 1756384292501,
      "tn" : 1756384292501028298,
      "q" : "241",
      "p" : "0.04184",
      "s" : "buy",
      "i" : "ACT_USD",
      "m" : "4611686018427418853"
    }, {
      "d" : "1756377561082691646",
      "t" : 1756377561082,
      "tn" : 1756377561082691646,
      "q" : "3233",
      "p" : "0.04206",
      "s" : "sell",
      "i" : "ACT_USD",
      "m" : "4611686018427418852"
    }, {
      "d" : "1756377561082689639",
      "t" : 1756377561082,
      "tn" : 1756377561082689639,
      "q" : "838",
      "p" : "0.04208",
      "s" : "sell",
      "i" : "ACT_USD",
      "m" : "4611686018427418851"
    }, {
      "d" : "1756377561082686379",
      "t" : 1756377561082,
      "tn" : 1756377561082686379,
      "q" : "238",
      "p" : "0.04210",
      "s" : "sell",
      "i" : "ACT_USD",
      "m" : "4611686018427418850"
    }, {
      "d" : "1756376542851375559",
      "t" : 1756376542851,
      "tn" : 1756376542851375559,
      "q" : "6216",
      "p" : "0.04207",
      "s" : "sell",
      "i" : "ACT_USD",
      "m" : "4611686018427418849"
    }, {
      "d" : "1756376542851373372",
      "t" : 1756376542851,
      "tn" : 1756376542851373372,
      "q" : "3547",
      "p" : "0.04208",
      "s" : "sell",
      "i" : "ACT_USD",
      "m" : "4611686018427418848"
    }, {
      "d" : "1756376542576143145",
      "t" : 1756376542576,
      "tn" : 1756376542576143145,
      "q" : "11488",
      "p" : "0.04209",
      "s" : "sell",
      "i" : "ACT_USD",
      "m" : "4611686018427418847"
    }, {
      "d" : "1756375952888171861",
      "t" : 1756375952888,
      "tn" : 1756375952888171861,
      "q" : "1666",
      "p" : "0.04216",
      "s" : "buy",
      "i" : "ACT_USD",
      "m" : "4611686018427418846"
    }, {
      "d" : "1756375952885064691",
      "t" : 1756375952885,
      "tn" : 1756375952885064691,
      "q" : "744",
      "p" : "0.04199",
      "s" : "buy",
      "i" : "ACT_USD",
      "m" : "4611686018427418845"
    }, {
      "d" : "1756375952882584645",
      "t" : 1756375952882,
      "tn" : 1756375952882584645,
      "q" : "2369",
      "p" : "0.04199",
      "s" : "buy",
      "i" : "ACT_USD",
      "m" : "4611686018427418844"
    }, {
      "d" : "1756375952879906765",
      "t" : 1756375952879,
      "tn" : 1756375952879906765,
      "q" : "4709",
      "p" : "0.04199",
      "s" : "buy",
      "i" : "ACT_USD",
      "m" : "4611686018427418843"
    } ]
  }
}