{
  "id" : -1,
  "method" : "public/get-trades",
  "code" : 0,
  "result" : {
    "data" : [ {
      "d" : "1756454531844334186",
      "t" : 1756454531844,
      "tn" : 1756454531844334186,
      "q" : "1230",
      "p" : "0.04053",
      "s" : "sell",
      "i" : "ACTUSD-PERP",
      "m" : "4611686018427548359"
    }, {
      "d" : "1756454531841030383",
      "t" : 1756454531841,
      "tn" : 1756454531841030383,
      "q" : "1230",
      "p" : "0.04056",
      "s" : "sell",
      "i" : "ACTUSD-PERP",
      "m" : "4611686018427548358"
    }, {
      "d" : "1756454531841028218",
      "t" : 1756454531841,
      "tn" : 1756454531841028218,
      "q" : "1230",
      "p" : "0.04057",
      "s" : "sell",
      "i" : "ACTUSD-PERP",
      "m" : "4611686018427548357"
    }, {
      "d" : "1756454531836112724",
      "t" : 1756454531836,
      "tn" : 1756454531836112724,
      "q" : "4920",
      "p" : "0.04060",
      "s" : "sell",
      "i" : "ACTUSD-PERP",
      "m" : "4611686018427548356"
    }, {
      "d" : "1756454531836110263",
      "t" : 1756454531836,
      "tn" : 1756454531836110263,
      "q" : "10",
      "p" : "0.04061",
      "s" : "sell",
      "i" : "ACTUSD-PERP",
      "m" : "4611686018427548355"
    }, {
      "d" : "1756454531836107600",
      "t" : 1756454531836,
      "tn" : 1756454531836107600,
      "q" : "10",
      "p" : "0.04063",
      "s" : "sell",
      "i" : "ACTUSD-PERP",
      "m" : "4611686018427548354"
    }, {
      "d" : "1756451262212083830",
      "t" : 1756451262212,
      "tn" : 1756451262212083830,
      "q" : "1200",
      "p" : "0.04109",
      "s" : "sell",
      "i" : "ACTUSD-PERP",
      "m" : "4611686018427548353"
    }, {
      "d" : "1756451262212081596",
      "t" : 1756451262212,
      "tn" : 1756451262212081596,
      "q" : "1210",
      "p" : "0.04111",
      "s" : "sell",
      "i" : "ACTUSD-PERP",
      "m" : "4611686018427548352"
    }, {
      "d" : "1756451262212079490",
      "t" : 1756451262212,
      "tn" : 1756451262212079490,
      "q" : "1210",
      "p" : "0.04112",
      "s" : "sell",
      "i" : "ACTUSD-PERP",
      "m" : "4611686018427548351"
    }, {
      "d" : "1756451262212076919",
      "t" : 1756451262212,
      "tn" : 1756451262212076919,
      "q" : "1080",
      "p" : "0.04115",
      "s" : "sell",
      "i" : "ACTUSD-PERP",
      "m" : "4611686018427548350"
    }, {
      "d" : "1756451262212074059",
      "t" : 1756451262212,
      "tn" : 1756451262212074059,
      "q" : "10",
      "p" : "0.04116",
      "s" : "sell",
      "i" : "ACTUSD-PERP",
      "m" : "4611686018427548349"
    }, {
      "d" : "1756404722350367000",
      "t" : 1756404722350,
      "tn" : 1756404722350367000,
      "q" : "1080",
      "p" : "0.04145",
      "s" : "sell",
      "i" : "ACTUSD-PERP",
      "m" : "4611686018427548348"
    }, {
      "d" : "1756404722345009347",
      "t" : 1756404722345,
      "tn" : 1756404722345009347,
      "q" : "4810",
      "p" : "0.04154",
      "s" : "sell",
      "i" : "ACTUSD-PERP",
      "m" : "4611686018427548347"
    }, {
      "d" : "1756404722345007011",
      "t" : 1756404722345,
      "tn" : 1756404722345007011,
      "q" : "1080",
      "p" : "0.04157",
      "s" : "sell",
      "i" : "ACTUSD-PERP",
      "m" : "4611686018427548346"
    }, {
      "d" : "1756404722345004790",
      "t" : 1756404722345,
      "tn" : 1756404722345004790,
      "q" : "10",
      "p" : "0.04159",
      "s" : "sell",
      "i" : "ACTUSD-PERP",
      "m" : "4611686018427548345"
    }, {
      "d" : "1756404722345002057",
      "t" : 1756404722345,
      "tn" : 1756404722345002057,
      "q" : "10",
      "p" : "0.04160",
      "s" : "sell",
      "i" : "ACTUSD-PERP",
      "m" : "4611686018427548344"
    }, {
      "d" : "1756401803679441196",
      "t" : 1756401803679,
      "tn" : 1756401803679441196,
      "q" : "1180",
      "p" : "0.04208",
      "s" : "sell",
      "i" : "ACTUSD-PERP",
      "m" : "4611686018427548343"
    }, {
      "d" : "1756401803678673564",
      "t" : 1756401803678,
      "tn" : 1756401803678673564,
      "q" : "1080",
      "p" : "0.04208",
      "s" : "sell",
      "i" : "ACTUSD-PERP",
      "m" : "4611686018427548342"
    }, {
      "d" : "1756401803677449959",
      "t" : 1756401803677,
      "tn" : 1756401803677449959,
      "q" : "1180",
      "p" : "0.04210",
      "s" : "sell",
      "i" : "ACTUSD-PERP",
      "m" : "4611686018427548341"
    }, {
      "d" : "1756401803677232162",
      "t" : 1756401803677,
      "tn" : 1756401803677232162,
      "q" : "1180",
      "p" : "0.04210",
      "s" : "sell",
      "i" : "ACTUSD-PERP",
      "m" : "4611686018427548340"
    }, {
      "d" : "1756401803668717753",
      "t" : 1756401803668,
      "tn" : 1756401803668717753,
      "q" : "80",
      "p" : "0.04223",
      "s" : "sell",
      "i" : "ACTUSD-PERP",
      "m" : "4611686018427548339"
    }, {
      "d" : "1756401803668715934",
      "t" : 1756401803668,
      "tn" : 1756401803668715934,
      "q" : "1180",
      "p" : "0.04229",
      "s" : "sell",
      "i" : "ACTUSD-PERP",
      "m" : "4611686018427548338"
    }, {
      "d" : "1756401803668713708",
      "t" : 1756401803668,
      "tn" : 1756401803668713708,
      "q" : "1180",
      "p" : "0.04230",
      "s" : "sell",
      "i" : "ACTUSD-PERP",
      "m" : "4611686018427548337"
    }, {
      "d" : "1756401803667293752",
      "t" : 1756401803667,
      "tn" : 1756401803667293752,
      "q" : "1180",
      "p" : "0.04232",
      "s" : "sell",
      "i" : "ACTUSD-PERP",
      "m" : "4611686018427548336"
    }, {
      "d" : "1756401803667289849",
      "t" : 1756401803667,
      "tn" : 1756401803667289848,
      "q" : "10",
      "p" : "0.04238",
      "s" : "sell",
      "i" : "ACTUSD-PERP",
      "m" : "4611686018427548335"
    }, {
      "d" : "1756401803667289848",
      "t" : 1756401803667,
      "tn" : 1756401803667289848,
      "q" : "1090",
      "p" : "0.04238",
      "s" : "sell",
      "i" : "ACTUSD-PERP",
      "m" : "4611686018427548335"
    }, {
      "d" : "1756401803667285714",
      "t" : 1756401803667,
      "tn" : 1756401803667285714,
      "q" : "10",
      "p" : "0.04240",
      "s" : "sell",
      "i" : "ACTUSD-PERP",
      "m" : "4611686018427548334"
    }, {
      "d" : "1756401800396763439",
      "t" : 1756401800396,
      "tn" : 1756401800396763439,
      "q" : "1150",
      "p" : "0.04238",
      "s" : "buy",
      "i" : "ACTUSD-PERP",
      "m" : "4611686018427548333"
    }, {
      "d" : "1756401800396761347",
      "t" : 1756401800396,
      "tn" : 1756401800396761346,
      "q" : "1180",
      "p" : "0.04237",
      "s" : "buy",
      "i" : "ACTUSD-PERP",
      "m" : "4611686018427548332"
    }, {
      "d" : "1756401800396761346",
      "t" : 1756401800396,
      "tn" : 1756401800396761346,
      "q" : "10",
      "p" : "0.04237",
      "s" : "buy",
      "i" : "ACTUSD-PERP",
      "m" : "4611686018427548332"
    }, {
      "d" : "1756401800396757676",
      "t" : 1756401800396,
      "tn" : 1756401800396757676,
      "q" : "2360",
      "p" : "0.04235",
      "s" : "buy",
      "i" : "ACTUSD-PERP",
      "m" : "4611686018427548331"
    }, {
      "d" : "1756398899037119601",
      "t" : 1756398899037,
      "tn" : 1756398899037119601,
      "q" : "2310",
      "p" : "0.04254",
      "s" : "sell",
      "i" : "ACTUSD-PERP",
      "m" : "4611686018427548330"
    }, {
      "d" : "1756398899031299635",
      "t" : 1756398899031,
      "tn" : 1756398899031299635,
      "q" : "1140",
      "p" : "0.04267",
      "s" : "sell",
      "i" : "ACTUSD-PERP",
      "m" : "4611686018427548329"
    }, {
      "d" : "1756398899031297909",
      "t" : 1756398899031,
      "tn" : 1756398899031297909,
      "q" : "1170",
      "p" : "0.04268",
      "s" : "sell",
      "i" : "ACTUSD-PERP",
      "m" : "4611686018427548328"
    }, {
      "d" : "1756398899029815232",
      "t" : 1756398899029,
      "tn" : 1756398899029815232,
      "q" : "1170",
      "p" : "0.04269",
      "s" : "sell",
      "i" : "ACTUSD-PERP",
      "m" : "4611686018427548327"
    }, {
      "d" : "1756398899029812345",
      "t" : 1756398899029,
      "tn" : 1756398899029812345,
      "q" : "1170",
      "p" : "0.04270",
      "s" : "sell",
      "i" : "ACTUSD-PERP",
      "m" : "4611686018427548326"
    }, {
      "d" : "1756398899029810080",
      "t" : 1756398899029,
      "tn" : 1756398899029810080,
      "q" : "10",
      "p" : "0.04275",
      "s" : "sell",
      "i" : "ACTUSD-PERP",
      "m" : "4611686018427548325"
    }, {
      "d" : "1756398899029807565",
      "t" : 1756398899029,
      "tn" : 1756398899029807565,
      "q" : "10",
      "p" : "0.04277",
      "s" : "sell",
      "i" : "ACTUSD-PERP",
      "m" : "4611686018427548324"
    }, {
      "d" : "1756394856236250443",
      "t" : 1756394856236,
      "tn" : 1756394856236250443,
      "q" : "1010",
      "p" : "0.04265",
      "s" : "buy",
      "i" : "ACTUSD-PERP",
      "m" : "4611686018427548323"
    }, {
      "d" : "1756394678148994953",
      "t" : 1756394678148,
      "tn" : 1756394678148994953,
      "q" : "1550",
      "p" : "0.04248",
      "s" : "buy",
      "i" : "ACTUSD-PERP",
      "m" : "4611686018427548322"
    }, {
      "d" : "1756394678134605052",
      "t" : 1756394678134,
      "tn" : 1756394678134605052,
      "q" : "10",
      "p" : "0.04228",
      "s" : "buy",
      "i" : "ACTUSD-PERP",
      "m" : "4611686018427548321"
    }, {
      "d" : "1756394678131570670",
      "t" : 1756394678131,
      "tn" : 1756394678131570670,
      "q" : "2350",
      "p" : "0.04230",
      "s" : "buy",
      "i" : "ACTUSD-PERP",
      "m" : "4611686018427548320"
    }, {
      "d" : "1756394678131568890",
      "t" : 1756394678131,
      "tn" : 1756394678131568890,
      "q" : "10",
      "p" : "0.04227",
      "s" : "buy",
      "i" : "ACTUSD-PERP",
      "m" : "4611686018427548319"
    }, {
      "d" : "1756394621581383614",
      "t" : 1756394621581,
      "tn" : 1756394621581383614,
      "q" : "2360",
      "p" : "0.04215",
      "s" : "buy",
      "i" : "ACTUSD-PERP",
      "m" : "4611686018427548318"
    }, {
      "d" : "1756394621571043652",
      "t" : 1756394621571,
      "tn" : 1756394621571043652,
      "q" : "2370",
      "p" : "0.04202",
      "s" : "buy",
      "i" : "ACTUSD-PERP",
      "m" : "4611686018427548317"
    }, {
      "d" : "1756394621571040467",
      "t" : 1756394621571,
      "tn" : 1756394621571040467,
      "q" : "10",
      "p" : "0.04197",
      "s" : "buy",
      "i" : "ACTUSD-PERP",
      "m" : "4611686018427548316"
    }, {
      "d" : "1756394621571037640",
      "t" : 1756394621571,
      "tn" : 1756394621571037640,
      "q" : "10",
      "p" : "0.04194",
      "s" : "buy",
      "i" : "ACTUSD-PERP",
      "m" : "4611686018427548315"
    }, {
      "d" : "1756376542619760787",
      "t" : 1756376542619,
      "tn" : 1756376542619760787,
      "q" : "10",
      "p" : "0.04203",
      "s" : "buy",
      "i" : "ACTUSD-PERP",
      "m" : "4611686018427548314"
    }, {
      "d" : "1756376542293551300",
      "t" : 1756376542293,
      "tn" : 1756376542293551300,
      "q" : "710",
      "p" : "0.04235",
      "s" : "sell",
      "i" : "ACTUSD-PERP",
      "m" : "4611686018427548313"
    }, {
      "d" : "1756376542293548410",
      "t" : 1756376542293,
      "tn" : 1756376542293548410,
      "q" : "1180",
      "p" : "0.04236",
      "s" : "sell",
      "i" : "ACTUSD-PERP",
      "m" : "4611686018427548312"
    }, {
      "d" : "1756376542293545982",
      "t" : 1756376542293,
      "tn" : 1756376542293545982,
      "q" : "1180",
      "p" : "0.04237",
      "s" : "sell",
      "i" : "ACTUSD-PERP",
      "m" : "4611686018427548311"
    }, {
      "d" : "1756376542293542914",
      "t" : 1756376542293,
      "tn" : 1756376542293542913,
      "q" : "10",
      "p" : "0.04241",
      "s" : "sell",
      "i" : "ACTUSD-PERP",
      "m" : "4611686018427548310"
    }, {
      "d" : "1756376542293542913",
      "t" : 1756376542293,
      "tn" : 1756376542293542913,
      "q" : "1640",
      "p" : "0.04241",
      "s" : "sell",
      "i" : "ACTUSD-PERP",
      "m" : "4611686018427548310"
    }, {
      "d" : "1756376542293539273",
      "t" : 1756376542293,
      "tn" : 1756376542293539273,
      "q" : "10",
      "p" : "0.04243",
      "s" : "sell",
      "i" : "ACTUSD-PERP",
      "m" : "4611686018427548309"
    }, {
      "d" : "1756375952886686321",
      "t" : 1756375952886,
      "tn" : 1756375952886686321,
      "q" : "2360",
      "p" : "0.04206",
      "s" : "buy",
      "i" : "ACTUSD-PERP",
      "m" : "4611686018427548308"
    }, {
      "d" : "1756375952871876555",
      "t" : 1756375952871,
      "tn" : 1756375952871876555,
      "q" : "16000",
      "p" : "0.04202",
      "s" : "buy",
      "i" : "ACTUSD-PERP",
      "m" : "4611686018427548307"
    }, {
      "d" : "1756375952871874130",
      "t" : 1756375952871,
      "tn" : 1756375952871874130,
      "q" : "1190",
      "p" : "0.04196",
      "s" : "buy",
      "i" : "ACTUSD-PERP",
      "m" : "4611686018427548306"
    }, {
      "d" : "1756375952871862363",
      "t" : 1756375952871,
      "tn" : 1756375952871862362,
      "q" : "4760",
      "p" : "0.04195",
      "s" : "buy",
      "i" : "ACTUSD-PERP",
      "m" : "4611686018427548305"
    }, {
      "d" : "1756375952871862362",
      "t" : 1756375952871,
      "tn" : 1756375952871862362,
      "q" : "1190",
      "p" : "0.04195",
      "s" : "buy",
      "i" : "ACTUSD-PERP",
      "m" : "4611686018427548305"
    }, {
      "d" : "1756375952871858306",
      "t" : 1756375952871,
      "tn" : 1756375952871858306,
      "q" : "1190",
      "p" : "0.04194",
      "s" : "buy",
      "i" : "ACTUSD-PERP",
      "m" : "4611686018427548304"
    }, {
      "d" : "1756375952871855204",
      "t" : 1756375952871,
      "tn" : 1756375952871855204,
      "q" : "1190",
      "p" : "0.04193",
      "s" : "buy",
      "i" : "ACTUSD-PERP",
      "m" : "4611686018427548303"
    }, {
      "d" : "1756375952871852326",
      "t" : 1756375952871,
      "tn" : 1756375952871852326,
      "q" : "2380",
      "p" : "0.04189",
      "s" : "buy",
      "i" : "ACTUSD-PERP",
      "m" : "4611686018427548302"
    }, {
      "d" : "1756375952871849231",
      "t" : 1756375952871,
      "tn" : 1756375952871849231,
      "q" : "10",
      "p" : "0.04184",
      "s" : "buy",
      "i" : "ACTUSD-PERP",
      "m" : "4611686018427548301"
    }, {
      "d" : "1756375952871846251",
      "t" : 1756375952871,
      "tn" : 1756375952871846251,
      "q" : "10",
      "p" : "0.04181",
      "s" : "buy",
      "i" : "ACTUSD-PERP",
      "m" : "4611686018427548300"
    }, {
      "d" : "1756374773260171486",
      "t" : 1756374773260,
      "tn" : 1756374773260171486,
      "q" : "50",
      "p" : "0.04173",
      "s" : "sell",
      "i" : "ACTUSD-PERP",
      "m" : "4611686018427548299"
    }, {
      "d" : "1756374773260168503",
      "t" : 1756374773260,
      "tn" : 1756374773260168503,
      "q" : "10",
      "p" : "0.04175",
      "s" : "sell",
      "i" : "ACTUSD-PERP",
      "m" : "4611686018427548298"
    }, {
      "d" : "1756374773260165724",
      "t" : 1756374773260,
      "tn" : 1756374773260165724,
      "q" : "10",
      "p" : "0.04177",
      "s" : "sell",
      "i" : "ACTUSD-PERP",
      "m" : "4611686018427548297"
    } ]
  }
}