{
  "id" : -1,
  "method" : "public/get-trades",
  "code" : 0,
  "result" : {
    "data" : [ {
      "d" : "1756457739606690114",
      "t" : 1756457739606,
      "tn" : 1756457739606690114,
      "q" : "1307",
      "p" : "0.15502",
      "s" : "sell",
      "i" : "ACX_USD",
      "m" : "4611686018427772049"
    }, {
      "d" : "1756457739606679052",
      "t" : 1756457739606,
      "tn" : 1756457739606679052,
      "q" : "1000",
      "p" : "0.15502",
      "s" : "sell",
      "i" : "ACX_USD",
      "m" : "4611686018427772048"
    }, {
      "d" : "1756455067308131415",
      "t" : 1756455067308,
      "tn" : 1756455067308131415,
      "q" : "118",
      "p" : "0.15680",
      "s" : "sell",
      "i" : "ACX_USD",
      "m" : "4611686018427772047"
    }, {
      "d" : "1756453214714705297",
      "t" : 1756453214714,
      "tn" : 1756453214714705297,
      "q" : "2000",
      "p" : "0.15811",
      "s" : "sell",
      "i" : "ACX_USD",
      "m" : "4611686018427772046"
    }, {
      "d" : "1756451411342227471",
      "t" : 1756451411342,
      "tn" : 1756451411342227471,
      "q" : "300",
      "p" : "0.15947",
      "s" : "buy",
      "i" : "ACX_USD",
      "m" : "4611686018427772045"
    }, {
      "d" : "1756438825610063506",
      "t" : 1756438825610,
      "tn" : 1756438825610063506,
      "q" : "700",
      "p" : "0.16306",
      "s" : "buy",
      "i" : "ACX_USD",
      "m" : "4611686018427772044"
    }, {
      "d" : "1756431554179715134",
      "t" : 1756431554179,
      "tn" : 1756431554179715134,
      "q" : "223",
      "p" : "0.16193",
      "s" : "sell",
      "i" : "ACX_USD",
      "m" : "4611686018427772043"
    }, {
      "d" : "1756427321286038388",
      "t" : 1756427321286,
      "tn" : 1756427321286038388,
      "q" : "88",
      "p" : "0.16482",
      "s" : "buy",
      "i" : "ACX_USD",
      "m" : "4611686018427772042"
    }, {
      "d" : "1756427321286036878",
      "t" : 1756427321286,
      "tn" : 1756427321286036878,
      "q" : "112",
      "p" : "0.16481",
      "s" : "buy",
      "i" : "ACX_USD",
      "m" : "4611686018427772041"
    }, {
      "d" : "1756421722498826924",
      "t" : 1756421722498,
      "tn" : 1756421722498826924,
      "q" : "4",
      "p" : "0.16416",
      "s" : "buy",
      "i" : "ACX_USD",
      "m" : "4611686018427772040"
    }, {
      "d" : "1756421062745805672",
      "t" : 1756421062745,
      "tn" : 1756421062745805671,
      "q" : "162",
      "p" : "0.16416",
      "s" : "buy",
      "i" : "ACX_USD",
      "m" : "4611686018427772039"
    }, {
      "d" : "1756421062745805671",
      "t" : 1756421062745,
      "tn" : 1756421062745805671,
      "q" : "100",
      "p" : "0.16416",
      "s" : "buy",
      "i" : "ACX_USD",
      "m" : "4611686018427772039"
    }, {
      "d" : "1756420264362870376",
      "t" : 1756420264362,
      "tn" : 1756420264362870376,
      "q" : "200",
      "p" : "0.16410",
      "s" : "buy",
      "i" : "ACX_USD",
      "m" : "4611686018427772038"
    }, {
      "d" : "1756409753449052304",
      "t" : 1756409753449,
      "tn" : 1756409753449052304,
      "q" : "207",
      "p" : "0.16159",
      "s" : "sell",
      "i" : "ACX_USD",
      "m" : "4611686018427772037"
    }, {
      "d" : "1756409753442006116",
      "t" : 1756409753442,
      "tn" : 1756409753442006116,
      "q" : "100",
      "p" : "0.16159",
      "s" : "buy",
      "i" : "ACX_USD",
      "m" : "4611686018427772036"
    }, {
      "d" : "1756401362739922096",
      "t" : 1756401362739,
      "tn" : 1756401362739922096,
      "q" : "1338",
      "p" : "0.16091",
      "s" : "buy",
      "i" : "ACX_USD",
      "m" : "4611686018427772035"
    }, {
      "d" : "1756401362738994325",
      "t" : 1756401362738,
      "tn" : 1756401362738994325,
      "q" : "116",
      "p" : "0.16088",
      "s" : "buy",
      "i" : "ACX_USD",
      "m" : "4611686018427772034"
    }, {
      "d" : "1756400112672945535",
      "t" : 1756400112672,
      "tn" : 1756400112672945535,
      "q" : "1198",
      "p" : "0.16105",
      "s" : "sell",
      "i" : "ACX_USD",
      "m" : "4611686018427772033"
    }, {
      "d" : "1756397119674289029",
      "t" : 1756397119674,
      "tn" : 1756397119674289029,
      "q" : "2300",
      "p" : "0.16281",
      "s" : "buy",
      "i" : "ACX_USD",
      "m" : "4611686018427772032"
    }, {
      "d" : "1756395225062706269",
      "t" : 1756395225062,
      "tn" : 1756395225062706269,
      "q" : "20",
      "p" : "0.16444",
      "s" : "sell",
      "i" : "ACX_USD",
      "m" : "4611686018427772031"
    }, {
      "d" : "1756395225058201130",
      "t" : 1756395225058,
      "tn" : 1756395225058201130,
      "q" : "113",
      "p" : "0.16444",
      "s" : "buy",
      "i" : "ACX_USD",
      "m" : "4611686018427772030"
    }, {
      "d" : "1756394102127266217",
      "t" : 1756394102127,
      "tn" : 1756394102127266217,
      "q" : "164",
      "p" : "0.16519",
      "s" : "sell",
      "i" : "ACX_USD",
      "m" : "4611686018427772029"
    }, {
      "d" : "1756394101014870004",
      "t" : 1756394101014,
      "tn" : 1756394101014870004,
      "q" : "900",
      "p" : "0.16519",
      "s" : "sell",
      "i" : "ACX_USD",
      "m" : "4611686018427772028"
    }, {
      "d" : "1756394101011669540",
      "t" : 1756394101011,
      "tn" : 1756394101011669540,
      "q" : "1765",
      "p" : "0.16522",
      "s" : "sell",
      "i" : "ACX_USD",
      "m" : "4611686018427772027"
    }, {
      "d" : "1756394100612735853",
      "t" : 1756394100612,
      "tn" : 1756394100612735853,
      "q" : "1758",
      "p" : "0.16519",
      "s" : "sell",
      "i" : "ACX_USD",
      "m" : "4611686018427772026"
    }, {
      "d" : "1756394100612734371",
      "t" : 1756394100612,
      "tn" : 1756394100612734371,
      "q" : "2969",
      "p" : "0.16520",
      "s" : "sell",
      "i" : "ACX_USD",
      "m" : "4611686018427772025"
    }, {
      "d" : "1756394100612731665",
      "t" : 1756394100612,
      "tn" : 1756394100612731665,
      "q" : "142",
      "p" : "0.16522",
      "s" : "sell",
      "i" : "ACX_USD",
      "m" : "4611686018427772024"
    }, {
      "d" : "1756394049202865966",
      "t" : 1756394049202,
      "tn" : 1756394049202865966,
      "q" : "1690",
      "p" : "0.16515",
      "s" : "buy",
      "i" : "ACX_USD",
      "m" : "4611686018427772023"
    }, {
      "d" : "1756394049202863769",
      "t" : 1756394049202,
      "tn" : 1756394049202863769,
      "q" : "195",
      "p" : "0.16513",
      "s" : "buy",
      "i" : "ACX_USD",
      "m" : "4611686018427772022"
    }, {
      "d" : "1756394049202860968",
      "t" : 1756394049202,
      "tn" : 1756394049202860968,
      "q" : "233",
      "p" : "0.16512",
      "s" : "buy",
      "i" : "ACX_USD",
      "m" : "4611686018427772021"
    }, {
      "d" : "1756394049199926604",
      "t" : 1756394049199,
      "tn" : 1756394049199926604,
      "q" : "100",
      "p" : "0.16482",
      "s" : "buy",
      "i" : "ACX_USD",
      "m" : "4611686018427772020"
    }, {
      "d" : "1756393427723472523",
      "t" : 1756393427723,
      "tn" : 1756393427723472523,
      "q" : "240",
      "p" : "0.16510",
      "s" : "sell",
      "i" : "ACX_USD",
      "m" : "4611686018427772019"
    }, {
      "d" : "1756393427723216854",
      "t" : 1756393427723,
      "tn" : 1756393427723216854,
      "q" : "2500",
      "p" : "0.16510",
      "s" : "sell",
      "i" : "ACX_USD",
      "m" : "4611686018427772018"
    }, {
      "d" : "1756393427718312590",
      "t" : 1756393427718,
      "tn" : 1756393427718312590,
      "q" : "1627",
      "p" : "0.16499",
      "s" : "sell",
      "i" : "ACX_USD",
      "m" : "4611686018427772017"
    }, {
      "d" : "1756393427718310454",
      "t" : 1756393427718,
      "tn" : 1756393427718310454,
      "q" : "792",
      "p" : "0.16501",
      "s" : "sell",
      "i" : "ACX_USD",
      "m" : "4611686018427772016"
    }, {
      "d" : "1756393427718307966",
      "t" : 1756393427718,
      "tn" : 1756393427718307966,
      "q" : "268",
      "p" : "0.16502",
      "s" : "sell",
      "i" : "ACX_USD",
      "m" : "4611686018427772015"
    }, {
      "d" : "1756393427717104590",
      "t" : 1756393427717,
      "tn" : 1756393427717104590,
      "q" : "80",
      "p" : "0.16520",
      "s" : "sell",
      "i" : "ACX_USD",
      "m" : "4611686018427772014"
    }, {
      "d" : "1756393427714177903",
      "t" : 1756393427714,
      "tn" : 1756393427714177903,
      "q" : "79",
      "p" : "0.16520",
      "s" : "sell",
      "i" : "ACX_USD",
      "m" : "4611686018427772013"
    }, {
      "d" : "1756393204338078162",
      "t" : 1756393204338,
      "tn" : 1756393204338078162,
      "q" : "2005",
      "p" : "0.16535",
      "s" : "buy",
      "i" : "ACX_USD",
      "m" : "4611686018427772012"
    }, {
      "d" : "1756393204338076540",
      "t" : 1756393204338,
      "tn" : 1756393204338076540,
      "q" : "1919",
      "p" : "0.16534",
      "s" : "buy",
      "i" : "ACX_USD",
      "m" : "4611686018427772011"
    }, {
      "d" : "1756393204338043797",
      "t" : 1756393204338,
      "tn" : 1756393204338043797,
      "q" : "897",
      "p" : "0.16534",
      "s" : "buy",
      "i" : "ACX_USD",
      "m" : "4611686018427772010"
    }, {
      "d" : "1756393204338042256",
      "t" : 1756393204338,
      "tn" : 1756393204338042256,
      "q" : "138",
      "p" : "0.16532",
      "s" : "buy",
      "i" : "ACX_USD",
      "m" : "4611686018427772009"
    }, {
      "d" : "1756393204338039931",
      "t" : 1756393204338,
      "tn" : 1756393204338039931,
      "q" : "765",
      "p" : "0.16526",
      "s" : "buy",
      "i" : "ACX_USD",
      "m" : "4611686018427772008"
    }, {
      "d" : "1756393094905822477",
      "t" : 1756393094905,
      "tn" : 1756393094905822477,
      "q" : "2805",
      "p" : "0.16515",
      "s" : "buy",
      "i" : "ACX_USD",
      "m" : "4611686018427772007"
    }, {
      "d" : "1756393094905820251",
      "t" : 1756393094905,
      "tn" : 1756393094905820251,
      "q" : "713",
      "p" : "0.16514",
      "s" : "buy",
      "i" : "ACX_USD",
      "m" : "4611686018427772006"
    }, {
      "d" : "1756393094905816350",
      "t" : 1756393094905,
      "tn" : 1756393094905816350,
      "q" : "1200",
      "p" : "0.16514",
      "s" : "buy",
      "i" : "ACX_USD",
      "m" : "4611686018427772005"
    }, {
      "d" : "1756392836262923090",
      "t" : 1756392836262,
      "tn" : 1756392836262923090,
      "q" : "100",
      "p" : "0.16433",
      "s" : "buy",
      "i" : "ACX_USD",
      "m" : "4611686018427772004"
    }, {
      "d" : "1756391617036989769",
      "t" : 1756391617036,
      "tn" : 1756391617036989769,
      "q" : "1037",
      "p" : "0.16249",
      "s" : "sell",
      "i" : "ACX_USD",
      "m" : "4611686018427772003"
    }, {
      "d" : "1756391617036987630",
      "t" : 1756391617036,
      "tn" : 1756391617036987630,
      "q" : "186",
      "p" : "0.16251",
      "s" : "sell",
      "i" : "ACX_USD",
      "m" : "4611686018427772002"
    }, {
      "d" : "1756391617036984336",
      "t" : 1756391617036,
      "tn" : 1756391617036984336,
      "q" : "100",
      "p" : "0.16252",
      "s" : "sell",
      "i" : "ACX_USD",
      "m" : "4611686018427772001"
    }, {
      "d" : "1756391383908990786",
      "t" : 1756391383908,
      "tn" : 1756391383908990785,
      "q" : "2623",
      "p" : "0.16257",
      "s" : "buy",
      "i" : "ACX_USD",
      "m" : "4611686018427772000"
    }, {
      "d" : "1756391383908990785",
      "t" : 1756391383908,
      "tn" : 1756391383908990785,
      "q" : "2805",
      "p" : "0.16257",
      "s" : "buy",
      "i" : "ACX_USD",
      "m" : "4611686018427772000"
    }, {
      "d" : "1756391383908987474",
      "t" : 1756391383908,
      "tn" : 1756391383908987473,
      "q" : "2441",
      "p" : "0.16232",
      "s" : "buy",
      "i" : "ACX_USD",
      "m" : "4611686018427771999"
    }, {
      "d" : "1756391383908987473",
      "t" : 1756391383908,
      "tn" : 1756391383908987473,
      "q" : "2168",
      "p" : "0.16232",
      "s" : "buy",
      "i" : "ACX_USD",
      "m" : "4611686018427771999"
    }, {
      "d" : "1756391383906974969",
      "t" : 1756391383906,
      "tn" : 1756391383906974969,
      "q" : "300",
      "p" : "0.16232",
      "s" : "buy",
      "i" : "ACX_USD",
      "m" : "4611686018427771998"
    }, {
      "d" : "1756391220134565773",
      "t" : 1756391220134,
      "tn" : 1756391220134565773,
      "q" : "75",
      "p" : "0.16172",
      "s" : "sell",
      "i" : "ACX_USD",
      "m" : "4611686018427771997"
    }, {
      "d" : "1756390840203095255",
      "t" : 1756390840203,
      "tn" : 1756390840203095255,
      "q" : "526",
      "p" : "0.16273",
      "s" : "sell",
      "i" : "ACX_USD",
      "m" : "4611686018427771996"
    }, {
      "d" : "1756390718169620397",
      "t" : 1756390718169,
      "tn" : 1756390718169620397,
      "q" : "1076",
      "p" : "0.16371",
      "s" : "sell",
      "i" : "ACX_USD",
      "m" : "4611686018427771995"
    }, {
      "d" : "1756390718166008841",
      "t" : 1756390718166,
      "tn" : 1756390718166008841,
      "q" : "293",
      "p" : "0.16380",
      "s" : "sell",
      "i" : "ACX_USD",
      "m" : "4611686018427771994"
    }, {
      "d" : "1756390718166006863",
      "t" : 1756390718166,
      "tn" : 1756390718166006863,
      "q" : "700",
      "p" : "0.16390",
      "s" : "sell",
      "i" : "ACX_USD",
      "m" : "4611686018427771993"
    }, {
      "d" : "1756390157719302650",
      "t" : 1756390157719,
      "tn" : 1756390157719302650,
      "q" : "425",
      "p" : "0.16330",
      "s" : "sell",
      "i" : "ACX_USD",
      "m" : "4611686018427771992"
    }, {
      "d" : "1756390157719300600",
      "t" : 1756390157719,
      "tn" : 1756390157719300600,
      "q" : "2680",
      "p" : "0.16336",
      "s" : "sell",
      "i" : "ACX_USD",
      "m" : "4611686018427771991"
    }, {
      "d" : "1756390157719297674",
      "t" : 1756390157719,
      "tn" : 1756390157719297674,
      "q" : "2471",
      "p" : "0.16346",
      "s" : "sell",
      "i" : "ACX_USD",
      "m" : "4611686018427771990"
    }, {
      "d" : "1756390069365044602",
      "t" : 1756390069365,
      "tn" : 1756390069365044602,
      "q" : "520",
      "p" : "0.16457",
      "s" : "sell",
      "i" : "ACX_USD",
      "m" : "4611686018427771989"
    }, {
      "d" : "1756390069365042266",
      "t" : 1756390069365,
      "tn" : 1756390069365042265,
      "q" : "1697",
      "p" : "0.16459",
      "s" : "sell",
      "i" : "ACX_USD",
      "m" : "4611686018427771988"
    }, {
      "d" : "1756390069365042265",
      "t" : 1756390069365,
      "tn" : 1756390069365042265,
      "q" : "2826",
      "p" : "0.16459",
      "s" : "sell",
      "i" : "ACX_USD",
      "m" : "4611686018427771988"
    }, {
      "d" : "1756390069365038235",
      "t" : 1756390069365,
      "tn" : 1756390069365038235,
      "q" : "2934",
      "p" : "0.16481",
      "s" : "sell",
      "i" : "ACX_USD",
      "m" : "4611686018427771987"
    }, {
      "d" : "1756389944586420134",
      "t" : 1756389944586,
      "tn" : 1756389944586420134,
      "q" : "200",
      "p" : "0.16512",
      "s" : "buy",
      "i" : "ACX_USD",
      "m" : "4611686018427771986"
    }, {
      "d" : "1756389942088271219",
      "t" : 1756389942088,
      "tn" : 1756389942088271219,
      "q" : "200",
      "p" : "0.16512",
      "s" : "buy",
      "i" : "ACX_USD",
      "m" : "4611686018427771985"
    }, {
      "d" : "1756388165595386563",
      "t" : 1756388165595,
      "tn" : 1756388165595386563,
      "q" : "3024",
      "p" : "0.16386",
      "s" : "buy",
      "i" : "ACX_USD",
      "m" : "4611686018427771984"
    }, {
      "d" : "1756388165595384745",
      "t" : 1756388165595,
      "tn" : 1756388165595384745,
      "q" : "2891",
      "p" : "0.16384",
      "s" : "buy",
      "i" : "ACX_USD",
      "m" : "4611686018427771983"
    }, {
      "d" : "1756388165595382024",
      "t" : 1756388165595,
      "tn" : 1756388165595382024,
      "q" : "78",
      "p" : "0.16383",
      "s" : "buy",
      "i" : "ACX_USD",
      "m" : "4611686018427771982"
    }, {
      "d" : "1756388165595265554",
      "t" : 1756388165595,
      "tn" : 1756388165595265554,
      "q" : "500",
      "p" : "0.16383",
      "s" : "buy",
      "i" : "ACX_USD",
      "m" : "4611686018427771981"
    }, {
      "d" : "1756388165593561185",
      "t" : 1756388165593,
      "tn" : 1756388165593561185,
      "q" : "460",
      "p" : "0.16382",
      "s" : "buy",
      "i" : "ACX_USD",
      "m" : "4611686018427771980"
    }, {
      "d" : "1756388165097935970",
      "t" : 1756388165097,
      "tn" : 1756388165097935970,
      "q" : "500",
      "p" : "0.16382",
      "s" : "buy",
      "i" : "ACX_USD",
      "m" : "4611686018427771979"
    }, {
      "d" : "1756387899878074235",
      "t" : 1756387899878,
      "tn" : 1756387899878074235,
      "q" : "2017",
      "p" : "0.16475",
      "s" : "buy",
      "i" : "ACX_USD",
      "m" : "4611686018427771978"
    }, {
      "d" : "1756387899877999874",
      "t" : 1756387899877,
      "tn" : 1756387899877999874,
      "q" : "400",
      "p" : "0.16475",
      "s" : "buy",
      "i" : "ACX_USD",
      "m" : "4611686018427771977"
    }, {
      "d" : "1756384293137322566",
      "t" : 1756384293137,
      "tn" : 1756384293137322566,
      "q" : "2662",
      "p" : "0.16352",
      "s" : "buy",
      "i" : "ACX_USD",
      "m" : "4611686018427771976"
    }, {
      "d" : "1756380503996646716",
      "t" : 1756380503996,
      "tn" : 1756380503996646716,
      "q" : "4270",
      "p" : "0.16159",
      "s" : "sell",
      "i" : "ACX_USD",
      "m" : "4611686018427771975"
    }, {
      "d" : "1756380503996644261",
      "t" : 1756380503996,
      "tn" : 1756380503996644261,
      "q" : "373",
      "p" : "0.16160",
      "s" : "sell",
      "i" : "ACX_USD",
      "m" : "4611686018427771974"
    }, {
      "d" : "1756379426311150577",
      "t" : 1756379426311,
      "tn" : 1756379426311150576,
      "q" : "2970",
      "p" : "0.16282",
      "s" : "sell",
      "i" : "ACX_USD",
      "m" : "4611686018427771973"
    }, {
      "d" : "1756379426311150576",
      "t" : 1756379426311,
      "tn" : 1756379426311150576,
      "q" : "1165",
      "p" : "0.16282",
      "s" : "sell",
      "i" : "ACX_USD",
      "m" : "4611686018427771973"
    }, {
      "d" : "1756377928501713277",
      "t" : 1756377928501,
      "tn" : 1756377928501713277,
      "q" : "113",
      "p" : "0.16345",
      "s" : "sell",
      "i" : "ACX_USD",
      "m" : "4611686018427771972"
    }, {
      "d" : "1756377666319254879",
      "t" : 1756377666319,
      "tn" : 1756377666319254879,
      "q" : "63",
      "p" : "0.16361",
      "s" : "sell",
      "i" : "ACX_USD",
      "m" : "4611686018427771971"
    }, {
      "d" : "1756376960359914611",
      "t" : 1756376960359,
      "tn" : 1756376960359914611,
      "q" : "3000",
      "p" : "0.16310",
      "s" : "buy",
      "i" : "ACX_USD",
      "m" : "4611686018427771970"
    }, {
      "d" : "1756376960359912127",
      "t" : 1756376960359,
      "tn" : 1756376960359912127,
      "q" : "113",
      "p" : "0.16309",
      "s" : "buy",
      "i" : "ACX_USD",
      "m" : "4611686018427771969"
    }, {
      "d" : "1756374742847899646",
      "t" : 1756374742847,
      "tn" : 1756374742847899646,
      "q" : "1148",
      "p" : "0.16309",
      "s" : "sell",
      "i" : "ACX_USD",
      "m" : "4611686018427771968"
    }, {
      "d" : "1756374742839757315",
      "t" : 1756374742839,
      "tn" : 1756374742839757315,
      "q" : "1485",
      "p" : "0.16309",
      "s" : "sell",
      "i" : "ACX_USD",
      "m" : "4611686018427771967"
    }, {
      "d" : "1756374742839756180",
      "t" : 1756374742839,
      "tn" : 1756374742839756180,
      "q" : "1300",
      "p" : "0.16310",
      "s" : "sell",
      "i" : "ACX_USD",
      "m" : "4611686018427771966"
    }, {
      "d" : "1756374742839753199",
      "t" : 1756374742839,
      "tn" : 1756374742839753199,
      "q" : "281",
      "p" : "0.16311",
      "s" : "sell",
      "i" : "ACX_USD",
      "m" : "4611686018427771965"
    }, {
      "d" : "1756373693747864647",
      "t" : 1756373693747,
      "tn" : 1756373693747864647,
      "q" : "2574",
      "p" : "0.16420",
      "s" : "sell",
      "i" : "ACX_USD",
      "m" : "4611686018427771964"
    }, {
      "d" : "1756373693747862552",
      "t" : 1756373693747,
      "tn" : 1756373693747862552,
      "q" : "2915",
      "p" : "0.16423",
      "s" : "sell",
      "i" : "ACX_USD",
      "m" : "4611686018427771963"
    } ]
  }
}