{
  "id" : -1,
  "method" : "public/get-trades",
  "code" : 0,
  "result" : {
    "data" : [ {
      "d" : "1756460014520132266",
      "t" : 1756460014520,
      "tn" : 1756460014520132266,
      "q" : "1.4",
      "p" : "0.81966",
      "s" : "buy",
      "i" : "ADA_USDT",
      "m" : "4611686018439145857"
    }, {
      "d" : "1756459984067954137",
      "t" : 1756459984067,
      "tn" : 1756459984067954137,
      "q" : "2.4",
      "p" : "0.82035",
      "s" : "buy",
      "i" : "ADA_USDT",
      "m" : "4611686018439145856"
    }, {
      "d" : "1756459977256075794",
      "t" : 1756459977256,
      "tn" : 1756459977256075793,
      "q" : "70.3",
      "p" : "0.81991",
      "s" : "buy",
      "i" : "ADA_USDT",
      "m" : "4611686018439145855"
    }, {
      "d" : "1756459977256075793",
      "t" : 1756459977256,
      "tn" : 1756459977256075793,
      "q" : "1.4",
      "p" : "0.81991",
      "s" : "buy",
      "i" : "ADA_USDT",
      "m" : "4611686018439145855"
    }, {
      "d" : "1756459970363407989",
      "t" : 1756459970363,
      "tn" : 1756459970363407989,
      "q" : "1.4",
      "p" : "0.82028",
      "s" : "buy",
      "i" : "ADA_USDT",
      "m" : "4611686018439145854"
    }, {
      "d" : "1756459968425356326",
      "t" : 1756459968425,
      "tn" : 1756459968425356326,
      "q" : "2.4",
      "p" : "0.82032",
      "s" : "buy",
      "i" : "ADA_USDT",
      "m" : "4611686018439145853"
    }, {
      "d" : "1756459955375958635",
      "t" : 1756459955375,
      "tn" : 1756459955375958635,
      "q" : "6.1",
      "p" : "0.81999",
      "s" : "buy",
      "i" : "ADA_USDT",
      "m" : "4611686018439145852"
    }, {
      "d" : "1756459955126277783",
      "t" : 1756459955126,
      "tn" : 1756459955126277783,
      "q" : "67.3",
      "p" : "0.81998",
      "s" : "buy",
      "i" : "ADA_USDT",
      "m" : "4611686018439145851"
    }, {
      "d" : "1756459955126275716",
      "t" : 1756459955126,
      "tn" : 1756459955126275716,
      "q" : "1.4",
      "p" : "0.81996",
      "s" : "buy",
      "i" : "ADA_USDT",
      "m" : "4611686018439145850"
    }, {
      "d" : "1756459952944461362",
      "t" : 1756459952944,
      "tn" : 1756459952944461362,
      "q" : "80.5",
      "p" : "0.81975",
      "s" : "buy",
      "i" : "ADA_USDT",
      "m" : "4611686018439145849"
    }, {
      "d" : "1756459952944459643",
      "t" : 1756459952944,
      "tn" : 1756459952944459643,
      "q" : "2.4",
      "p" : "0.81974",
      "s" : "buy",
      "i" : "ADA_USDT",
      "m" : "4611686018439145848"
    }, {
      "d" : "1756459948131836354",
      "t" : 1756459948131,
      "tn" : 1756459948131836353,
      "q" : "506.2",
      "p" : "0.81972",
      "s" : "sell",
      "i" : "ADA_USDT",
      "m" : "4611686018439145847"
    }, {
      "d" : "1756459948131836353",
      "t" : 1756459948131,
      "tn" : 1756459948131836353,
      "q" : "1.4",
      "p" : "0.81972",
      "s" : "sell",
      "i" : "ADA_USDT",
      "m" : "4611686018439145847"
    }, {
      "d" : "1756459944959112433",
      "t" : 1756459944959,
      "tn" : 1756459944959112433,
      "q" : "34.6",
      "p" : "0.81999",
      "s" : "sell",
      "i" : "ADA_USDT",
      "m" : "4611686018439145846"
    }, {
      "d" : "1756459944907976673",
      "t" : 1756459944907,
      "tn" : 1756459944907976673,
      "q" : "1.4",
      "p" : "0.82004",
      "s" : "sell",
      "i" : "ADA_USDT",
      "m" : "4611686018439145845"
    }, {
      "d" : "1756459940565484293",
      "t" : 1756459940565,
      "tn" : 1756459940565484293,
      "q" : "1.4",
      "p" : "0.82014",
      "s" : "sell",
      "i" : "ADA_USDT",
      "m" : "4611686018439145844"
    }, {
      "d" : "1756459933846437215",
      "t" : 1756459933846,
      "tn" : 1756459933846437215,
      "q" : "0.1",
      "p" : "0.82027",
      "s" : "buy",
      "i" : "ADA_USDT",
      "m" : "4611686018439145843"
    }, {
      "d" : "1756459933846348904",
      "t" : 1756459933846,
      "tn" : 1756459933846348904,
      "q" : "1.3",
      "p" : "0.82027",
      "s" : "buy",
      "i" : "ADA_USDT",
      "m" : "4611686018439145842"
    }, {
      "d" : "1756459917272557505",
      "t" : 1756459917272,
      "tn" : 1756459917272557505,
      "q" : "1.4",
      "p" : "0.82059",
      "s" : "buy",
      "i" : "ADA_USDT",
      "m" : "4611686018439145841"
    }, {
      "d" : "1756459900233861368",
      "t" : 1756459900233,
      "tn" : 1756459900233861368,
      "q" : "26.0",
      "p" : "0.82099",
      "s" : "sell",
      "i" : "ADA_USDT",
      "m" : "4611686018439145840"
    }, {
      "d" : "1756459890324947576",
      "t" : 1756459890324,
      "tn" : 1756459890324947576,
      "q" : "33.9",
      "p" : "0.82098",
      "s" : "buy",
      "i" : "ADA_USDT",
      "m" : "4611686018439145839"
    }, {
      "d" : "1756459887210764935",
      "t" : 1756459887210,
      "tn" : 1756459887210764935,
      "q" : "500.0",
      "p" : "0.82077",
      "s" : "sell",
      "i" : "ADA_USDT",
      "m" : "4611686018439145838"
    }, {
      "d" : "1756459887210761986",
      "t" : 1756459887210,
      "tn" : 1756459887210761986,
      "q" : "591.2",
      "p" : "0.82077",
      "s" : "sell",
      "i" : "ADA_USDT",
      "m" : "4611686018439145837"
    }, {
      "d" : "1756459882756417141",
      "t" : 1756459882756,
      "tn" : 1756459882756417141,
      "q" : "487.7",
      "p" : "0.82099",
      "s" : "buy",
      "i" : "ADA_USDT",
      "m" : "4611686018439145836"
    }, {
      "d" : "1756459882756415506",
      "t" : 1756459882756,
      "tn" : 1756459882756415506,
      "q" : "12.3",
      "p" : "0.82098",
      "s" : "buy",
      "i" : "ADA_USDT",
      "m" : "4611686018439145835"
    }, {
      "d" : "1756459880891974153",
      "t" : 1756459880891,
      "tn" : 1756459880891974153,
      "q" : "34.6",
      "p" : "0.82084",
      "s" : "buy",
      "i" : "ADA_USDT",
      "m" : "4611686018439145834"
    }, {
      "d" : "1756459880891971665",
      "t" : 1756459880891,
      "tn" : 1756459880891971665,
      "q" : "5.7",
      "p" : "0.82084",
      "s" : "buy",
      "i" : "ADA_USDT",
      "m" : "4611686018439145833"
    }, {
      "d" : "1756459880891970111",
      "t" : 1756459880891,
      "tn" : 1756459880891970111,
      "q" : "12.3",
      "p" : "0.82083",
      "s" : "buy",
      "i" : "ADA_USDT",
      "m" : "4611686018439145832"
    }, {
      "d" : "1756459880891967821",
      "t" : 1756459880891,
      "tn" : 1756459880891967821,
      "q" : "16.6",
      "p" : "0.82067",
      "s" : "buy",
      "i" : "ADA_USDT",
      "m" : "4611686018439145831"
    }, {
      "d" : "1756459880891965285",
      "t" : 1756459880891,
      "tn" : 1756459880891965285,
      "q" : "34.6",
      "p" : "0.82067",
      "s" : "buy",
      "i" : "ADA_USDT",
      "m" : "4611686018439145830"
    }, {
      "d" : "1756459880891927015",
      "t" : 1756459880891,
      "tn" : 1756459880891927015,
      "q" : "33.2",
      "p" : "0.82067",
      "s" : "buy",
      "i" : "ADA_USDT",
      "m" : "4611686018439145829"
    }, {
      "d" : "1756459880891925304",
      "t" : 1756459880891,
      "tn" : 1756459880891925304,
      "q" : "1.4",
      "p" : "0.82066",
      "s" : "buy",
      "i" : "ADA_USDT",
      "m" : "4611686018439145828"
    }, {
      "d" : "1756459863793874870",
      "t" : 1756459863793,
      "tn" : 1756459863793874870,
      "q" : "2.4",
      "p" : "0.82169",
      "s" : "buy",
      "i" : "ADA_USDT",
      "m" : "4611686018439145827"
    }, {
      "d" : "1756459863793872824",
      "t" : 1756459863793,
      "tn" : 1756459863793872824,
      "q" : "1.4",
      "p" : "0.82166",
      "s" : "buy",
      "i" : "ADA_USDT",
      "m" : "4611686018439145826"
    }, {
      "d" : "1756459862893940658",
      "t" : 1756459862893,
      "tn" : 1756459862893940657,
      "q" : "1.4",
      "p" : "0.82153",
      "s" : "buy",
      "i" : "ADA_USDT",
      "m" : "4611686018439145825"
    }, {
      "d" : "1756459862893940657",
      "t" : 1756459862893,
      "tn" : 1756459862893940657,
      "q" : "2.4",
      "p" : "0.82153",
      "s" : "buy",
      "i" : "ADA_USDT",
      "m" : "4611686018439145825"
    }, {
      "d" : "1756459859733771415",
      "t" : 1756459859733,
      "tn" : 1756459859733771414,
      "q" : "1.4",
      "p" : "0.82146",
      "s" : "buy",
      "i" : "ADA_USDT",
      "m" : "4611686018439145824"
    }, {
      "d" : "1756459859733771414",
      "t" : 1756459859733,
      "tn" : 1756459859733771414,
      "q" : "73.8",
      "p" : "0.82146",
      "s" : "buy",
      "i" : "ADA_USDT",
      "m" : "4611686018439145824"
    }, {
      "d" : "1756459854313683580",
      "t" : 1756459854313,
      "tn" : 1756459854313683580,
      "q" : "6.8",
      "p" : "0.82131",
      "s" : "buy",
      "i" : "ADA_USDT",
      "m" : "4611686018439145823"
    }, {
      "d" : "1756459853972730051",
      "t" : 1756459853972,
      "tn" : 1756459853972730051,
      "q" : "1.4",
      "p" : "0.82116",
      "s" : "buy",
      "i" : "ADA_USDT",
      "m" : "4611686018439145822"
    }, {
      "d" : "1756459825666943593",
      "t" : 1756459825666,
      "tn" : 1756459825666943593,
      "q" : "2.4",
      "p" : "0.82089",
      "s" : "buy",
      "i" : "ADA_USDT",
      "m" : "4611686018439145821"
    }, {
      "d" : "1756459814245438247",
      "t" : 1756459814245,
      "tn" : 1756459814245438247,
      "q" : "1.4",
      "p" : "0.82104",
      "s" : "sell",
      "i" : "ADA_USDT",
      "m" : "4611686018439145820"
    }, {
      "d" : "1756459796140736615",
      "t" : 1756459796140,
      "tn" : 1756459796140736615,
      "q" : "81.6",
      "p" : "0.82115",
      "s" : "buy",
      "i" : "ADA_USDT",
      "m" : "4611686018439145819"
    }, {
      "d" : "1756459733325015382",
      "t" : 1756459733325,
      "tn" : 1756459733325015381,
      "q" : "60.9",
      "p" : "0.82024",
      "s" : "sell",
      "i" : "ADA_USDT",
      "m" : "4611686018439145818"
    }, {
      "d" : "1756459733325015381",
      "t" : 1756459733325,
      "tn" : 1756459733325015381,
      "q" : "1.4",
      "p" : "0.82024",
      "s" : "sell",
      "i" : "ADA_USDT",
      "m" : "4611686018439145818"
    }, {
      "d" : "1756459684774995599",
      "t" : 1756459684774,
      "tn" : 1756459684774995599,
      "q" : "1.4",
      "p" : "0.82016",
      "s" : "buy",
      "i" : "ADA_USDT",
      "m" : "4611686018439145817"
    }, {
      "d" : "1756459681576907918",
      "t" : 1756459681576,
      "tn" : 1756459681576907918,
      "q" : "1048.4",
      "p" : "0.81984",
      "s" : "buy",
      "i" : "ADA_USDT",
      "m" : "4611686018439145816"
    }, {
      "d" : "1756459681576906238",
      "t" : 1756459681576,
      "tn" : 1756459681576906238,
      "q" : "1.4",
      "p" : "0.81976",
      "s" : "buy",
      "i" : "ADA_USDT",
      "m" : "4611686018439145815"
    }, {
      "d" : "1756459681576904256",
      "t" : 1756459681576,
      "tn" : 1756459681576904256,
      "q" : "2.4",
      "p" : "0.81974",
      "s" : "buy",
      "i" : "ADA_USDT",
      "m" : "4611686018439145814"
    }, {
      "d" : "1756459668551218482",
      "t" : 1756459668551,
      "tn" : 1756459668551218482,
      "q" : "2.4",
      "p" : "0.81988",
      "s" : "sell",
      "i" : "ADA_USDT",
      "m" : "4611686018439145813"
    }, {
      "d" : "1756459661136634509",
      "t" : 1756459661136,
      "tn" : 1756459661136634509,
      "q" : "12.3",
      "p" : "0.81998",
      "s" : "buy",
      "i" : "ADA_USDT",
      "m" : "4611686018439145812"
    }, {
      "d" : "1756459661136632751",
      "t" : 1756459661136,
      "tn" : 1756459661136632751,
      "q" : "1.4",
      "p" : "0.81997",
      "s" : "buy",
      "i" : "ADA_USDT",
      "m" : "4611686018439145811"
    }, {
      "d" : "1756459639031343080",
      "t" : 1756459639031,
      "tn" : 1756459639031343080,
      "q" : "2.4",
      "p" : "0.81973",
      "s" : "sell",
      "i" : "ADA_USDT",
      "m" : "4611686018439145810"
    }, {
      "d" : "1756459600485245190",
      "t" : 1756459600485,
      "tn" : 1756459600485245190,
      "q" : "2.4",
      "p" : "0.82120",
      "s" : "sell",
      "i" : "ADA_USDT",
      "m" : "4611686018439145809"
    }, {
      "d" : "1756459560058043161",
      "t" : 1756459560058,
      "tn" : 1756459560058043161,
      "q" : "1200.8",
      "p" : "0.82168",
      "s" : "sell",
      "i" : "ADA_USDT",
      "m" : "4611686018439145808"
    }, {
      "d" : "1756459560057115987",
      "t" : 1756459560057,
      "tn" : 1756459560057115987,
      "q" : "943.8",
      "p" : "0.82168",
      "s" : "sell",
      "i" : "ADA_USDT",
      "m" : "4611686018439145807"
    }, {
      "d" : "1756459560057114048",
      "t" : 1756459560057,
      "tn" : 1756459560057114048,
      "q" : "1.4",
      "p" : "0.82174",
      "s" : "sell",
      "i" : "ADA_USDT",
      "m" : "4611686018439145806"
    }, {
      "d" : "1756459551356243804",
      "t" : 1756459551356,
      "tn" : 1756459551356243804,
      "q" : "2.4",
      "p" : "0.82165",
      "s" : "sell",
      "i" : "ADA_USDT",
      "m" : "4611686018439145805"
    }, {
      "d" : "1756459549648826589",
      "t" : 1756459549648,
      "tn" : 1756459549648826589,
      "q" : "118.4",
      "p" : "0.82130",
      "s" : "buy",
      "i" : "ADA_USDT",
      "m" : "4611686018439145804"
    }, {
      "d" : "1756459549647808347",
      "t" : 1756459549647,
      "tn" : 1756459549647808347,
      "q" : "1.4",
      "p" : "0.82126",
      "s" : "buy",
      "i" : "ADA_USDT",
      "m" : "4611686018439145803"
    }, {
      "d" : "1756459545579999079",
      "t" : 1756459545579,
      "tn" : 1756459545579999079,
      "q" : "78.1",
      "p" : "0.82110",
      "s" : "buy",
      "i" : "ADA_USDT",
      "m" : "4611686018439145802"
    }, {
      "d" : "1756459545579997702",
      "t" : 1756459545579,
      "tn" : 1756459545579997702,
      "q" : "0.1",
      "p" : "0.82106",
      "s" : "buy",
      "i" : "ADA_USDT",
      "m" : "4611686018439145801"
    }, {
      "d" : "1756459545575495406",
      "t" : 1756459545575,
      "tn" : 1756459545575495406,
      "q" : "1.3",
      "p" : "0.82106",
      "s" : "buy",
      "i" : "ADA_USDT",
      "m" : "4611686018439145800"
    }, {
      "d" : "1756459540646590579",
      "t" : 1756459540646,
      "tn" : 1756459540646590579,
      "q" : "74.8",
      "p" : "0.82069",
      "s" : "buy",
      "i" : "ADA_USDT",
      "m" : "4611686018439145799"
    }, {
      "d" : "1756459530265318764",
      "t" : 1756459530265,
      "tn" : 1756459530265318764,
      "q" : "12.1",
      "p" : "0.82068",
      "s" : "buy",
      "i" : "ADA_USDT",
      "m" : "4611686018439145798"
    }, {
      "d" : "1756459530265317316",
      "t" : 1756459530265,
      "tn" : 1756459530265317316,
      "q" : "0.2",
      "p" : "0.82063",
      "s" : "buy",
      "i" : "ADA_USDT",
      "m" : "4611686018439145797"
    }, {
      "d" : "1756459530264978119",
      "t" : 1756459530264,
      "tn" : 1756459530264978119,
      "q" : "2.2",
      "p" : "0.82063",
      "s" : "buy",
      "i" : "ADA_USDT",
      "m" : "4611686018439145796"
    }, {
      "d" : "1756459530264976981",
      "t" : 1756459530264,
      "tn" : 1756459530264976981,
      "q" : "0.1",
      "p" : "0.82056",
      "s" : "buy",
      "i" : "ADA_USDT",
      "m" : "4611686018439145795"
    }, {
      "d" : "1756459530194625881",
      "t" : 1756459530194,
      "tn" : 1756459530194625881,
      "q" : "1.3",
      "p" : "0.82056",
      "s" : "buy",
      "i" : "ADA_USDT",
      "m" : "4611686018439145794"
    }, {
      "d" : "1756459508298803377",
      "t" : 1756459508298,
      "tn" : 1756459508298803377,
      "q" : "1.4",
      "p" : "0.81984",
      "s" : "sell",
      "i" : "ADA_USDT",
      "m" : "4611686018439145793"
    }, {
      "d" : "1756459508276339702",
      "t" : 1756459508276,
      "tn" : 1756459508276339702,
      "q" : "437.2",
      "p" : "0.81983",
      "s" : "sell",
      "i" : "ADA_USDT",
      "m" : "4611686018439145792"
    }, {
      "d" : "1756459508276337967",
      "t" : 1756459508276,
      "tn" : 1756459508276337967,
      "q" : "1.4",
      "p" : "0.81984",
      "s" : "sell",
      "i" : "ADA_USDT",
      "m" : "4611686018439145791"
    }, {
      "d" : "1756459505467021201",
      "t" : 1756459505467,
      "tn" : 1756459505467021201,
      "q" : "2.4",
      "p" : "0.82046",
      "s" : "sell",
      "i" : "ADA_USDT",
      "m" : "4611686018439145790"
    }, {
      "d" : "1756459481270521246",
      "t" : 1756459481270,
      "tn" : 1756459481270521246,
      "q" : "498.6",
      "p" : "0.81982",
      "s" : "buy",
      "i" : "ADA_USDT",
      "m" : "4611686018439145789"
    }, {
      "d" : "1756459481270519261",
      "t" : 1756459481270,
      "tn" : 1756459481270519261,
      "q" : "1.4",
      "p" : "0.81981",
      "s" : "buy",
      "i" : "ADA_USDT",
      "m" : "4611686018439145788"
    }, {
      "d" : "1756459476180698597",
      "t" : 1756459476180,
      "tn" : 1756459476180698597,
      "q" : "0.1",
      "p" : "0.81998",
      "s" : "sell",
      "i" : "ADA_USDT",
      "m" : "4611686018439145787"
    }, {
      "d" : "1756459476156818823",
      "t" : 1756459476156,
      "tn" : 1756459476156818823,
      "q" : "2.3",
      "p" : "0.81998",
      "s" : "sell",
      "i" : "ADA_USDT",
      "m" : "4611686018439145786"
    }, {
      "d" : "1756459475823003910",
      "t" : 1756459475823,
      "tn" : 1756459475823003910,
      "q" : "1.4",
      "p" : "0.82004",
      "s" : "sell",
      "i" : "ADA_USDT",
      "m" : "4611686018439145785"
    }, {
      "d" : "1756459456233419713",
      "t" : 1756459456233,
      "tn" : 1756459456233419713,
      "q" : "2.4",
      "p" : "0.82060",
      "s" : "sell",
      "i" : "ADA_USDT",
      "m" : "4611686018439145784"
    }, {
      "d" : "1756459446759455711",
      "t" : 1756459446759,
      "tn" : 1756459446759455711,
      "q" : "230.7",
      "p" : "0.82087",
      "s" : "sell",
      "i" : "ADA_USDT",
      "m" : "4611686018439145783"
    }, {
      "d" : "1756459446758051365",
      "t" : 1756459446758,
      "tn" : 1756459446758051365,
      "q" : "1.4",
      "p" : "0.82094",
      "s" : "sell",
      "i" : "ADA_USDT",
      "m" : "4611686018439145782"
    }, {
      "d" : "1756459419494371270",
      "t" : 1756459419494,
      "tn" : 1756459419494371270,
      "q" : "2.4",
      "p" : "0.82103",
      "s" : "sell",
      "i" : "ADA_USDT",
      "m" : "4611686018439145781"
    }, {
      "d" : "1756459409288084884",
      "t" : 1756459409288,
      "tn" : 1756459409288084884,
      "q" : "500.0",
      "p" : "0.82124",
      "s" : "buy",
      "i" : "ADA_USDT",
      "m" : "4611686018439145780"
    }, {
      "d" : "1756459395631248065",
      "t" : 1756459395631,
      "tn" : 1756459395631248065,
      "q" : "2.3",
      "p" : "0.82197",
      "s" : "sell",
      "i" : "ADA_USDT",
      "m" : "4611686018439145779"
    }, {
      "d" : "1756459364770771972",
      "t" : 1756459364770,
      "tn" : 1756459364770771972,
      "q" : "1.4",
      "p" : "0.82214",
      "s" : "sell",
      "i" : "ADA_USDT",
      "m" : "4611686018439145778"
    }, {
      "d" : "1756459364769813209",
      "t" : 1756459364769,
      "tn" : 1756459364769813209,
      "q" : "1034.1",
      "p" : "0.82215",
      "s" : "sell",
      "i" : "ADA_USDT",
      "m" : "4611686018439145777"
    }, {
      "d" : "1756459364769311853",
      "t" : 1756459364769,
      "tn" : 1756459364769311853,
      "q" : "75.3",
      "p" : "0.82218",
      "s" : "sell",
      "i" : "ADA_USDT",
      "m" : "4611686018439145776"
    }, {
      "d" : "1756459357825338977",
      "t" : 1756459357825,
      "tn" : 1756459357825338977,
      "q" : "2.4",
      "p" : "0.82217",
      "s" : "buy",
      "i" : "ADA_USDT",
      "m" : "4611686018439145775"
    }, {
      "d" : "1756459347477608539",
      "t" : 1756459347477,
      "tn" : 1756459347477608539,
      "q" : "2.4",
      "p" : "0.82180",
      "s" : "buy",
      "i" : "ADA_USDT",
      "m" : "4611686018439145774"
    }, {
      "d" : "1756459309861128335",
      "t" : 1756459309861,
      "tn" : 1756459309861128335,
      "q" : "2.4",
      "p" : "0.82240",
      "s" : "buy",
      "i" : "ADA_USDT",
      "m" : "4611686018439145773"
    }, {
      "d" : "1756459309857810942",
      "t" : 1756459309857,
      "tn" : 1756459309857810942,
      "q" : "297.6",
      "p" : "0.82240",
      "s" : "buy",
      "i" : "ADA_USDT",
      "m" : "4611686018439145772"
    }, {
      "d" : "1756459309857809406",
      "t" : 1756459309857,
      "tn" : 1756459309857809406,
      "q" : "2.4",
      "p" : "0.82235",
      "s" : "buy",
      "i" : "ADA_USDT",
      "m" : "4611686018439145771"
    }, {
      "d" : "1756459294347740033",
      "t" : 1756459294347,
      "tn" : 1756459294347740033,
      "q" : "2.4",
      "p" : "0.82207",
      "s" : "buy",
      "i" : "ADA_USDT",
      "m" : "4611686018439145770"
    }, {
      "d" : "1756459289634293371",
      "t" : 1756459289634,
      "tn" : 1756459289634293371,
      "q" : "2.4",
      "p" : "0.82171",
      "s" : "buy",
      "i" : "ADA_USDT",
      "m" : "4611686018439145769"
    }, {
      "d" : "1756459285842532654",
      "t" : 1756459285842,
      "tn" : 1756459285842532654,
      "q" : "1.4",
      "p" : "0.82126",
      "s" : "buy",
      "i" : "ADA_USDT",
      "m" : "4611686018439145768"
    }, {
      "d" : "1756459284416607076",
      "t" : 1756459284416,
      "tn" : 1756459284416607076,
      "q" : "1.4",
      "p" : "0.82105",
      "s" : "buy",
      "i" : "ADA_USDT",
      "m" : "4611686018439145767"
    }, {
      "d" : "1756459282185600725",
      "t" : 1756459282185,
      "tn" : 1756459282185600725,
      "q" : "2.4",
      "p" : "0.82131",
      "s" : "sell",
      "i" : "ADA_USDT",
      "m" : "4611686018439145766"
    }, {
      "d" : "1756459271253270447",
      "t" : 1756459271253,
      "tn" : 1756459271253270447,
      "q" : "74.1",
      "p" : "0.82133",
      "s" : "buy",
      "i" : "ADA_USDT",
      "m" : "4611686018439145765"
    }, {
      "d" : "1756459265954010736",
      "t" : 1756459265954,
      "tn" : 1756459265954010735,
      "q" : "1.4",
      "p" : "0.82116",
      "s" : "buy",
      "i" : "ADA_USDT",
      "m" : "4611686018439145764"
    }, {
      "d" : "1756459265954010735",
      "t" : 1756459265954,
      "tn" : 1756459265954010735,
      "q" : "74.4",
      "p" : "0.82116",
      "s" : "buy",
      "i" : "ADA_USDT",
      "m" : "4611686018439145764"
    }, {
      "d" : "1756459262506950278",
      "t" : 1756459262506,
      "tn" : 1756459262506950278,
      "q" : "2.4",
      "p" : "0.82172",
      "s" : "sell",
      "i" : "ADA_USDT",
      "m" : "4611686018439145763"
    }, {
      "d" : "1756459204093799304",
      "t" : 1756459204093,
      "tn" : 1756459204093799304,
      "q" : "1.4",
      "p" : "0.82224",
      "s" : "sell",
      "i" : "ADA_USDT",
      "m" : "4611686018439145762"
    }, {
      "d" : "1756459204043359013",
      "t" : 1756459204043,
      "tn" : 1756459204043359013,
      "q" : "71.1",
      "p" : "0.82226",
      "s" : "sell",
      "i" : "ADA_USDT",
      "m" : "4611686018439145761"
    }, {
      "d" : "1756459203940715019",
      "t" : 1756459203940,
      "tn" : 1756459203940715019,
      "q" : "75.1",
      "p" : "0.82229",
      "s" : "sell",
      "i" : "ADA_USDT",
      "m" : "4611686018439145760"
    }, {
      "d" : "1756459203819575581",
      "t" : 1756459203819,
      "tn" : 1756459203819575581,
      "q" : "68.2",
      "p" : "0.82235",
      "s" : "sell",
      "i" : "ADA_USDT",
      "m" : "4611686018439145759"
    }, {
      "d" : "1756459203811896747",
      "t" : 1756459203811,
      "tn" : 1756459203811896747,
      "q" : "287.5",
      "p" : "0.82236",
      "s" : "sell",
      "i" : "ADA_USDT",
      "m" : "4611686018439145758"
    }, {
      "d" : "1756459200467421270",
      "t" : 1756459200467,
      "tn" : 1756459200467421269,
      "q" : "506.2",
      "p" : "0.82188",
      "s" : "sell",
      "i" : "ADA_USDT",
      "m" : "4611686018439145757"
    }, {
      "d" : "1756459200467421269",
      "t" : 1756459200467,
      "tn" : 1756459200467421269,
      "q" : "2.4",
      "p" : "0.82188",
      "s" : "sell",
      "i" : "ADA_USDT",
      "m" : "4611686018439145757"
    }, {
      "d" : "1756459194003697401",
      "t" : 1756459194003,
      "tn" : 1756459194003697401,
      "q" : "79.5",
      "p" : "0.82185",
      "s" : "buy",
      "i" : "ADA_USDT",
      "m" : "4611686018439145756"
    }, {
      "d" : "1756459194003695503",
      "t" : 1756459194003,
      "tn" : 1756459194003695503,
      "q" : "2.4",
      "p" : "0.82181",
      "s" : "buy",
      "i" : "ADA_USDT",
      "m" : "4611686018439145755"
    }, {
      "d" : "1756459160813187569",
      "t" : 1756459160813,
      "tn" : 1756459160813187569,
      "q" : "76.2",
      "p" : "0.82001",
      "s" : "buy",
      "i" : "ADA_USDT",
      "m" : "4611686018439145754"
    }, {
      "d" : "1756459146066304387",
      "t" : 1756459146066,
      "tn" : 1756459146066304387,
      "q" : "102.9",
      "p" : "0.81981",
      "s" : "sell",
      "i" : "ADA_USDT",
      "m" : "4611686018439145753"
    }, {
      "d" : "1756459140104130882",
      "t" : 1756459140104,
      "tn" : 1756459140104130882,
      "q" : "2.4",
      "p" : "0.81978",
      "s" : "sell",
      "i" : "ADA_USDT",
      "m" : "4611686018439145752"
    }, {
      "d" : "1756459110236426476",
      "t" : 1756459110236,
      "tn" : 1756459110236426476,
      "q" : "11.8",
      "p" : "0.82007",
      "s" : "buy",
      "i" : "ADA_USDT",
      "m" : "4611686018439145751"
    }, {
      "d" : "1756459110236424790",
      "t" : 1756459110236,
      "tn" : 1756459110236424790,
      "q" : "70.2",
      "p" : "0.81997",
      "s" : "buy",
      "i" : "ADA_USDT",
      "m" : "4611686018439145750"
    }, {
      "d" : "1756459102686546312",
      "t" : 1756459102686,
      "tn" : 1756459102686546312,
      "q" : "1028.0",
      "p" : "0.82044",
      "s" : "buy",
      "i" : "ADA_USDT",
      "m" : "4611686018439145749"
    }, {
      "d" : "1756459093696436756",
      "t" : 1756459093696,
      "tn" : 1756459093696436755,
      "q" : "118.8",
      "p" : "0.82017",
      "s" : "sell",
      "i" : "ADA_USDT",
      "m" : "4611686018439145748"
    }, {
      "d" : "1756459093696436755",
      "t" : 1756459093696,
      "tn" : 1756459093696436755,
      "q" : "72.1",
      "p" : "0.82017",
      "s" : "sell",
      "i" : "ADA_USDT",
      "m" : "4611686018439145748"
    }, {
      "d" : "1756459092011412030",
      "t" : 1756459092011,
      "tn" : 1756459092011412030,
      "q" : "87.2",
      "p" : "0.82010",
      "s" : "buy",
      "i" : "ADA_USDT",
      "m" : "4611686018439145747"
    }, {
      "d" : "1756459091566486577",
      "t" : 1756459091566,
      "tn" : 1756459091566486577,
      "q" : "4913.7",
      "p" : "0.82010",
      "s" : "buy",
      "i" : "ADA_USDT",
      "m" : "4611686018439145746"
    }, {
      "d" : "1756459085273385514",
      "t" : 1756459085273,
      "tn" : 1756459085273385514,
      "q" : "550.8",
      "p" : "0.81972",
      "s" : "buy",
      "i" : "ADA_USDT",
      "m" : "4611686018439145745"
    }, {
      "d" : "1756459085273189983",
      "t" : 1756459085273,
      "tn" : 1756459085273189983,
      "q" : "599.9",
      "p" : "0.81972",
      "s" : "buy",
      "i" : "ADA_USDT",
      "m" : "4611686018439145744"
    }, {
      "d" : "1756459083358116596",
      "t" : 1756459083358,
      "tn" : 1756459083358116596,
      "q" : "1.4",
      "p" : "0.81964",
      "s" : "sell",
      "i" : "ADA_USDT",
      "m" : "4611686018439145743"
    }, {
      "d" : "1756459083357482507",
      "t" : 1756459083357,
      "tn" : 1756459083357482507,
      "q" : "506.2",
      "p" : "0.81966",
      "s" : "sell",
      "i" : "ADA_USDT",
      "m" : "4611686018439145742"
    }, {
      "d" : "1756459080100488597",
      "t" : 1756459080100,
      "tn" : 1756459080100488597,
      "q" : "78.6",
      "p" : "0.81971",
      "s" : "sell",
      "i" : "ADA_USDT",
      "m" : "4611686018439145741"
    }, {
      "d" : "1756459076992137764",
      "t" : 1756459076992,
      "tn" : 1756459076992137764,
      "q" : "2.4",
      "p" : "0.81934",
      "s" : "buy",
      "i" : "ADA_USDT",
      "m" : "4611686018439145740"
    }, {
      "d" : "1756459051379844549",
      "t" : 1756459051379,
      "tn" : 1756459051379844549,
      "q" : "2.4",
      "p" : "0.81877",
      "s" : "sell",
      "i" : "ADA_USDT",
      "m" : "4611686018439145739"
    }, {
      "d" : "1756459046629651026",
      "t" : 1756459046629,
      "tn" : 1756459046629651026,
      "q" : "2.4",
      "p" : "0.81898",
      "s" : "sell",
      "i" : "ADA_USDT",
      "m" : "4611686018439145738"
    }, {
      "d" : "1756459038987534953",
      "t" : 1756459038987,
      "tn" : 1756459038987534953,
      "q" : "2.4",
      "p" : "0.81939",
      "s" : "sell",
      "i" : "ADA_USDT",
      "m" : "4611686018439145737"
    }, {
      "d" : "1756459031224404189",
      "t" : 1756459031224,
      "tn" : 1756459031224404189,
      "q" : "1.4",
      "p" : "0.81946",
      "s" : "buy",
      "i" : "ADA_USDT",
      "m" : "4611686018439145736"
    }, {
      "d" : "1756459031223361037",
      "t" : 1756459031223,
      "tn" : 1756459031223361037,
      "q" : "1.4",
      "p" : "0.81946",
      "s" : "buy",
      "i" : "ADA_USDT",
      "m" : "4611686018439145735"
    }, {
      "d" : "1756459031223358676",
      "t" : 1756459031223,
      "tn" : 1756459031223358676,
      "q" : "2.4",
      "p" : "0.81942",
      "s" : "buy",
      "i" : "ADA_USDT",
      "m" : "4611686018439145734"
    }, {
      "d" : "1756459004132404910",
      "t" : 1756459004132,
      "tn" : 1756459004132404910,
      "q" : "1.3",
      "p" : "0.81926",
      "s" : "buy",
      "i" : "ADA_USDT",
      "m" : "4611686018439145733"
    }, {
      "d" : "1756459004032920944",
      "t" : 1756459004032,
      "tn" : 1756459004032920944,
      "q" : "1.4",
      "p" : "0.81911",
      "s" : "buy",
      "i" : "ADA_USDT",
      "m" : "4611686018439145732"
    }, {
      "d" : "1756459000931423438",
      "t" : 1756459000931,
      "tn" : 1756459000931423438,
      "q" : "1.4",
      "p" : "0.81887",
      "s" : "buy",
      "i" : "ADA_USDT",
      "m" : "4611686018439145731"
    }, {
      "d" : "1756458998917076049",
      "t" : 1756458998917,
      "tn" : 1756458998917076049,
      "q" : "0.1",
      "p" : "0.81886",
      "s" : "buy",
      "i" : "ADA_USDT",
      "m" : "4611686018439145730"
    }, {
      "d" : "1756458998916918478",
      "t" : 1756458998916,
      "tn" : 1756458998916918478,
      "q" : "1.3",
      "p" : "0.81886",
      "s" : "buy",
      "i" : "ADA_USDT",
      "m" : "4611686018439145729"
    }, {
      "d" : "1756458993883907556",
      "t" : 1756458993883,
      "tn" : 1756458993883907556,
      "q" : "1.4",
      "p" : "0.81876",
      "s" : "buy",
      "i" : "ADA_USDT",
      "m" : "4611686018439145728"
    }, {
      "d" : "1756458992429965544",
      "t" : 1756458992429,
      "tn" : 1756458992429965544,
      "q" : "1.4",
      "p" : "0.81867",
      "s" : "buy",
      "i" : "ADA_USDT",
      "m" : "4611686018439145727"
    }, {
      "d" : "1756458992409929686",
      "t" : 1756458992409,
      "tn" : 1756458992409929686,
      "q" : "12.3",
      "p" : "0.81865",
      "s" : "buy",
      "i" : "ADA_USDT",
      "m" : "4611686018439145726"
    }, {
      "d" : "1756458992409927515",
      "t" : 1756458992409,
      "tn" : 1756458992409927515,
      "q" : "1.4",
      "p" : "0.81856",
      "s" : "buy",
      "i" : "ADA_USDT",
      "m" : "4611686018439145725"
    }, {
      "d" : "1756458975551026133",
      "t" : 1756458975551,
      "tn" : 1756458975551026132,
      "q" : "1.4",
      "p" : "0.81826",
      "s" : "buy",
      "i" : "ADA_USDT",
      "m" : "4611686018439145724"
    }, {
      "d" : "1756458975551026132",
      "t" : 1756458975551,
      "tn" : 1756458975551026132,
      "q" : "84.5",
      "p" : "0.81826",
      "s" : "buy",
      "i" : "ADA_USDT",
      "m" : "4611686018439145724"
    }, {
      "d" : "1756458974184703446",
      "t" : 1756458974184,
      "tn" : 1756458974184703446,
      "q" : "1.4",
      "p" : "0.81809",
      "s" : "buy",
      "i" : "ADA_USDT",
      "m" : "4611686018439145723"
    }, {
      "d" : "1756458973118669485",
      "t" : 1756458973118,
      "tn" : 1756458973118669484,
      "q" : "1.4",
      "p" : "0.81799",
      "s" : "buy",
      "i" : "ADA_USDT",
      "m" : "4611686018439145722"
    }, {
      "d" : "1756458973118669484",
      "t" : 1756458973118,
      "tn" : 1756458973118669484,
      "q" : "73.2",
      "p" : "0.81799",
      "s" : "buy",
      "i" : "ADA_USDT",
      "m" : "4611686018439145722"
    }, {
      "d" : "1756458961572628594",
      "t" : 1756458961572,
      "tn" : 1756458961572628594,
      "q" : "1.3",
      "p" : "0.81796",
      "s" : "buy",
      "i" : "ADA_USDT",
      "m" : "4611686018439145721"
    }, {
      "d" : "1756458961547047246",
      "t" : 1756458961547,
      "tn" : 1756458961547047246,
      "q" : "1240.0",
      "p" : "0.81798",
      "s" : "buy",
      "i" : "ADA_USDT",
      "m" : "4611686018439145720"
    }, {
      "d" : "1756458961547045347",
      "t" : 1756458961547,
      "tn" : 1756458961547045347,
      "q" : "1.4",
      "p" : "0.81796",
      "s" : "buy",
      "i" : "ADA_USDT",
      "m" : "4611686018439145719"
    }, {
      "d" : "1756458961479662046",
      "t" : 1756458961479,
      "tn" : 1756458961479662046,
      "q" : "1.4",
      "p" : "0.81788",
      "s" : "buy",
      "i" : "ADA_USDT",
      "m" : "4611686018439145718"
    } ]
  }
}