{
  "id" : -1,
  "method" : "public/get-trades",
  "code" : 0,
  "result" : {
    "data" : [ {
      "d" : "1756459973598100114",
      "t" : 1756459973598,
      "tn" : 1756459973598100114,
      "q" : "17.3",
      "p" : "0.000007477",
      "s" : "sell",
      "i" : "ADA_BTC",
      "m" : "4611686018430021978"
    }, {
      "d" : "1756459855957416852",
      "t" : 1756459855957,
      "tn" : 1756459855957416851,
      "q" : "1.4",
      "p" : "0.000007487",
      "s" : "buy",
      "i" : "ADA_BTC",
      "m" : "4611686018430021977"
    }, {
      "d" : "1756459855957416851",
      "t" : 1756459855957,
      "tn" : 1756459855957416851,
      "q" : "2.4",
      "p" : "0.000007487",
      "s" : "buy",
      "i" : "ADA_BTC",
      "m" : "4611686018430021977"
    }, {
      "d" : "1756459836485308600",
      "t" : 1756459836485,
      "tn" : 1756459836485308600,
      "q" : "2.4",
      "p" : "0.000007489",
      "s" : "buy",
      "i" : "ADA_BTC",
      "m" : "4611686018430021976"
    }, {
      "d" : "1756459836485305637",
      "t" : 1756459836485,
      "tn" : 1756459836485305637,
      "q" : "1.4",
      "p" : "0.000007488",
      "s" : "buy",
      "i" : "ADA_BTC",
      "m" : "4611686018430021975"
    }, {
      "d" : "1756459456235053010",
      "t" : 1756459456235,
      "tn" : 1756459456235053010,
      "q" : "2.4",
      "p" : "0.000007483",
      "s" : "sell",
      "i" : "ADA_BTC",
      "m" : "4611686018430021974"
    }, {
      "d" : "1756459285946232391",
      "t" : 1756459285946,
      "tn" : 1756459285946232391,
      "q" : "2.4",
      "p" : "0.000007482",
      "s" : "buy",
      "i" : "ADA_BTC",
      "m" : "4611686018430021973"
    }, {
      "d" : "1756459262620559175",
      "t" : 1756459262620,
      "tn" : 1756459262620559175,
      "q" : "160.6",
      "p" : "0.000007485",
      "s" : "sell",
      "i" : "ADA_BTC",
      "m" : "4611686018430021972"
    }, {
      "d" : "1756459203372045484",
      "t" : 1756459203372,
      "tn" : 1756459203372045484,
      "q" : "3.0",
      "p" : "0.000007492",
      "s" : "buy",
      "i" : "ADA_BTC",
      "m" : "4611686018430021971"
    }, {
      "d" : "1756459190059321478",
      "t" : 1756459190059,
      "tn" : 1756459190059321478,
      "q" : "150.0",
      "p" : "0.000007487",
      "s" : "buy",
      "i" : "ADA_BTC",
      "m" : "4611686018430021970"
    }, {
      "d" : "1756459183555259965",
      "t" : 1756459183555,
      "tn" : 1756459183555259965,
      "q" : "1.4",
      "p" : "0.000007485",
      "s" : "buy",
      "i" : "ADA_BTC",
      "m" : "4611686018430021969"
    }, {
      "d" : "1756459183555257803",
      "t" : 1756459183555,
      "tn" : 1756459183555257803,
      "q" : "2.4",
      "p" : "0.000007484",
      "s" : "buy",
      "i" : "ADA_BTC",
      "m" : "4611686018430021968"
    }, {
      "d" : "1756458992413445169",
      "t" : 1756458992413,
      "tn" : 1756458992413445169,
      "q" : "2.4",
      "p" : "0.000007467",
      "s" : "buy",
      "i" : "ADA_BTC",
      "m" : "4611686018430021967"
    }, {
      "d" : "1756458788605139777",
      "t" : 1756458788605,
      "tn" : 1756458788605139777,
      "q" : "2.4",
      "p" : "0.000007468",
      "s" : "buy",
      "i" : "ADA_BTC",
      "m" : "4611686018430021966"
    }, {
      "d" : "1756458513670439775",
      "t" : 1756458513670,
      "tn" : 1756458513670439775,
      "q" : "1.4",
      "p" : "0.000007449",
      "s" : "buy",
      "i" : "ADA_BTC",
      "m" : "4611686018430021965"
    }, {
      "d" : "1756458487297768108",
      "t" : 1756458487297,
      "tn" : 1756458487297768108,
      "q" : "106.1",
      "p" : "0.000007441",
      "s" : "sell",
      "i" : "ADA_BTC",
      "m" : "4611686018430021964"
    }, {
      "d" : "1756458487297766221",
      "t" : 1756458487297,
      "tn" : 1756458487297766221,
      "q" : "1.4",
      "p" : "0.000007448",
      "s" : "sell",
      "i" : "ADA_BTC",
      "m" : "4611686018430021963"
    }, {
      "d" : "1756458487297763222",
      "t" : 1756458487297,
      "tn" : 1756458487297763222,
      "q" : "2.4",
      "p" : "0.000007450",
      "s" : "sell",
      "i" : "ADA_BTC",
      "m" : "4611686018430021962"
    }, {
      "d" : "1756458471070235438",
      "t" : 1756458471070,
      "tn" : 1756458471070235438,
      "q" : "1.4",
      "p" : "0.000007451",
      "s" : "buy",
      "i" : "ADA_BTC",
      "m" : "4611686018430021961"
    }, {
      "d" : "1756458418915775822",
      "t" : 1756458418915,
      "tn" : 1756458418915775822,
      "q" : "1.4",
      "p" : "0.000007453",
      "s" : "buy",
      "i" : "ADA_BTC",
      "m" : "4611686018430021960"
    }, {
      "d" : "1756458297914167060",
      "t" : 1756458297914,
      "tn" : 1756458297914167060,
      "q" : "1.4",
      "p" : "0.000007459",
      "s" : "buy",
      "i" : "ADA_BTC",
      "m" : "4611686018430021959"
    }, {
      "d" : "1756458199310063534",
      "t" : 1756458199310,
      "tn" : 1756458199310063534,
      "q" : "1455.7",
      "p" : "0.000007460",
      "s" : "sell",
      "i" : "ADA_BTC",
      "m" : "4611686018430021958"
    }, {
      "d" : "1756458175271438850",
      "t" : 1756458175271,
      "tn" : 1756458175271438850,
      "q" : "300.0",
      "p" : "0.000007463",
      "s" : "sell",
      "i" : "ADA_BTC",
      "m" : "4611686018430021957"
    }, {
      "d" : "1756458175271436477",
      "t" : 1756458175271,
      "tn" : 1756458175271436477,
      "q" : "300.0",
      "p" : "0.000007464",
      "s" : "sell",
      "i" : "ADA_BTC",
      "m" : "4611686018430021956"
    }, {
      "d" : "1756458168517113530",
      "t" : 1756458168517,
      "tn" : 1756458168517113530,
      "q" : "2.4",
      "p" : "0.000007467",
      "s" : "sell",
      "i" : "ADA_BTC",
      "m" : "4611686018430021955"
    }, {
      "d" : "1756458109474047659",
      "t" : 1756458109474,
      "tn" : 1756458109474047659,
      "q" : "1.4",
      "p" : "0.000007469",
      "s" : "buy",
      "i" : "ADA_BTC",
      "m" : "4611686018430021954"
    }, {
      "d" : "1756458068503745599",
      "t" : 1756458068503,
      "tn" : 1756458068503745599,
      "q" : "2057.0",
      "p" : "0.000007478",
      "s" : "buy",
      "i" : "ADA_BTC",
      "m" : "4611686018430021953"
    }, {
      "d" : "1756458063623456150",
      "t" : 1756458063623,
      "tn" : 1756458063623456150,
      "q" : "1.4",
      "p" : "0.000007471",
      "s" : "buy",
      "i" : "ADA_BTC",
      "m" : "4611686018430021952"
    }, {
      "d" : "1756458056627523349",
      "t" : 1756458056627,
      "tn" : 1756458056627523349,
      "q" : "2.9",
      "p" : "0.000007477",
      "s" : "sell",
      "i" : "ADA_BTC",
      "m" : "4611686018430021951"
    }, {
      "d" : "1756458035282327539",
      "t" : 1756458035282,
      "tn" : 1756458035282327539,
      "q" : "1.4",
      "p" : "0.000007477",
      "s" : "buy",
      "i" : "ADA_BTC",
      "m" : "4611686018430021950"
    }, {
      "d" : "1756457894771278797",
      "t" : 1756457894771,
      "tn" : 1756457894771278797,
      "q" : "29.2",
      "p" : "0.000007477",
      "s" : "sell",
      "i" : "ADA_BTC",
      "m" : "4611686018430021949"
    }, {
      "d" : "1756457894099682116",
      "t" : 1756457894099,
      "tn" : 1756457894099682116,
      "q" : "57.2",
      "p" : "0.000007477",
      "s" : "sell",
      "i" : "ADA_BTC",
      "m" : "4611686018430021948"
    }, {
      "d" : "1756457884395573489",
      "t" : 1756457884395,
      "tn" : 1756457884395573489,
      "q" : "2674.8",
      "p" : "0.000007474",
      "s" : "buy",
      "i" : "ADA_BTC",
      "m" : "4611686018430021947"
    }, {
      "d" : "1756457861036049004",
      "t" : 1756457861036,
      "tn" : 1756457861036049004,
      "q" : "2.4",
      "p" : "0.000007468",
      "s" : "sell",
      "i" : "ADA_BTC",
      "m" : "4611686018430021946"
    }, {
      "d" : "1756457839414514662",
      "t" : 1756457839414,
      "tn" : 1756457839414514662,
      "q" : "2.4",
      "p" : "0.000007473",
      "s" : "sell",
      "i" : "ADA_BTC",
      "m" : "4611686018430021945"
    }, {
      "d" : "1756457831112584925",
      "t" : 1756457831112,
      "tn" : 1756457831112584925,
      "q" : "2.4",
      "p" : "0.000007476",
      "s" : "sell",
      "i" : "ADA_BTC",
      "m" : "4611686018430021944"
    }, {
      "d" : "1756457735596723026",
      "t" : 1756457735596,
      "tn" : 1756457735596723026,
      "q" : "2.4",
      "p" : "0.000007486",
      "s" : "sell",
      "i" : "ADA_BTC",
      "m" : "4611686018430021943"
    }, {
      "d" : "1756457733398443214",
      "t" : 1756457733398,
      "tn" : 1756457733398443214,
      "q" : "5214.8",
      "p" : "0.000007493",
      "s" : "sell",
      "i" : "ADA_BTC",
      "m" : "4611686018430021942"
    }, {
      "d" : "1756457711516656357",
      "t" : 1756457711516,
      "tn" : 1756457711516656357,
      "q" : "506.2",
      "p" : "0.000007498",
      "s" : "buy",
      "i" : "ADA_BTC",
      "m" : "4611686018430021941"
    }, {
      "d" : "1756457711063328243",
      "t" : 1756457711063,
      "tn" : 1756457711063328243,
      "q" : "843.7",
      "p" : "0.000007498",
      "s" : "buy",
      "i" : "ADA_BTC",
      "m" : "4611686018430021940"
    }, {
      "d" : "1756457710845920949",
      "t" : 1756457710845,
      "tn" : 1756457710845920949,
      "q" : "1391.6",
      "p" : "0.000007498",
      "s" : "buy",
      "i" : "ADA_BTC",
      "m" : "4611686018430021939"
    }, {
      "d" : "1756457708603353296",
      "t" : 1756457708603,
      "tn" : 1756457708603353296,
      "q" : "5215.6",
      "p" : "0.000007498",
      "s" : "buy",
      "i" : "ADA_BTC",
      "m" : "4611686018430021938"
    }, {
      "d" : "1756457236384182517",
      "t" : 1756457236384,
      "tn" : 1756457236384182517,
      "q" : "2859.8",
      "p" : "0.000007507",
      "s" : "sell",
      "i" : "ADA_BTC",
      "m" : "4611686018430021937"
    }, {
      "d" : "1756457063911105532",
      "t" : 1756457063911,
      "tn" : 1756457063911105532,
      "q" : "2.4",
      "p" : "0.000007506",
      "s" : "sell",
      "i" : "ADA_BTC",
      "m" : "4611686018430021936"
    }, {
      "d" : "1756456933577951483",
      "t" : 1756456933577,
      "tn" : 1756456933577951483,
      "q" : "1.4",
      "p" : "0.000007504",
      "s" : "buy",
      "i" : "ADA_BTC",
      "m" : "4611686018430021935"
    }, {
      "d" : "1756456931553198267",
      "t" : 1756456931553,
      "tn" : 1756456931553198267,
      "q" : "2.4",
      "p" : "0.000007507",
      "s" : "sell",
      "i" : "ADA_BTC",
      "m" : "4611686018430021934"
    }, {
      "d" : "1756456842218079229",
      "t" : 1756456842218,
      "tn" : 1756456842218079229,
      "q" : "2.4",
      "p" : "0.000007503",
      "s" : "sell",
      "i" : "ADA_BTC",
      "m" : "4611686018430021933"
    }, {
      "d" : "1756456811215421858",
      "t" : 1756456811215,
      "tn" : 1756456811215421858,
      "q" : "2.4",
      "p" : "0.000007507",
      "s" : "buy",
      "i" : "ADA_BTC",
      "m" : "4611686018430021932"
    }, {
      "d" : "1756456757649216857",
      "t" : 1756456757649,
      "tn" : 1756456757649216857,
      "q" : "2320.3",
      "p" : "0.000007510",
      "s" : "sell",
      "i" : "ADA_BTC",
      "m" : "4611686018430021931"
    }, {
      "d" : "1756456743192955771",
      "t" : 1756456743192,
      "tn" : 1756456743192955771,
      "q" : "2.4",
      "p" : "0.000007505",
      "s" : "buy",
      "i" : "ADA_BTC",
      "m" : "4611686018430021930"
    }, {
      "d" : "1756456685931316854",
      "t" : 1756456685931,
      "tn" : 1756456685931316854,
      "q" : "2.4",
      "p" : "0.000007500",
      "s" : "buy",
      "i" : "ADA_BTC",
      "m" : "4611686018430021929"
    }, {
      "d" : "1756456598222045113",
      "t" : 1756456598222,
      "tn" : 1756456598222045113,
      "q" : "2.4",
      "p" : "0.000007493",
      "s" : "buy",
      "i" : "ADA_BTC",
      "m" : "4611686018430021928"
    }, {
      "d" : "1756456598222041937",
      "t" : 1756456598222,
      "tn" : 1756456598222041937,
      "q" : "1.4",
      "p" : "0.000007492",
      "s" : "buy",
      "i" : "ADA_BTC",
      "m" : "4611686018430021927"
    }, {
      "d" : "1756456565142513708",
      "t" : 1756456565142,
      "tn" : 1756456565142513708,
      "q" : "2.4",
      "p" : "0.000007487",
      "s" : "sell",
      "i" : "ADA_BTC",
      "m" : "4611686018430021926"
    }, {
      "d" : "1756456536904150342",
      "t" : 1756456536904,
      "tn" : 1756456536904150342,
      "q" : "1.4",
      "p" : "0.000007491",
      "s" : "sell",
      "i" : "ADA_BTC",
      "m" : "4611686018430021925"
    }, {
      "d" : "1756456502904209408",
      "t" : 1756456502904,
      "tn" : 1756456502904209408,
      "q" : "2.4",
      "p" : "0.000007497",
      "s" : "sell",
      "i" : "ADA_BTC",
      "m" : "4611686018430021924"
    }, {
      "d" : "1756456500142571749",
      "t" : 1756456500142,
      "tn" : 1756456500142571749,
      "q" : "2.4",
      "p" : "0.000007499",
      "s" : "sell",
      "i" : "ADA_BTC",
      "m" : "4611686018430021923"
    }, {
      "d" : "1756456423533622972",
      "t" : 1756456423533,
      "tn" : 1756456423533622972,
      "q" : "2.4",
      "p" : "0.000007493",
      "s" : "sell",
      "i" : "ADA_BTC",
      "m" : "4611686018430021922"
    }, {
      "d" : "1756456404110131435",
      "t" : 1756456404110,
      "tn" : 1756456404110131435,
      "q" : "2.4",
      "p" : "0.000007492",
      "s" : "sell",
      "i" : "ADA_BTC",
      "m" : "4611686018430021921"
    }, {
      "d" : "1756456397311117606",
      "t" : 1756456397311,
      "tn" : 1756456397311117606,
      "q" : "5.2",
      "p" : "0.000007493",
      "s" : "sell",
      "i" : "ADA_BTC",
      "m" : "4611686018430021920"
    }, {
      "d" : "1756456393255062819",
      "t" : 1756456393255,
      "tn" : 1756456393255062819,
      "q" : "5.6",
      "p" : "0.000007495",
      "s" : "sell",
      "i" : "ADA_BTC",
      "m" : "4611686018430021919"
    }, {
      "d" : "1756456352111194943",
      "t" : 1756456352111,
      "tn" : 1756456352111194943,
      "q" : "2.4",
      "p" : "0.000007498",
      "s" : "sell",
      "i" : "ADA_BTC",
      "m" : "4611686018430021918"
    }, {
      "d" : "1756456315943193231",
      "t" : 1756456315943,
      "tn" : 1756456315943193231,
      "q" : "5206.1",
      "p" : "0.000007482",
      "s" : "buy",
      "i" : "ADA_BTC",
      "m" : "4611686018430021917"
    }, {
      "d" : "1756456239057433097",
      "t" : 1756456239057,
      "tn" : 1756456239057433097,
      "q" : "1.4",
      "p" : "0.000007484",
      "s" : "buy",
      "i" : "ADA_BTC",
      "m" : "4611686018430021916"
    }, {
      "d" : "1756456236101212265",
      "t" : 1756456236101,
      "tn" : 1756456236101212265,
      "q" : "1.4",
      "p" : "0.000007484",
      "s" : "buy",
      "i" : "ADA_BTC",
      "m" : "4611686018430021915"
    }, {
      "d" : "1756455985707459280",
      "t" : 1756455985707,
      "tn" : 1756455985707459280,
      "q" : "1.4",
      "p" : "0.000007486",
      "s" : "buy",
      "i" : "ADA_BTC",
      "m" : "4611686018430021914"
    }, {
      "d" : "1756455970942164122",
      "t" : 1756455970942,
      "tn" : 1756455970942164122,
      "q" : "2.4",
      "p" : "0.000007485",
      "s" : "buy",
      "i" : "ADA_BTC",
      "m" : "4611686018430021913"
    }, {
      "d" : "1756455899899420211",
      "t" : 1756455899899,
      "tn" : 1756455899899420211,
      "q" : "131.1",
      "p" : "0.000007481",
      "s" : "sell",
      "i" : "ADA_BTC",
      "m" : "4611686018430021912"
    }, {
      "d" : "1756455865527086654",
      "t" : 1756455865527,
      "tn" : 1756455865527086654,
      "q" : "1.4",
      "p" : "0.000007495",
      "s" : "sell",
      "i" : "ADA_BTC",
      "m" : "4611686018430021911"
    }, {
      "d" : "1756455642927863841",
      "t" : 1756455642927,
      "tn" : 1756455642927863841,
      "q" : "1.4",
      "p" : "0.000007492",
      "s" : "buy",
      "i" : "ADA_BTC",
      "m" : "4611686018430021910"
    }, {
      "d" : "1756455442932172495",
      "t" : 1756455442932,
      "tn" : 1756455442932172495,
      "q" : "81.7",
      "p" : "0.000007497",
      "s" : "sell",
      "i" : "ADA_BTC",
      "m" : "4611686018430021909"
    }, {
      "d" : "1756455331739912806",
      "t" : 1756455331739,
      "tn" : 1756455331739912806,
      "q" : "18.1",
      "p" : "0.000007503",
      "s" : "sell",
      "i" : "ADA_BTC",
      "m" : "4611686018430021908"
    }, {
      "d" : "1756455312510004747",
      "t" : 1756455312510,
      "tn" : 1756455312510004747,
      "q" : "13.3",
      "p" : "0.000007507",
      "s" : "buy",
      "i" : "ADA_BTC",
      "m" : "4611686018430021907"
    }, {
      "d" : "1756455219611070451",
      "t" : 1756455219611,
      "tn" : 1756455219611070451,
      "q" : "2.4",
      "p" : "0.000007503",
      "s" : "buy",
      "i" : "ADA_BTC",
      "m" : "4611686018430021906"
    }, {
      "d" : "1756455165294498556",
      "t" : 1756455165294,
      "tn" : 1756455165294498556,
      "q" : "75.5",
      "p" : "0.000007490",
      "s" : "sell",
      "i" : "ADA_BTC",
      "m" : "4611686018430021905"
    }, {
      "d" : "1756455165294496844",
      "t" : 1756455165294,
      "tn" : 1756455165294496844,
      "q" : "1.4",
      "p" : "0.000007494",
      "s" : "sell",
      "i" : "ADA_BTC",
      "m" : "4611686018430021904"
    }, {
      "d" : "1756455112420353537",
      "t" : 1756455112420,
      "tn" : 1756455112420353537,
      "q" : "867.5",
      "p" : "0.000007499",
      "s" : "sell",
      "i" : "ADA_BTC",
      "m" : "4611686018430021903"
    }, {
      "d" : "1756455063012946137",
      "t" : 1756455063012,
      "tn" : 1756455063012946137,
      "q" : "3899.5",
      "p" : "0.000007486",
      "s" : "sell",
      "i" : "ADA_BTC",
      "m" : "4611686018430021902"
    }, {
      "d" : "1756455063012944253",
      "t" : 1756455063012,
      "tn" : 1756455063012944252,
      "q" : "388.4",
      "p" : "0.000007487",
      "s" : "sell",
      "i" : "ADA_BTC",
      "m" : "4611686018430021901"
    }, {
      "d" : "1756455063012944252",
      "t" : 1756455063012,
      "tn" : 1756455063012944252,
      "q" : "2349.8",
      "p" : "0.000007487",
      "s" : "sell",
      "i" : "ADA_BTC",
      "m" : "4611686018430021901"
    }, {
      "d" : "1756455063012940418",
      "t" : 1756455063012,
      "tn" : 1756455063012940417,
      "q" : "353.3",
      "p" : "0.000007488",
      "s" : "sell",
      "i" : "ADA_BTC",
      "m" : "4611686018430021900"
    }, {
      "d" : "1756455063012940417",
      "t" : 1756455063012,
      "tn" : 1756455063012940417,
      "q" : "300.0",
      "p" : "0.000007488",
      "s" : "sell",
      "i" : "ADA_BTC",
      "m" : "4611686018430021900"
    }, {
      "d" : "1756455063012937039",
      "t" : 1756455063012,
      "tn" : 1756455063012937039,
      "q" : "300.0",
      "p" : "0.000007491",
      "s" : "sell",
      "i" : "ADA_BTC",
      "m" : "4611686018430021899"
    }, {
      "d" : "1756455063012934386",
      "t" : 1756455063012,
      "tn" : 1756455063012934386,
      "q" : "1.4",
      "p" : "0.000007499",
      "s" : "sell",
      "i" : "ADA_BTC",
      "m" : "4611686018430021898"
    }, {
      "d" : "1756455063012931561",
      "t" : 1756455063012,
      "tn" : 1756455063012931561,
      "q" : "1.4",
      "p" : "0.000007500",
      "s" : "sell",
      "i" : "ADA_BTC",
      "m" : "4611686018430021897"
    }, {
      "d" : "1756454779611063329",
      "t" : 1756454779611,
      "tn" : 1756454779611063329,
      "q" : "2.4",
      "p" : "0.000007518",
      "s" : "buy",
      "i" : "ADA_BTC",
      "m" : "4611686018430021896"
    }, {
      "d" : "1756454482644027340",
      "t" : 1756454482644,
      "tn" : 1756454482644027340,
      "q" : "1.4",
      "p" : "0.000007527",
      "s" : "buy",
      "i" : "ADA_BTC",
      "m" : "4611686018430021895"
    }, {
      "d" : "1756454482206621694",
      "t" : 1756454482206,
      "tn" : 1756454482206621694,
      "q" : "1.3",
      "p" : "0.000007530",
      "s" : "sell",
      "i" : "ADA_BTC",
      "m" : "4611686018430021894"
    }, {
      "d" : "1756454295294224587",
      "t" : 1756454295294,
      "tn" : 1756454295294224587,
      "q" : "265.7",
      "p" : "0.000007529",
      "s" : "sell",
      "i" : "ADA_BTC",
      "m" : "4611686018430021893"
    }, {
      "d" : "1756454295294222853",
      "t" : 1756454295294,
      "tn" : 1756454295294222853,
      "q" : "29.5",
      "p" : "0.000007530",
      "s" : "sell",
      "i" : "ADA_BTC",
      "m" : "4611686018430021892"
    }, {
      "d" : "1756453943333293230",
      "t" : 1756453943333,
      "tn" : 1756453943333293230,
      "q" : "2.4",
      "p" : "0.000007535",
      "s" : "sell",
      "i" : "ADA_BTC",
      "m" : "4611686018430021891"
    }, {
      "d" : "1756453911707212644",
      "t" : 1756453911707,
      "tn" : 1756453911707212644,
      "q" : "2.4",
      "p" : "0.000007537",
      "s" : "buy",
      "i" : "ADA_BTC",
      "m" : "4611686018430021890"
    }, {
      "d" : "1756453868860235552",
      "t" : 1756453868860,
      "tn" : 1756453868860235552,
      "q" : "2.4",
      "p" : "0.000007534",
      "s" : "sell",
      "i" : "ADA_BTC",
      "m" : "4611686018430021889"
    }, {
      "d" : "1756453751501075201",
      "t" : 1756453751501,
      "tn" : 1756453751501075201,
      "q" : "2.4",
      "p" : "0.000007527",
      "s" : "sell",
      "i" : "ADA_BTC",
      "m" : "4611686018430021888"
    }, {
      "d" : "1756453704067256278",
      "t" : 1756453704067,
      "tn" : 1756453704067256278,
      "q" : "300.0",
      "p" : "0.000007530",
      "s" : "buy",
      "i" : "ADA_BTC",
      "m" : "4611686018430021887"
    }, {
      "d" : "1756453450647514525",
      "t" : 1756453450647,
      "tn" : 1756453450647514525,
      "q" : "5175.2",
      "p" : "0.000007530",
      "s" : "sell",
      "i" : "ADA_BTC",
      "m" : "4611686018430021886"
    }, {
      "d" : "1756453384415051892",
      "t" : 1756453384415,
      "tn" : 1756453384415051892,
      "q" : "2.4",
      "p" : "0.000007529",
      "s" : "sell",
      "i" : "ADA_BTC",
      "m" : "4611686018430021885"
    }, {
      "d" : "1756453292346155744",
      "t" : 1756453292346,
      "tn" : 1756453292346155744,
      "q" : "5173.6",
      "p" : "0.000007531",
      "s" : "buy",
      "i" : "ADA_BTC",
      "m" : "4611686018430021884"
    }, {
      "d" : "1756453105811005611",
      "t" : 1756453105811,
      "tn" : 1756453105811005611,
      "q" : "2.4",
      "p" : "0.000007529",
      "s" : "buy",
      "i" : "ADA_BTC",
      "m" : "4611686018430021883"
    }, {
      "d" : "1756453091812220276",
      "t" : 1756453091812,
      "tn" : 1756453091812220276,
      "q" : "2.4",
      "p" : "0.000007523",
      "s" : "buy",
      "i" : "ADA_BTC",
      "m" : "4611686018430021882"
    }, {
      "d" : "1756452875627361762",
      "t" : 1756452875627,
      "tn" : 1756452875627361762,
      "q" : "185.0",
      "p" : "0.000007527",
      "s" : "sell",
      "i" : "ADA_BTC",
      "m" : "4611686018430021881"
    }, {
      "d" : "1756452789710157447",
      "t" : 1756452789710,
      "tn" : 1756452789710157447,
      "q" : "1.4",
      "p" : "0.000007534",
      "s" : "buy",
      "i" : "ADA_BTC",
      "m" : "4611686018430021880"
    }, {
      "d" : "1756452789710155202",
      "t" : 1756452789710,
      "tn" : 1756452789710155202,
      "q" : "2.4",
      "p" : "0.000007533",
      "s" : "buy",
      "i" : "ADA_BTC",
      "m" : "4611686018430021879"
    }, {
      "d" : "1756452729691767243",
      "t" : 1756452729691,
      "tn" : 1756452729691767243,
      "q" : "2.4",
      "p" : "0.000007531",
      "s" : "buy",
      "i" : "ADA_BTC",
      "m" : "4611686018430021878"
    }, {
      "d" : "1756452621416050443",
      "t" : 1756452621416,
      "tn" : 1756452621416050443,
      "q" : "1.4",
      "p" : "0.000007516",
      "s" : "sell",
      "i" : "ADA_BTC",
      "m" : "4611686018430021877"
    }, {
      "d" : "1756452614442970930",
      "t" : 1756452614442,
      "tn" : 1756452614442970930,
      "q" : "1.4",
      "p" : "0.000007518",
      "s" : "sell",
      "i" : "ADA_BTC",
      "m" : "4611686018430021876"
    }, {
      "d" : "1756452542520575064",
      "t" : 1756452542520,
      "tn" : 1756452542520575064,
      "q" : "1.4",
      "p" : "0.000007517",
      "s" : "buy",
      "i" : "ADA_BTC",
      "m" : "4611686018430021875"
    }, {
      "d" : "1756452449866979009",
      "t" : 1756452449866,
      "tn" : 1756452449866979009,
      "q" : "1.4",
      "p" : "0.000007507",
      "s" : "buy",
      "i" : "ADA_BTC",
      "m" : "4611686018430021874"
    }, {
      "d" : "1756452431436501798",
      "t" : 1756452431436,
      "tn" : 1756452431436501798,
      "q" : "2.4",
      "p" : "0.000007511",
      "s" : "sell",
      "i" : "ADA_BTC",
      "m" : "4611686018430021873"
    }, {
      "d" : "1756452365028301018",
      "t" : 1756452365028,
      "tn" : 1756452365028301018,
      "q" : "133.0",
      "p" : "0.000007506",
      "s" : "sell",
      "i" : "ADA_BTC",
      "m" : "4611686018430021872"
    }, {
      "d" : "1756452365028298595",
      "t" : 1756452365028,
      "tn" : 1756452365028298595,
      "q" : "2.4",
      "p" : "0.000007507",
      "s" : "sell",
      "i" : "ADA_BTC",
      "m" : "4611686018430021871"
    }, {
      "d" : "1756452353610134958",
      "t" : 1756452353610,
      "tn" : 1756452353610134958,
      "q" : "2.4",
      "p" : "0.000007511",
      "s" : "sell",
      "i" : "ADA_BTC",
      "m" : "4611686018430021870"
    }, {
      "d" : "1756452294517986817",
      "t" : 1756452294517,
      "tn" : 1756452294517986817,
      "q" : "2.4",
      "p" : "0.000007523",
      "s" : "buy",
      "i" : "ADA_BTC",
      "m" : "4611686018430021869"
    }, {
      "d" : "1756452031810062834",
      "t" : 1756452031810,
      "tn" : 1756452031810062834,
      "q" : "1.4",
      "p" : "0.000007525",
      "s" : "sell",
      "i" : "ADA_BTC",
      "m" : "4611686018430021868"
    }, {
      "d" : "1756452031810060790",
      "t" : 1756452031810,
      "tn" : 1756452031810060790,
      "q" : "2.4",
      "p" : "0.000007526",
      "s" : "sell",
      "i" : "ADA_BTC",
      "m" : "4611686018430021867"
    }, {
      "d" : "1756452001552831329",
      "t" : 1756452001552,
      "tn" : 1756452001552831329,
      "q" : "1.4",
      "p" : "0.000007519",
      "s" : "buy",
      "i" : "ADA_BTC",
      "m" : "4611686018430021866"
    }, {
      "d" : "1756451991151999799",
      "t" : 1756451991151,
      "tn" : 1756451991151999799,
      "q" : "1.4",
      "p" : "0.000007522",
      "s" : "sell",
      "i" : "ADA_BTC",
      "m" : "4611686018430021865"
    }, {
      "d" : "1756451953073203420",
      "t" : 1756451953073,
      "tn" : 1756451953073203420,
      "q" : "290.0",
      "p" : "0.000007536",
      "s" : "buy",
      "i" : "ADA_BTC",
      "m" : "4611686018430021864"
    }, {
      "d" : "1756451953073202774",
      "t" : 1756451953073,
      "tn" : 1756451953073202774,
      "q" : "29.0",
      "p" : "0.000007535",
      "s" : "buy",
      "i" : "ADA_BTC",
      "m" : "4611686018430021863"
    }, {
      "d" : "1756451953073201982",
      "t" : 1756451953073,
      "tn" : 1756451953073201982,
      "q" : "1.4",
      "p" : "0.000007530",
      "s" : "buy",
      "i" : "ADA_BTC",
      "m" : "4611686018430021862"
    }, {
      "d" : "1756451930260090601",
      "t" : 1756451930260,
      "tn" : 1756451930260090601,
      "q" : "2451.7",
      "p" : "0.000007528",
      "s" : "buy",
      "i" : "ADA_BTC",
      "m" : "4611686018430021861"
    }, {
      "d" : "1756451930260088294",
      "t" : 1756451930260,
      "tn" : 1756451930260088293,
      "q" : "1.4",
      "p" : "0.000007527",
      "s" : "buy",
      "i" : "ADA_BTC",
      "m" : "4611686018430021860"
    }, {
      "d" : "1756451930260088293",
      "t" : 1756451930260,
      "tn" : 1756451930260088293,
      "q" : "29.0",
      "p" : "0.000007527",
      "s" : "buy",
      "i" : "ADA_BTC",
      "m" : "4611686018430021860"
    }, {
      "d" : "1756451930059632998",
      "t" : 1756451930059,
      "tn" : 1756451930059632998,
      "q" : "29.0",
      "p" : "0.000007527",
      "s" : "buy",
      "i" : "ADA_BTC",
      "m" : "4611686018430021859"
    }, {
      "d" : "1756451930059630237",
      "t" : 1756451930059,
      "tn" : 1756451930059630237,
      "q" : "1.4",
      "p" : "0.000007526",
      "s" : "buy",
      "i" : "ADA_BTC",
      "m" : "4611686018430021858"
    }, {
      "d" : "1756451914614151152",
      "t" : 1756451914614,
      "tn" : 1756451914614151152,
      "q" : "1.4",
      "p" : "0.000007520",
      "s" : "buy",
      "i" : "ADA_BTC",
      "m" : "4611686018430021857"
    }, {
      "d" : "1756451676816589421",
      "t" : 1756451676816,
      "tn" : 1756451676816589421,
      "q" : "1.4",
      "p" : "0.000007497",
      "s" : "buy",
      "i" : "ADA_BTC",
      "m" : "4611686018430021856"
    }, {
      "d" : "1756451599090376791",
      "t" : 1756451599090,
      "tn" : 1756451599090376791,
      "q" : "1.4",
      "p" : "0.000007499",
      "s" : "buy",
      "i" : "ADA_BTC",
      "m" : "4611686018430021855"
    }, {
      "d" : "1756451556897711712",
      "t" : 1756451556897,
      "tn" : 1756451556897711712,
      "q" : "1.4",
      "p" : "0.000007501",
      "s" : "buy",
      "i" : "ADA_BTC",
      "m" : "4611686018430021854"
    }, {
      "d" : "1756451427150947818",
      "t" : 1756451427150,
      "tn" : 1756451427150947818,
      "q" : "1.4",
      "p" : "0.000007516",
      "s" : "buy",
      "i" : "ADA_BTC",
      "m" : "4611686018430021853"
    }, {
      "d" : "1756451309159983701",
      "t" : 1756451309159,
      "tn" : 1756451309159983701,
      "q" : "6.0",
      "p" : "0.000007510",
      "s" : "sell",
      "i" : "ADA_BTC",
      "m" : "4611686018430021852"
    }, {
      "d" : "1756450919146695463",
      "t" : 1756450919146,
      "tn" : 1756450919146695463,
      "q" : "1.4",
      "p" : "0.000007526",
      "s" : "buy",
      "i" : "ADA_BTC",
      "m" : "4611686018430021851"
    }, {
      "d" : "1756450900618127410",
      "t" : 1756450900618,
      "tn" : 1756450900618127410,
      "q" : "9.8",
      "p" : "0.000007523",
      "s" : "sell",
      "i" : "ADA_BTC",
      "m" : "4611686018430021850"
    }, {
      "d" : "1756450900612991711",
      "t" : 1756450900612,
      "tn" : 1756450900612991711,
      "q" : "140.1",
      "p" : "0.000007523",
      "s" : "sell",
      "i" : "ADA_BTC",
      "m" : "4611686018430021849"
    }, {
      "d" : "1756450900612020637",
      "t" : 1756450900612,
      "tn" : 1756450900612020637,
      "q" : "12.6",
      "p" : "0.000007524",
      "s" : "sell",
      "i" : "ADA_BTC",
      "m" : "4611686018430021848"
    }, {
      "d" : "1756450900607436967",
      "t" : 1756450900607,
      "tn" : 1756450900607436967,
      "q" : "277.4",
      "p" : "0.000007524",
      "s" : "sell",
      "i" : "ADA_BTC",
      "m" : "4611686018430021847"
    }, {
      "d" : "1756450443692265557",
      "t" : 1756450443692,
      "tn" : 1756450443692265557,
      "q" : "2.4",
      "p" : "0.000007560",
      "s" : "buy",
      "i" : "ADA_BTC",
      "m" : "4611686018430021846"
    }, {
      "d" : "1756450255836535197",
      "t" : 1756450255836,
      "tn" : 1756450255836535197,
      "q" : "9.9",
      "p" : "0.000007557",
      "s" : "sell",
      "i" : "ADA_BTC",
      "m" : "4611686018430021845"
    }, {
      "d" : "1756450248838490353",
      "t" : 1756450248838,
      "tn" : 1756450248838490353,
      "q" : "4.2",
      "p" : "0.000007559",
      "s" : "sell",
      "i" : "ADA_BTC",
      "m" : "4611686018430021844"
    }, {
      "d" : "1756450218881726762",
      "t" : 1756450218881,
      "tn" : 1756450218881726762,
      "q" : "412.0",
      "p" : "0.000007569",
      "s" : "sell",
      "i" : "ADA_BTC",
      "m" : "4611686018430021843"
    }, {
      "d" : "1756450218216171855",
      "t" : 1756450218216,
      "tn" : 1756450218216171855,
      "q" : "1085.7",
      "p" : "0.000007569",
      "s" : "sell",
      "i" : "ADA_BTC",
      "m" : "4611686018430021842"
    }, {
      "d" : "1756450218111500829",
      "t" : 1756450218111,
      "tn" : 1756450218111500829,
      "q" : "28.6",
      "p" : "0.000007570",
      "s" : "sell",
      "i" : "ADA_BTC",
      "m" : "4611686018430021841"
    }, {
      "d" : "1756450163514476078",
      "t" : 1756450163514,
      "tn" : 1756450163514476077,
      "q" : "1.4",
      "p" : "0.000007572",
      "s" : "sell",
      "i" : "ADA_BTC",
      "m" : "4611686018430021840"
    }, {
      "d" : "1756450163514476077",
      "t" : 1756450163514,
      "tn" : 1756450163514476077,
      "q" : "1.4",
      "p" : "0.000007572",
      "s" : "sell",
      "i" : "ADA_BTC",
      "m" : "4611686018430021840"
    }, {
      "d" : "1756450163514472002",
      "t" : 1756450163514,
      "tn" : 1756450163514472002,
      "q" : "4066.7",
      "p" : "0.000007573",
      "s" : "sell",
      "i" : "ADA_BTC",
      "m" : "4611686018430021839"
    }, {
      "d" : "1756450078029809203",
      "t" : 1756450078029,
      "tn" : 1756450078029809203,
      "q" : "1.4",
      "p" : "0.000007570",
      "s" : "sell",
      "i" : "ADA_BTC",
      "m" : "4611686018430021838"
    }, {
      "d" : "1756449930323984147",
      "t" : 1756449930323,
      "tn" : 1756449930323984147,
      "q" : "2.4",
      "p" : "0.000007562",
      "s" : "sell",
      "i" : "ADA_BTC",
      "m" : "4611686018430021837"
    }, {
      "d" : "1756449837095317987",
      "t" : 1756449837095,
      "tn" : 1756449837095317987,
      "q" : "1.4",
      "p" : "0.000007564",
      "s" : "sell",
      "i" : "ADA_BTC",
      "m" : "4611686018430021836"
    }, {
      "d" : "1756449794766975940",
      "t" : 1756449794766,
      "tn" : 1756449794766975940,
      "q" : "2.4",
      "p" : "0.000007559",
      "s" : "sell",
      "i" : "ADA_BTC",
      "m" : "4611686018430021835"
    }, {
      "d" : "1756449794322326797",
      "t" : 1756449794322,
      "tn" : 1756449794322326797,
      "q" : "2.4",
      "p" : "0.000007559",
      "s" : "buy",
      "i" : "ADA_BTC",
      "m" : "4611686018430021834"
    } ]
  }
}