{
  "id" : -1,
  "method" : "public/get-trades",
  "code" : 0,
  "result" : {
    "data" : [ {
      "d" : "1756459967539374561",
      "t" : 1756459967539,
      "tn" : 1756459967539374561,
      "q" : "2.4",
      "p" : "0.70235",
      "s" : "buy",
      "i" : "ADA_EUR",
      "m" : "4611686018428544407"
    }, {
      "d" : "1756459855553026719",
      "t" : 1756459855553,
      "tn" : 1756459855553026719,
      "q" : "104.9",
      "p" : "0.70321",
      "s" : "buy",
      "i" : "ADA_EUR",
      "m" : "4611686018428544406"
    }, {
      "d" : "1756459855526806269",
      "t" : 1756459855526,
      "tn" : 1756459855526806269,
      "q" : "4.8",
      "p" : "0.70321",
      "s" : "buy",
      "i" : "ADA_EUR",
      "m" : "4611686018428544405"
    }, {
      "d" : "1756459854884040749",
      "t" : 1756459854884,
      "tn" : 1756459854884040749,
      "q" : "4.8",
      "p" : "0.70321",
      "s" : "buy",
      "i" : "ADA_EUR",
      "m" : "4611686018428544404"
    }, {
      "d" : "1756459841856944066",
      "t" : 1756459841856,
      "tn" : 1756459841856944066,
      "q" : "4.8",
      "p" : "0.70321",
      "s" : "buy",
      "i" : "ADA_EUR",
      "m" : "4611686018428544403"
    }, {
      "d" : "1756459841458838483",
      "t" : 1756459841458,
      "tn" : 1756459841458838483,
      "q" : "4.8",
      "p" : "0.70321",
      "s" : "buy",
      "i" : "ADA_EUR",
      "m" : "4611686018428544402"
    }, {
      "d" : "1756459840978837596",
      "t" : 1756459840978,
      "tn" : 1756459840978837596,
      "q" : "5.8",
      "p" : "0.70321",
      "s" : "buy",
      "i" : "ADA_EUR",
      "m" : "4611686018428544401"
    }, {
      "d" : "1756459813173508197",
      "t" : 1756459813173,
      "tn" : 1756459813173508197,
      "q" : "6.2",
      "p" : "0.70321",
      "s" : "buy",
      "i" : "ADA_EUR",
      "m" : "4611686018428544400"
    }, {
      "d" : "1756459807038355010",
      "t" : 1756459807038,
      "tn" : 1756459807038355010,
      "q" : "14.3",
      "p" : "0.70321",
      "s" : "buy",
      "i" : "ADA_EUR",
      "m" : "4611686018428544399"
    }, {
      "d" : "1756459804455126798",
      "t" : 1756459804455,
      "tn" : 1756459804455126798,
      "q" : "29.9",
      "p" : "0.70321",
      "s" : "buy",
      "i" : "ADA_EUR",
      "m" : "4611686018428544398"
    }, {
      "d" : "1756459803173064257",
      "t" : 1756459803173,
      "tn" : 1756459803173064257,
      "q" : "60.9",
      "p" : "0.70321",
      "s" : "buy",
      "i" : "ADA_EUR",
      "m" : "4611686018428544397"
    }, {
      "d" : "1756459778251312987",
      "t" : 1756459778251,
      "tn" : 1756459778251312987,
      "q" : "2.4",
      "p" : "0.70277",
      "s" : "buy",
      "i" : "ADA_EUR",
      "m" : "4611686018428544396"
    }, {
      "d" : "1756459603435523229",
      "t" : 1756459603435,
      "tn" : 1756459603435523229,
      "q" : "2.4",
      "p" : "0.70321",
      "s" : "sell",
      "i" : "ADA_EUR",
      "m" : "4611686018428544395"
    }, {
      "d" : "1756459551355017888",
      "t" : 1756459551355,
      "tn" : 1756459551355017888,
      "q" : "2.4",
      "p" : "0.70309",
      "s" : "buy",
      "i" : "ADA_EUR",
      "m" : "4611686018428544394"
    }, {
      "d" : "1756459449446478233",
      "t" : 1756459449446,
      "tn" : 1756459449446478233,
      "q" : "2.3",
      "p" : "0.70311",
      "s" : "sell",
      "i" : "ADA_EUR",
      "m" : "4611686018428544393"
    }, {
      "d" : "1756459295374933321",
      "t" : 1756459295374,
      "tn" : 1756459295374933321,
      "q" : "2.4",
      "p" : "0.70356",
      "s" : "buy",
      "i" : "ADA_EUR",
      "m" : "4611686018428544392"
    }, {
      "d" : "1756459293354979813",
      "t" : 1756459293354,
      "tn" : 1756459293354979813,
      "q" : "2.4",
      "p" : "0.70340",
      "s" : "buy",
      "i" : "ADA_EUR",
      "m" : "4611686018428544391"
    }, {
      "d" : "1756459191169476526",
      "t" : 1756459191169,
      "tn" : 1756459191169476526,
      "q" : "3.3",
      "p" : "0.70314",
      "s" : "buy",
      "i" : "ADA_EUR",
      "m" : "4611686018428544390"
    }, {
      "d" : "1756459181086853132",
      "t" : 1756459181086,
      "tn" : 1756459181086853132,
      "q" : "2.4",
      "p" : "0.70227",
      "s" : "buy",
      "i" : "ADA_EUR",
      "m" : "4611686018428544389"
    }, {
      "d" : "1756459077011135976",
      "t" : 1756459077011,
      "tn" : 1756459077011135976,
      "q" : "2.4",
      "p" : "0.70112",
      "s" : "buy",
      "i" : "ADA_EUR",
      "m" : "4611686018428544388"
    }, {
      "d" : "1756459000932898708",
      "t" : 1756459000932,
      "tn" : 1756459000932898708,
      "q" : "2.4",
      "p" : "0.70082",
      "s" : "buy",
      "i" : "ADA_EUR",
      "m" : "4611686018428544387"
    }, {
      "d" : "1756458790109621268",
      "t" : 1756458790109,
      "tn" : 1756458790109621268,
      "q" : "7.3",
      "p" : "0.70100",
      "s" : "buy",
      "i" : "ADA_EUR",
      "m" : "4611686018428544386"
    }, {
      "d" : "1756458788401025559",
      "t" : 1756458788401,
      "tn" : 1756458788401025559,
      "q" : "10.7",
      "p" : "0.70062",
      "s" : "buy",
      "i" : "ADA_EUR",
      "m" : "4611686018428544385"
    }, {
      "d" : "1756458702534720932",
      "t" : 1756458702534,
      "tn" : 1756458702534720932,
      "q" : "26.3",
      "p" : "0.69994",
      "s" : "buy",
      "i" : "ADA_EUR",
      "m" : "4611686018428544384"
    }, {
      "d" : "1756458702007869399",
      "t" : 1756458702007,
      "tn" : 1756458702007869399,
      "q" : "53.4",
      "p" : "0.69994",
      "s" : "buy",
      "i" : "ADA_EUR",
      "m" : "4611686018428544383"
    }, {
      "d" : "1756458674749646754",
      "t" : 1756458674749,
      "tn" : 1756458674749646754,
      "q" : "2.4",
      "p" : "0.69901",
      "s" : "buy",
      "i" : "ADA_EUR",
      "m" : "4611686018428544382"
    }, {
      "d" : "1756458348813077137",
      "t" : 1756458348813,
      "tn" : 1756458348813077137,
      "q" : "2.4",
      "p" : "0.70034",
      "s" : "buy",
      "i" : "ADA_EUR",
      "m" : "4611686018428544381"
    }, {
      "d" : "1756458316582207233",
      "t" : 1756458316582,
      "tn" : 1756458316582207233,
      "q" : "3.7",
      "p" : "0.69992",
      "s" : "buy",
      "i" : "ADA_EUR",
      "m" : "4611686018428544380"
    }, {
      "d" : "1756458297128359416",
      "t" : 1756458297128,
      "tn" : 1756458297128359416,
      "q" : "1.4",
      "p" : "0.69987",
      "s" : "buy",
      "i" : "ADA_EUR",
      "m" : "4611686018428544379"
    }, {
      "d" : "1756458129138248124",
      "t" : 1756458129138,
      "tn" : 1756458129138248124,
      "q" : "54.8",
      "p" : "0.70144",
      "s" : "buy",
      "i" : "ADA_EUR",
      "m" : "4611686018428544378"
    }, {
      "d" : "1756457884571254679",
      "t" : 1756457884571,
      "tn" : 1756457884571254679,
      "q" : "2.4",
      "p" : "0.70137",
      "s" : "buy",
      "i" : "ADA_EUR",
      "m" : "4611686018428544377"
    }, {
      "d" : "1756457737043992867",
      "t" : 1756457737043,
      "tn" : 1756457737043992867,
      "q" : "1.4",
      "p" : "0.70133",
      "s" : "sell",
      "i" : "ADA_EUR",
      "m" : "4611686018428544376"
    }, {
      "d" : "1756457613334864908",
      "t" : 1756457613334,
      "tn" : 1756457613334864908,
      "q" : "2.4",
      "p" : "0.70448",
      "s" : "buy",
      "i" : "ADA_EUR",
      "m" : "4611686018428544375"
    }, {
      "d" : "1756457610036327200",
      "t" : 1756457610036,
      "tn" : 1756457610036327200,
      "q" : "2.4",
      "p" : "0.70431",
      "s" : "buy",
      "i" : "ADA_EUR",
      "m" : "4611686018428544374"
    }, {
      "d" : "1756456811699728323",
      "t" : 1756456811699,
      "tn" : 1756456811699728323,
      "q" : "10.0",
      "p" : "0.70530",
      "s" : "buy",
      "i" : "ADA_EUR",
      "m" : "4611686018428544373"
    }, {
      "d" : "1756456756086449384",
      "t" : 1756456756086,
      "tn" : 1756456756086449384,
      "q" : "35.2",
      "p" : "0.70599",
      "s" : "buy",
      "i" : "ADA_EUR",
      "m" : "4611686018428544372"
    }, {
      "d" : "1756456597628336354",
      "t" : 1756456597628,
      "tn" : 1756456597628336354,
      "q" : "5.9",
      "p" : "0.70539",
      "s" : "buy",
      "i" : "ADA_EUR",
      "m" : "4611686018428544371"
    }, {
      "d" : "1756456596747852741",
      "t" : 1756456596747,
      "tn" : 1756456596747852741,
      "q" : "5.7",
      "p" : "0.70529",
      "s" : "buy",
      "i" : "ADA_EUR",
      "m" : "4611686018428544370"
    }, {
      "d" : "1756456596207587046",
      "t" : 1756456596207,
      "tn" : 1756456596207587046,
      "q" : "11.3",
      "p" : "0.70529",
      "s" : "buy",
      "i" : "ADA_EUR",
      "m" : "4611686018428544369"
    }, {
      "d" : "1756456584566945936",
      "t" : 1756456584566,
      "tn" : 1756456584566945936,
      "q" : "4.9",
      "p" : "0.70491",
      "s" : "buy",
      "i" : "ADA_EUR",
      "m" : "4611686018428544368"
    }, {
      "d" : "1756456584061697014",
      "t" : 1756456584061,
      "tn" : 1756456584061697014,
      "q" : "8.3",
      "p" : "0.70491",
      "s" : "buy",
      "i" : "ADA_EUR",
      "m" : "4611686018428544367"
    }, {
      "d" : "1756456583439139229",
      "t" : 1756456583439,
      "tn" : 1756456583439139229,
      "q" : "14.2",
      "p" : "0.70491",
      "s" : "buy",
      "i" : "ADA_EUR",
      "m" : "4611686018428544366"
    }, {
      "d" : "1756456582845701797",
      "t" : 1756456582845,
      "tn" : 1756456582845701797,
      "q" : "28.1",
      "p" : "0.70491",
      "s" : "buy",
      "i" : "ADA_EUR",
      "m" : "4611686018428544365"
    }, {
      "d" : "1756456582330668817",
      "t" : 1756456582330,
      "tn" : 1756456582330668817,
      "q" : "56.2",
      "p" : "0.70491",
      "s" : "buy",
      "i" : "ADA_EUR",
      "m" : "4611686018428544364"
    }, {
      "d" : "1756456575547246948",
      "t" : 1756456575547,
      "tn" : 1756456575547246948,
      "q" : "2.4",
      "p" : "0.70557",
      "s" : "sell",
      "i" : "ADA_EUR",
      "m" : "4611686018428544363"
    }, {
      "d" : "1756456317375432053",
      "t" : 1756456317375,
      "tn" : 1756456317375432053,
      "q" : "2.4",
      "p" : "0.70540",
      "s" : "buy",
      "i" : "ADA_EUR",
      "m" : "4611686018428544362"
    }, {
      "d" : "1756456315928890311",
      "t" : 1756456315928,
      "tn" : 1756456315928890311,
      "q" : "1.4",
      "p" : "0.70504",
      "s" : "buy",
      "i" : "ADA_EUR",
      "m" : "4611686018428544361"
    }, {
      "d" : "1756456315927259613",
      "t" : 1756456315927,
      "tn" : 1756456315927259613,
      "q" : "1.4",
      "p" : "0.70504",
      "s" : "buy",
      "i" : "ADA_EUR",
      "m" : "4611686018428544360"
    }, {
      "d" : "1756455964913102426",
      "t" : 1756455964913,
      "tn" : 1756455964913102426,
      "q" : "2.4",
      "p" : "0.70579",
      "s" : "buy",
      "i" : "ADA_EUR",
      "m" : "4611686018428544359"
    }, {
      "d" : "1756455895478352010",
      "t" : 1756455895478,
      "tn" : 1756455895478352010,
      "q" : "26.5",
      "p" : "0.70504",
      "s" : "sell",
      "i" : "ADA_EUR",
      "m" : "4611686018428544358"
    }, {
      "d" : "1756455895403159318",
      "t" : 1756455895403,
      "tn" : 1756455895403159318,
      "q" : "2.4",
      "p" : "0.70536",
      "s" : "sell",
      "i" : "ADA_EUR",
      "m" : "4611686018428544357"
    }, {
      "d" : "1756455871585133635",
      "t" : 1756455871585,
      "tn" : 1756455871585133635,
      "q" : "2.4",
      "p" : "0.70641",
      "s" : "sell",
      "i" : "ADA_EUR",
      "m" : "4611686018428544356"
    }, {
      "d" : "1756455707208902173",
      "t" : 1756455707208,
      "tn" : 1756455707208902173,
      "q" : "2.4",
      "p" : "0.70591",
      "s" : "buy",
      "i" : "ADA_EUR",
      "m" : "4611686018428544355"
    }, {
      "d" : "1756455675236492007",
      "t" : 1756455675236,
      "tn" : 1756455675236492007,
      "q" : "2.4",
      "p" : "0.70594",
      "s" : "sell",
      "i" : "ADA_EUR",
      "m" : "4611686018428544354"
    }, {
      "d" : "1756455628479702285",
      "t" : 1756455628479,
      "tn" : 1756455628479702285,
      "q" : "2.4",
      "p" : "0.70679",
      "s" : "sell",
      "i" : "ADA_EUR",
      "m" : "4611686018428544353"
    }, {
      "d" : "1756455482449788172",
      "t" : 1756455482449,
      "tn" : 1756455482449788172,
      "q" : "2.4",
      "p" : "0.70843",
      "s" : "buy",
      "i" : "ADA_EUR",
      "m" : "4611686018428544352"
    }, {
      "d" : "1756455311518213754",
      "t" : 1756455311518,
      "tn" : 1756455311518213754,
      "q" : "27.4",
      "p" : "0.70740",
      "s" : "buy",
      "i" : "ADA_EUR",
      "m" : "4611686018428544351"
    }, {
      "d" : "1756455308356490942",
      "t" : 1756455308356,
      "tn" : 1756455308356490942,
      "q" : "4.9",
      "p" : "0.70740",
      "s" : "buy",
      "i" : "ADA_EUR",
      "m" : "4611686018428544350"
    }, {
      "d" : "1756455305288123795",
      "t" : 1756455305288,
      "tn" : 1756455305288123795,
      "q" : "4.9",
      "p" : "0.70740",
      "s" : "buy",
      "i" : "ADA_EUR",
      "m" : "4611686018428544349"
    }, {
      "d" : "1756455304634528298",
      "t" : 1756455304634,
      "tn" : 1756455304634528298,
      "q" : "1.4",
      "p" : "0.70740",
      "s" : "sell",
      "i" : "ADA_EUR",
      "m" : "4611686018428544348"
    }, {
      "d" : "1756455235477783358",
      "t" : 1756455235477,
      "tn" : 1756455235477783358,
      "q" : "4.9",
      "p" : "0.70757",
      "s" : "buy",
      "i" : "ADA_EUR",
      "m" : "4611686018428544347"
    }, {
      "d" : "1756455235112300519",
      "t" : 1756455235112,
      "tn" : 1756455235112300519,
      "q" : "4.9",
      "p" : "0.70757",
      "s" : "buy",
      "i" : "ADA_EUR",
      "m" : "4611686018428544346"
    }, {
      "d" : "1756455234407737834",
      "t" : 1756455234407,
      "tn" : 1756455234407737834,
      "q" : "6.9",
      "p" : "0.70757",
      "s" : "buy",
      "i" : "ADA_EUR",
      "m" : "4611686018428544345"
    }, {
      "d" : "1756455233703505486",
      "t" : 1756455233703,
      "tn" : 1756455233703505486,
      "q" : "14.1",
      "p" : "0.70757",
      "s" : "buy",
      "i" : "ADA_EUR",
      "m" : "4611686018428544344"
    }, {
      "d" : "1756455233082225314",
      "t" : 1756455233082,
      "tn" : 1756455233082225314,
      "q" : "27.1",
      "p" : "0.70757",
      "s" : "buy",
      "i" : "ADA_EUR",
      "m" : "4611686018428544343"
    }, {
      "d" : "1756455232487929387",
      "t" : 1756455232487,
      "tn" : 1756455232487929387,
      "q" : "53.7",
      "p" : "0.70757",
      "s" : "buy",
      "i" : "ADA_EUR",
      "m" : "4611686018428544342"
    }, {
      "d" : "1756455232037226385",
      "t" : 1756455232037,
      "tn" : 1756455232037226385,
      "q" : "2.4",
      "p" : "0.70757",
      "s" : "sell",
      "i" : "ADA_EUR",
      "m" : "4611686018428544341"
    }, {
      "d" : "1756455065930907210",
      "t" : 1756455065930,
      "tn" : 1756455065930907210,
      "q" : "14.0",
      "p" : "0.70718",
      "s" : "sell",
      "i" : "ADA_EUR",
      "m" : "4611686018428544340"
    }, {
      "d" : "1756455050084428788",
      "t" : 1756455050084,
      "tn" : 1756455050084428788,
      "q" : "14.1",
      "p" : "0.70750",
      "s" : "sell",
      "i" : "ADA_EUR",
      "m" : "4611686018428544339"
    }, {
      "d" : "1756454704225757681",
      "t" : 1756454704225,
      "tn" : 1756454704225757681,
      "q" : "13.9",
      "p" : "0.70942",
      "s" : "buy",
      "i" : "ADA_EUR",
      "m" : "4611686018428544338"
    }, {
      "d" : "1756454703482433897",
      "t" : 1756454703482,
      "tn" : 1756454703482433897,
      "q" : "28.2",
      "p" : "0.70942",
      "s" : "buy",
      "i" : "ADA_EUR",
      "m" : "4611686018428544337"
    }, {
      "d" : "1756454702943396037",
      "t" : 1756454702943,
      "tn" : 1756454702943396037,
      "q" : "55.7",
      "p" : "0.70942",
      "s" : "buy",
      "i" : "ADA_EUR",
      "m" : "4611686018428544336"
    }, {
      "d" : "1756453360397705540",
      "t" : 1756453360397,
      "tn" : 1756453360397705540,
      "q" : "2.4",
      "p" : "0.71165",
      "s" : "sell",
      "i" : "ADA_EUR",
      "m" : "4611686018428544335"
    }, {
      "d" : "1756453295061291211",
      "t" : 1756453295061,
      "tn" : 1756453295061291211,
      "q" : "2.4",
      "p" : "0.71086",
      "s" : "buy",
      "i" : "ADA_EUR",
      "m" : "4611686018428544334"
    }, {
      "d" : "1756452784359552242",
      "t" : 1756452784359,
      "tn" : 1756452784359552242,
      "q" : "795.2",
      "p" : "0.71100",
      "s" : "sell",
      "i" : "ADA_EUR",
      "m" : "4611686018428544333"
    }, {
      "d" : "1756452784359550186",
      "t" : 1756452784359,
      "tn" : 1756452784359550186,
      "q" : "1.4",
      "p" : "0.71185",
      "s" : "sell",
      "i" : "ADA_EUR",
      "m" : "4611686018428544332"
    }, {
      "d" : "1756452784359547733",
      "t" : 1756452784359,
      "tn" : 1756452784359547733,
      "q" : "2.4",
      "p" : "0.71186",
      "s" : "sell",
      "i" : "ADA_EUR",
      "m" : "4611686018428544331"
    }, {
      "d" : "1756452389512995778",
      "t" : 1756452389512,
      "tn" : 1756452389512995778,
      "q" : "2.4",
      "p" : "0.70938",
      "s" : "sell",
      "i" : "ADA_EUR",
      "m" : "4611686018428544330"
    }, {
      "d" : "1756452135532411756",
      "t" : 1756452135532,
      "tn" : 1756452135532411756,
      "q" : "2.4",
      "p" : "0.71215",
      "s" : "sell",
      "i" : "ADA_EUR",
      "m" : "4611686018428544329"
    }, {
      "d" : "1756451892309959145",
      "t" : 1756451892309,
      "tn" : 1756451892309959145,
      "q" : "2.4",
      "p" : "0.71214",
      "s" : "buy",
      "i" : "ADA_EUR",
      "m" : "4611686018428544328"
    }, {
      "d" : "1756451781871874682",
      "t" : 1756451781871,
      "tn" : 1756451781871874682,
      "q" : "2.4",
      "p" : "0.71184",
      "s" : "sell",
      "i" : "ADA_EUR",
      "m" : "4611686018428544327"
    }, {
      "d" : "1756451665654284798",
      "t" : 1756451665654,
      "tn" : 1756451665654284798,
      "q" : "2.4",
      "p" : "0.71134",
      "s" : "sell",
      "i" : "ADA_EUR",
      "m" : "4611686018428544326"
    }, {
      "d" : "1756451659689359881",
      "t" : 1756451659689,
      "tn" : 1756451659689359881,
      "q" : "2.4",
      "p" : "0.71204",
      "s" : "sell",
      "i" : "ADA_EUR",
      "m" : "4611686018428544325"
    }, {
      "d" : "1756451557178310654",
      "t" : 1756451557178,
      "tn" : 1756451557178310654,
      "q" : "2.4",
      "p" : "0.71293",
      "s" : "sell",
      "i" : "ADA_EUR",
      "m" : "4611686018428544324"
    }, {
      "d" : "1756451407965900391",
      "t" : 1756451407965,
      "tn" : 1756451407965900391,
      "q" : "2.4",
      "p" : "0.71453",
      "s" : "buy",
      "i" : "ADA_EUR",
      "m" : "4611686018428544323"
    }, {
      "d" : "1756451407765275889",
      "t" : 1756451407765,
      "tn" : 1756451407765275889,
      "q" : "2.4",
      "p" : "0.71452",
      "s" : "buy",
      "i" : "ADA_EUR",
      "m" : "4611686018428544322"
    }, {
      "d" : "1756451045215528963",
      "t" : 1756451045215,
      "tn" : 1756451045215528963,
      "q" : "1.4",
      "p" : "0.71654",
      "s" : "buy",
      "i" : "ADA_EUR",
      "m" : "4611686018428544321"
    }, {
      "d" : "1756451013759445207",
      "t" : 1756451013759,
      "tn" : 1756451013759445207,
      "q" : "1.4",
      "p" : "0.71541",
      "s" : "buy",
      "i" : "ADA_EUR",
      "m" : "4611686018428544320"
    }, {
      "d" : "1756450995253125464",
      "t" : 1756450995253,
      "tn" : 1756450995253125464,
      "q" : "2.4",
      "p" : "0.71421",
      "s" : "buy",
      "i" : "ADA_EUR",
      "m" : "4611686018428544319"
    }, {
      "d" : "1756450946810318310",
      "t" : 1756450946810,
      "tn" : 1756450946810318310,
      "q" : "2.4",
      "p" : "0.71647",
      "s" : "sell",
      "i" : "ADA_EUR",
      "m" : "4611686018428544318"
    }, {
      "d" : "1756450946213327891",
      "t" : 1756450946213,
      "tn" : 1756450946213327891,
      "q" : "2.4",
      "p" : "0.71688",
      "s" : "sell",
      "i" : "ADA_EUR",
      "m" : "4611686018428544317"
    }, {
      "d" : "1756450900601114339",
      "t" : 1756450900601,
      "tn" : 1756450900601114339,
      "q" : "13.8",
      "p" : "0.71548",
      "s" : "sell",
      "i" : "ADA_EUR",
      "m" : "4611686018428544316"
    }, {
      "d" : "1756450900601112833",
      "t" : 1756450900601,
      "tn" : 1756450900601112833,
      "q" : "1.4",
      "p" : "0.71592",
      "s" : "sell",
      "i" : "ADA_EUR",
      "m" : "4611686018428544315"
    }, {
      "d" : "1756450899071118033",
      "t" : 1756450899071,
      "tn" : 1756450899071118033,
      "q" : "2.4",
      "p" : "0.71747",
      "s" : "sell",
      "i" : "ADA_EUR",
      "m" : "4611686018428544314"
    }, {
      "d" : "1756450893048274808",
      "t" : 1756450893048,
      "tn" : 1756450893048274808,
      "q" : "2.4",
      "p" : "0.71900",
      "s" : "sell",
      "i" : "ADA_EUR",
      "m" : "4611686018428544313"
    }, {
      "d" : "1756450286664824136",
      "t" : 1756450286664,
      "tn" : 1756450286664824136,
      "q" : "5.1",
      "p" : "0.71947",
      "s" : "sell",
      "i" : "ADA_EUR",
      "m" : "4611686018428544312"
    }, {
      "d" : "1756450284088273815",
      "t" : 1756450284088,
      "tn" : 1756450284088273815,
      "q" : "2.4",
      "p" : "0.71960",
      "s" : "sell",
      "i" : "ADA_EUR",
      "m" : "4611686018428544311"
    }, {
      "d" : "1756450254636813379",
      "t" : 1756450254636,
      "tn" : 1756450254636813378,
      "q" : "1.4",
      "p" : "0.72011",
      "s" : "sell",
      "i" : "ADA_EUR",
      "m" : "4611686018428544310"
    }, {
      "d" : "1756450254636813378",
      "t" : 1756450254636,
      "tn" : 1756450254636813378,
      "q" : "6.7",
      "p" : "0.72011",
      "s" : "sell",
      "i" : "ADA_EUR",
      "m" : "4611686018428544310"
    }, {
      "d" : "1756450246191654351",
      "t" : 1756450246191,
      "tn" : 1756450246191654351,
      "q" : "14.9",
      "p" : "0.72081",
      "s" : "sell",
      "i" : "ADA_EUR",
      "m" : "4611686018428544309"
    }, {
      "d" : "1756450245888241528",
      "t" : 1756450245888,
      "tn" : 1756450245888241528,
      "q" : "53.1",
      "p" : "0.72081",
      "s" : "sell",
      "i" : "ADA_EUR",
      "m" : "4611686018428544308"
    }, {
      "d" : "1756450245617587098",
      "t" : 1756450245617,
      "tn" : 1756450245617587098,
      "q" : "84.9",
      "p" : "0.72081",
      "s" : "sell",
      "i" : "ADA_EUR",
      "m" : "4611686018428544307"
    }, {
      "d" : "1756450245415330650",
      "t" : 1756450245415,
      "tn" : 1756450245415330650,
      "q" : "82.5",
      "p" : "0.72081",
      "s" : "sell",
      "i" : "ADA_EUR",
      "m" : "4611686018428544306"
    }, {
      "d" : "1756450245415329154",
      "t" : 1756450245415,
      "tn" : 1756450245415329154,
      "q" : "2.4",
      "p" : "0.72095",
      "s" : "sell",
      "i" : "ADA_EUR",
      "m" : "4611686018428544305"
    }, {
      "d" : "1756449830018785911",
      "t" : 1756449830018,
      "tn" : 1756449830018785911,
      "q" : "2.4",
      "p" : "0.72081",
      "s" : "buy",
      "i" : "ADA_EUR",
      "m" : "4611686018428544304"
    }, {
      "d" : "1756449774369216835",
      "t" : 1756449774369,
      "tn" : 1756449774369216835,
      "q" : "2.4",
      "p" : "0.72070",
      "s" : "buy",
      "i" : "ADA_EUR",
      "m" : "4611686018428544303"
    }, {
      "d" : "1756449757113798985",
      "t" : 1756449757113,
      "tn" : 1756449757113798985,
      "q" : "1.9",
      "p" : "0.71945",
      "s" : "buy",
      "i" : "ADA_EUR",
      "m" : "4611686018428544302"
    }, {
      "d" : "1756449756933257645",
      "t" : 1756449756933,
      "tn" : 1756449756933257645,
      "q" : "1.5",
      "p" : "0.71945",
      "s" : "buy",
      "i" : "ADA_EUR",
      "m" : "4611686018428544301"
    }, {
      "d" : "1756449755894361500",
      "t" : 1756449755894,
      "tn" : 1756449755894361500,
      "q" : "178.8",
      "p" : "0.71945",
      "s" : "buy",
      "i" : "ADA_EUR",
      "m" : "4611686018428544300"
    }, {
      "d" : "1756449755747451001",
      "t" : 1756449755747,
      "tn" : 1756449755747451001,
      "q" : "53.7",
      "p" : "0.71945",
      "s" : "buy",
      "i" : "ADA_EUR",
      "m" : "4611686018428544299"
    }, {
      "d" : "1756449702664386628",
      "t" : 1756449702664,
      "tn" : 1756449702664386628,
      "q" : "2.4",
      "p" : "0.71945",
      "s" : "sell",
      "i" : "ADA_EUR",
      "m" : "4611686018428544298"
    }, {
      "d" : "1756449602617569420",
      "t" : 1756449602617,
      "tn" : 1756449602617569420,
      "q" : "14.4",
      "p" : "0.71662",
      "s" : "sell",
      "i" : "ADA_EUR",
      "m" : "4611686018428544297"
    }, {
      "d" : "1756449497576743282",
      "t" : 1756449497576,
      "tn" : 1756449497576743282,
      "q" : "2.5",
      "p" : "0.71986",
      "s" : "sell",
      "i" : "ADA_EUR",
      "m" : "4611686018428544296"
    }, {
      "d" : "1756448615883644281",
      "t" : 1756448615883,
      "tn" : 1756448615883644281,
      "q" : "106.0",
      "p" : "0.71976",
      "s" : "buy",
      "i" : "ADA_EUR",
      "m" : "4611686018428544295"
    }, {
      "d" : "1756448265290577612",
      "t" : 1756448265290,
      "tn" : 1756448265290577612,
      "q" : "13.8",
      "p" : "0.72018",
      "s" : "sell",
      "i" : "ADA_EUR",
      "m" : "4611686018428544294"
    }, {
      "d" : "1756448071346733229",
      "t" : 1756448071346,
      "tn" : 1756448071346733229,
      "q" : "2.4",
      "p" : "0.72277",
      "s" : "sell",
      "i" : "ADA_EUR",
      "m" : "4611686018428544293"
    }, {
      "d" : "1756447585317907694",
      "t" : 1756447585317,
      "tn" : 1756447585317907694,
      "q" : "2.4",
      "p" : "0.72293",
      "s" : "sell",
      "i" : "ADA_EUR",
      "m" : "4611686018428544292"
    }, {
      "d" : "1756447406570759064",
      "t" : 1756447406570,
      "tn" : 1756447406570759064,
      "q" : "70.5",
      "p" : "0.72370",
      "s" : "buy",
      "i" : "ADA_EUR",
      "m" : "4611686018428544291"
    }, {
      "d" : "1756447406570757384",
      "t" : 1756447406570,
      "tn" : 1756447406570757384,
      "q" : "229.5",
      "p" : "0.72369",
      "s" : "buy",
      "i" : "ADA_EUR",
      "m" : "4611686018428544290"
    }, {
      "d" : "1756444367979311927",
      "t" : 1756444367979,
      "tn" : 1756444367979311927,
      "q" : "1.4",
      "p" : "0.72589",
      "s" : "buy",
      "i" : "ADA_EUR",
      "m" : "4611686018428544289"
    }, {
      "d" : "1756444286006522071",
      "t" : 1756444286006,
      "tn" : 1756444286006522071,
      "q" : "2.4",
      "p" : "0.72589",
      "s" : "sell",
      "i" : "ADA_EUR",
      "m" : "4611686018428544288"
    }, {
      "d" : "1756443942696263174",
      "t" : 1756443942696,
      "tn" : 1756443942696263174,
      "q" : "236.3",
      "p" : "0.72530",
      "s" : "buy",
      "i" : "ADA_EUR",
      "m" : "4611686018428544287"
    }, {
      "d" : "1756443486753276173",
      "t" : 1756443486753,
      "tn" : 1756443486753276173,
      "q" : "1.0",
      "p" : "0.72600",
      "s" : "buy",
      "i" : "ADA_EUR",
      "m" : "4611686018428544286"
    }, {
      "d" : "1756443486395422588",
      "t" : 1756443486395,
      "tn" : 1756443486395422588,
      "q" : "1.4",
      "p" : "0.72600",
      "s" : "buy",
      "i" : "ADA_EUR",
      "m" : "4611686018428544285"
    }, {
      "d" : "1756443486395420653",
      "t" : 1756443486395,
      "tn" : 1756443486395420653,
      "q" : "2.4",
      "p" : "0.72599",
      "s" : "buy",
      "i" : "ADA_EUR",
      "m" : "4611686018428544284"
    }, {
      "d" : "1756442785382028311",
      "t" : 1756442785382,
      "tn" : 1756442785382028311,
      "q" : "2.4",
      "p" : "0.73008",
      "s" : "buy",
      "i" : "ADA_EUR",
      "m" : "4611686018428544283"
    }, {
      "d" : "1756442547919053824",
      "t" : 1756442547919,
      "tn" : 1756442547919053824,
      "q" : "2.4",
      "p" : "0.73039",
      "s" : "buy",
      "i" : "ADA_EUR",
      "m" : "4611686018428544282"
    }, {
      "d" : "1756440392296394167",
      "t" : 1756440392296,
      "tn" : 1756440392296394167,
      "q" : "65.4",
      "p" : "0.73135",
      "s" : "sell",
      "i" : "ADA_EUR",
      "m" : "4611686018428544281"
    }, {
      "d" : "1756440381794200919",
      "t" : 1756440381794,
      "tn" : 1756440381794200919,
      "q" : "4.7",
      "p" : "0.73135",
      "s" : "sell",
      "i" : "ADA_EUR",
      "m" : "4611686018428544280"
    }, {
      "d" : "1756440375204491230",
      "t" : 1756440375204,
      "tn" : 1756440375204491230,
      "q" : "4.7",
      "p" : "0.73135",
      "s" : "sell",
      "i" : "ADA_EUR",
      "m" : "4611686018428544279"
    }, {
      "d" : "1756440373570395255",
      "t" : 1756440373570,
      "tn" : 1756440373570395255,
      "q" : "4.7",
      "p" : "0.73135",
      "s" : "sell",
      "i" : "ADA_EUR",
      "m" : "4611686018428544278"
    }, {
      "d" : "1756440372969532953",
      "t" : 1756440372969,
      "tn" : 1756440372969532953,
      "q" : "4.7",
      "p" : "0.73135",
      "s" : "sell",
      "i" : "ADA_EUR",
      "m" : "4611686018428544277"
    }, {
      "d" : "1756440372092775134",
      "t" : 1756440372092,
      "tn" : 1756440372092775134,
      "q" : "6.5",
      "p" : "0.73135",
      "s" : "sell",
      "i" : "ADA_EUR",
      "m" : "4611686018428544276"
    }, {
      "d" : "1756440371504329124",
      "t" : 1756440371504,
      "tn" : 1756440371504329124,
      "q" : "12.1",
      "p" : "0.73135",
      "s" : "sell",
      "i" : "ADA_EUR",
      "m" : "4611686018428544275"
    }, {
      "d" : "1756440370769271632",
      "t" : 1756440370769,
      "tn" : 1756440370769271632,
      "q" : "23.9",
      "p" : "0.73135",
      "s" : "sell",
      "i" : "ADA_EUR",
      "m" : "4611686018428544274"
    }, {
      "d" : "1756440360898938562",
      "t" : 1756440360898,
      "tn" : 1756440360898938562,
      "q" : "1.2",
      "p" : "0.73196",
      "s" : "sell",
      "i" : "ADA_EUR",
      "m" : "4611686018428544273"
    }, {
      "d" : "1756440360387350835",
      "t" : 1756440360387,
      "tn" : 1756440360387350835,
      "q" : "1.2",
      "p" : "0.73196",
      "s" : "sell",
      "i" : "ADA_EUR",
      "m" : "4611686018428544272"
    }, {
      "d" : "1756440360387348171",
      "t" : 1756440360387,
      "tn" : 1756440360387348171,
      "q" : "2.4",
      "p" : "0.73197",
      "s" : "sell",
      "i" : "ADA_EUR",
      "m" : "4611686018428544271"
    }, {
      "d" : "1756440285024173191",
      "t" : 1756440285024,
      "tn" : 1756440285024173191,
      "q" : "7.1",
      "p" : "0.73135",
      "s" : "sell",
      "i" : "ADA_EUR",
      "m" : "4611686018428544270"
    }, {
      "d" : "1756440284239956031",
      "t" : 1756440284239,
      "tn" : 1756440284239956031,
      "q" : "14.4",
      "p" : "0.73135",
      "s" : "sell",
      "i" : "ADA_EUR",
      "m" : "4611686018428544269"
    }, {
      "d" : "1756440283645416146",
      "t" : 1756440283645,
      "tn" : 1756440283645416146,
      "q" : "28.1",
      "p" : "0.73135",
      "s" : "sell",
      "i" : "ADA_EUR",
      "m" : "4611686018428544268"
    }, {
      "d" : "1756440283173449474",
      "t" : 1756440283173,
      "tn" : 1756440283173449474,
      "q" : "56.7",
      "p" : "0.73135",
      "s" : "sell",
      "i" : "ADA_EUR",
      "m" : "4611686018428544267"
    }, {
      "d" : "1756440282732399746",
      "t" : 1756440282732,
      "tn" : 1756440282732399746,
      "q" : "1.4",
      "p" : "0.73127",
      "s" : "buy",
      "i" : "ADA_EUR",
      "m" : "4611686018428544266"
    }, {
      "d" : "1756440077511261271",
      "t" : 1756440077511,
      "tn" : 1756440077511261271,
      "q" : "2.4",
      "p" : "0.73246",
      "s" : "buy",
      "i" : "ADA_EUR",
      "m" : "4611686018428544265"
    }, {
      "d" : "1756440062184135428",
      "t" : 1756440062184,
      "tn" : 1756440062184135428,
      "q" : "2.4",
      "p" : "0.73160",
      "s" : "buy",
      "i" : "ADA_EUR",
      "m" : "4611686018428544264"
    }, {
      "d" : "1756439604581152985",
      "t" : 1756439604581,
      "tn" : 1756439604581152985,
      "q" : "13.7",
      "p" : "0.73287",
      "s" : "buy",
      "i" : "ADA_EUR",
      "m" : "4611686018428544263"
    }, {
      "d" : "1756438716055715127",
      "t" : 1756438716055,
      "tn" : 1756438716055715127,
      "q" : "2.4",
      "p" : "0.73182",
      "s" : "buy",
      "i" : "ADA_EUR",
      "m" : "4611686018428544262"
    }, {
      "d" : "1756438715477200058",
      "t" : 1756438715477,
      "tn" : 1756438715477200058,
      "q" : "233.5",
      "p" : "0.73166",
      "s" : "buy",
      "i" : "ADA_EUR",
      "m" : "4611686018428544261"
    }, {
      "d" : "1756438715281813667",
      "t" : 1756438715281,
      "tn" : 1756438715281813667,
      "q" : "2.4",
      "p" : "0.73165",
      "s" : "buy",
      "i" : "ADA_EUR",
      "m" : "4611686018428544260"
    }, {
      "d" : "1756438680340813429",
      "t" : 1756438680340,
      "tn" : 1756438680340813429,
      "q" : "2.4",
      "p" : "0.73098",
      "s" : "buy",
      "i" : "ADA_EUR",
      "m" : "4611686018428544259"
    } ]
  }
}