{
  "id" : -1,
  "method" : "public/get-trades",
  "code" : 0,
  "result" : {
    "data" : [ {
      "d" : "1756460020619103966",
      "t" : 1756460020619,
      "tn" : 1756460020619103966,
      "q" : "77.5",
      "p" : "0.82003",
      "s" : "sell",
      "i" : "ADA_USD",
      "m" : "4611686018444569829"
    }, {
      "d" : "1756460020619102478",
      "t" : 1756460020619,
      "tn" : 1756460020619102478,
      "q" : "44.4",
      "p" : "0.82005",
      "s" : "sell",
      "i" : "ADA_USD",
      "m" : "4611686018444569828"
    }, {
      "d" : "1756460018818502987",
      "t" : 1756460018818,
      "tn" : 1756460018818502987,
      "q" : "119.5",
      "p" : "0.82004",
      "s" : "buy",
      "i" : "ADA_USD",
      "m" : "4611686018444569827"
    }, {
      "d" : "1756460018818501355",
      "t" : 1756460018818,
      "tn" : 1756460018818501355,
      "q" : "2.4",
      "p" : "0.81993",
      "s" : "buy",
      "i" : "ADA_USD",
      "m" : "4611686018444569826"
    }, {
      "d" : "1756460014061661972",
      "t" : 1756460014061,
      "tn" : 1756460014061661972,
      "q" : "1.4",
      "p" : "0.81987",
      "s" : "sell",
      "i" : "ADA_USD",
      "m" : "4611686018444569825"
    }, {
      "d" : "1756460012289817588",
      "t" : 1756460012289,
      "tn" : 1756460012289817588,
      "q" : "120.6",
      "p" : "0.82002",
      "s" : "sell",
      "i" : "ADA_USD",
      "m" : "4611686018444569824"
    }, {
      "d" : "1756460012289815383",
      "t" : 1756460012289,
      "tn" : 1756460012289815383,
      "q" : "1.4",
      "p" : "0.82017",
      "s" : "sell",
      "i" : "ADA_USD",
      "m" : "4611686018444569823"
    }, {
      "d" : "1756460011431902625",
      "t" : 1756460011431,
      "tn" : 1756460011431902625,
      "q" : "1.4",
      "p" : "0.82027",
      "s" : "sell",
      "i" : "ADA_USD",
      "m" : "4611686018444569822"
    }, {
      "d" : "1756460010191239716",
      "t" : 1756460010191,
      "tn" : 1756460010191239716,
      "q" : "1.1",
      "p" : "0.82029",
      "s" : "sell",
      "i" : "ADA_USD",
      "m" : "4611686018444569821"
    }, {
      "d" : "1756460010191238272",
      "t" : 1756460010191,
      "tn" : 1756460010191238272,
      "q" : "38.9",
      "p" : "0.82031",
      "s" : "sell",
      "i" : "ADA_USD",
      "m" : "4611686018444569820"
    }, {
      "d" : "1756460010189243333",
      "t" : 1756460010189,
      "tn" : 1756460010189243333,
      "q" : "82.1",
      "p" : "0.82029",
      "s" : "sell",
      "i" : "ADA_USD",
      "m" : "4611686018444569819"
    }, {
      "d" : "1756460010189241703",
      "t" : 1756460010189,
      "tn" : 1756460010189241703,
      "q" : "38.9",
      "p" : "0.82031",
      "s" : "sell",
      "i" : "ADA_USD",
      "m" : "4611686018444569818"
    }, {
      "d" : "1756460010188419279",
      "t" : 1756460010188,
      "tn" : 1756460010188419279,
      "q" : "1.4",
      "p" : "0.82044",
      "s" : "sell",
      "i" : "ADA_USD",
      "m" : "4611686018444569817"
    }, {
      "d" : "1756460009150987949",
      "t" : 1756460009150,
      "tn" : 1756460009150987949,
      "q" : "9.6",
      "p" : "0.82033",
      "s" : "sell",
      "i" : "ADA_USD",
      "m" : "4611686018444569816"
    }, {
      "d" : "1756460009150986129",
      "t" : 1756460009150,
      "tn" : 1756460009150986129,
      "q" : "1.4",
      "p" : "0.82046",
      "s" : "sell",
      "i" : "ADA_USD",
      "m" : "4611686018444569815"
    }, {
      "d" : "1756460003435498498",
      "t" : 1756460003435,
      "tn" : 1756460003435498497,
      "q" : "9.5",
      "p" : "0.82055",
      "s" : "buy",
      "i" : "ADA_USD",
      "m" : "4611686018444569814"
    }, {
      "d" : "1756460003435498497",
      "t" : 1756460003435,
      "tn" : 1756460003435498497,
      "q" : "2.4",
      "p" : "0.82055",
      "s" : "buy",
      "i" : "ADA_USD",
      "m" : "4611686018444569814"
    }, {
      "d" : "1756459995191657731",
      "t" : 1756459995191,
      "tn" : 1756459995191657731,
      "q" : "2.6",
      "p" : "0.82033",
      "s" : "sell",
      "i" : "ADA_USD",
      "m" : "4611686018444569813"
    }, {
      "d" : "1756459995191656760",
      "t" : 1756459995191,
      "tn" : 1756459995191656760,
      "q" : "36.0",
      "p" : "0.82035",
      "s" : "sell",
      "i" : "ADA_USD",
      "m" : "4611686018444569812"
    }, {
      "d" : "1756459995191655667",
      "t" : 1756459995191,
      "tn" : 1756459995191655667,
      "q" : "1.4",
      "p" : "0.82047",
      "s" : "sell",
      "i" : "ADA_USD",
      "m" : "4611686018444569811"
    }, {
      "d" : "1756459994625669059",
      "t" : 1756459994625,
      "tn" : 1756459994625669059,
      "q" : "11.0",
      "p" : "0.82051",
      "s" : "buy",
      "i" : "ADA_USD",
      "m" : "4611686018444569810"
    }, {
      "d" : "1756459994154438313",
      "t" : 1756459994154,
      "tn" : 1756459994154438313,
      "q" : "1.4",
      "p" : "0.82057",
      "s" : "sell",
      "i" : "ADA_USD",
      "m" : "4611686018444569809"
    }, {
      "d" : "1756459994107744044",
      "t" : 1756459994107,
      "tn" : 1756459994107744044,
      "q" : "83.9",
      "p" : "0.82051",
      "s" : "sell",
      "i" : "ADA_USD",
      "m" : "4611686018444569808"
    }, {
      "d" : "1756459994107742043",
      "t" : 1756459994107,
      "tn" : 1756459994107742043,
      "q" : "37.1",
      "p" : "0.82052",
      "s" : "sell",
      "i" : "ADA_USD",
      "m" : "4611686018444569807"
    }, {
      "d" : "1756459992574162089",
      "t" : 1756459992574,
      "tn" : 1756459992574162089,
      "q" : "11.0",
      "p" : "0.82057",
      "s" : "sell",
      "i" : "ADA_USD",
      "m" : "4611686018444569806"
    }, {
      "d" : "1756459987866515840",
      "t" : 1756459987866,
      "tn" : 1756459987866515840,
      "q" : "8.6",
      "p" : "0.82080",
      "s" : "buy",
      "i" : "ADA_USD",
      "m" : "4611686018444569805"
    }, {
      "d" : "1756459987866513925",
      "t" : 1756459987866,
      "tn" : 1756459987866513925,
      "q" : "2.4",
      "p" : "0.82068",
      "s" : "buy",
      "i" : "ADA_USD",
      "m" : "4611686018444569804"
    }, {
      "d" : "1756459984322947008",
      "t" : 1756459984322,
      "tn" : 1756459984322947008,
      "q" : "365.0",
      "p" : "0.82051",
      "s" : "sell",
      "i" : "ADA_USD",
      "m" : "4611686018444569803"
    }, {
      "d" : "1756459982516218582",
      "t" : 1756459982516,
      "tn" : 1756459982516218582,
      "q" : "2.4",
      "p" : "0.82043",
      "s" : "buy",
      "i" : "ADA_USD",
      "m" : "4611686018444569802"
    }, {
      "d" : "1756459980186790422",
      "t" : 1756459980186,
      "tn" : 1756459980186790422,
      "q" : "7.1",
      "p" : "0.82043",
      "s" : "buy",
      "i" : "ADA_USD",
      "m" : "4611686018444569801"
    }, {
      "d" : "1756459980186789869",
      "t" : 1756459980186,
      "tn" : 1756459980186789869,
      "q" : "2.4",
      "p" : "0.82042",
      "s" : "buy",
      "i" : "ADA_USD",
      "m" : "4611686018444569800"
    }, {
      "d" : "1756459980186786441",
      "t" : 1756459980186,
      "tn" : 1756459980186786441,
      "q" : "2.4",
      "p" : "0.82031",
      "s" : "buy",
      "i" : "ADA_USD",
      "m" : "4611686018444569799"
    }, {
      "d" : "1756459976166120870",
      "t" : 1756459976166,
      "tn" : 1756459976166120870,
      "q" : "8.8",
      "p" : "0.82008",
      "s" : "buy",
      "i" : "ADA_USD",
      "m" : "4611686018444569798"
    }, {
      "d" : "1756459976166118760",
      "t" : 1756459976166,
      "tn" : 1756459976166118760,
      "q" : "2.4",
      "p" : "0.82007",
      "s" : "buy",
      "i" : "ADA_USD",
      "m" : "4611686018444569797"
    }, {
      "d" : "1756459973998658927",
      "t" : 1756459973998,
      "tn" : 1756459973998658927,
      "q" : "83.4",
      "p" : "0.81990",
      "s" : "sell",
      "i" : "ADA_USD",
      "m" : "4611686018444569796"
    }, {
      "d" : "1756459973998656822",
      "t" : 1756459973998,
      "tn" : 1756459973998656822,
      "q" : "38.6",
      "p" : "0.82004",
      "s" : "sell",
      "i" : "ADA_USD",
      "m" : "4611686018444569795"
    }, {
      "d" : "1756459972482595335",
      "t" : 1756459972482,
      "tn" : 1756459972482595335,
      "q" : "83.9",
      "p" : "0.82017",
      "s" : "sell",
      "i" : "ADA_USD",
      "m" : "4611686018444569794"
    }, {
      "d" : "1756459972482593628",
      "t" : 1756459972482,
      "tn" : 1756459972482593628,
      "q" : "39.9",
      "p" : "0.82018",
      "s" : "sell",
      "i" : "ADA_USD",
      "m" : "4611686018444569793"
    }, {
      "d" : "1756459971663734541",
      "t" : 1756459971663,
      "tn" : 1756459971663734541,
      "q" : "39.9",
      "p" : "0.82031",
      "s" : "sell",
      "i" : "ADA_USD",
      "m" : "4611686018444569792"
    }, {
      "d" : "1756459968505041964",
      "t" : 1756459968505,
      "tn" : 1756459968505041964,
      "q" : "79.6",
      "p" : "0.82050",
      "s" : "sell",
      "i" : "ADA_USD",
      "m" : "4611686018444569791"
    }, {
      "d" : "1756459968505040287",
      "t" : 1756459968505,
      "tn" : 1756459968505040287,
      "q" : "41.3",
      "p" : "0.82051",
      "s" : "sell",
      "i" : "ADA_USD",
      "m" : "4611686018444569790"
    }, {
      "d" : "1756459966839797108",
      "t" : 1756459966839,
      "tn" : 1756459966839797108,
      "q" : "8.6",
      "p" : "0.82065",
      "s" : "buy",
      "i" : "ADA_USD",
      "m" : "4611686018444569789"
    }, {
      "d" : "1756459966839795415",
      "t" : 1756459966839,
      "tn" : 1756459966839795415,
      "q" : "2.4",
      "p" : "0.82047",
      "s" : "buy",
      "i" : "ADA_USD",
      "m" : "4611686018444569788"
    }, {
      "d" : "1756459964454349594",
      "t" : 1756459964454,
      "tn" : 1756459964454349594,
      "q" : "11.0",
      "p" : "0.82025",
      "s" : "sell",
      "i" : "ADA_USD",
      "m" : "4611686018444569787"
    }, {
      "d" : "1756459962885383644",
      "t" : 1756459962885,
      "tn" : 1756459962885383644,
      "q" : "40.1",
      "p" : "0.82063",
      "s" : "buy",
      "i" : "ADA_USD",
      "m" : "4611686018444569786"
    }, {
      "d" : "1756459962853686177",
      "t" : 1756459962853,
      "tn" : 1756459962853686177,
      "q" : "118.5",
      "p" : "0.82065",
      "s" : "buy",
      "i" : "ADA_USD",
      "m" : "4611686018444569785"
    }, {
      "d" : "1756459962853684555",
      "t" : 1756459962853,
      "tn" : 1756459962853684555,
      "q" : "2.4",
      "p" : "0.82033",
      "s" : "buy",
      "i" : "ADA_USD",
      "m" : "4611686018444569784"
    }, {
      "d" : "1756459962848389996",
      "t" : 1756459962848,
      "tn" : 1756459962848389996,
      "q" : "2.4",
      "p" : "0.82032",
      "s" : "buy",
      "i" : "ADA_USD",
      "m" : "4611686018444569783"
    }, {
      "d" : "1756459955208424583",
      "t" : 1756459955208,
      "tn" : 1756459955208424583,
      "q" : "37.5",
      "p" : "0.82030",
      "s" : "buy",
      "i" : "ADA_USD",
      "m" : "4611686018444569782"
    }, {
      "d" : "1756459955208422909",
      "t" : 1756459955208,
      "tn" : 1756459955208422909,
      "q" : "2.4",
      "p" : "0.82016",
      "s" : "buy",
      "i" : "ADA_USD",
      "m" : "4611686018444569781"
    }, {
      "d" : "1756459955179846151",
      "t" : 1756459955179,
      "tn" : 1756459955179846151,
      "q" : "1.4",
      "p" : "0.82008",
      "s" : "buy",
      "i" : "ADA_USD",
      "m" : "4611686018444569780"
    }, {
      "d" : "1756459954356828468",
      "t" : 1756459954356,
      "tn" : 1756459954356828468,
      "q" : "2.4",
      "p" : "0.81987",
      "s" : "buy",
      "i" : "ADA_USD",
      "m" : "4611686018444569779"
    }, {
      "d" : "1756459952292212033",
      "t" : 1756459952292,
      "tn" : 1756459952292212033,
      "q" : "1.0",
      "p" : "0.82001",
      "s" : "buy",
      "i" : "ADA_USD",
      "m" : "4611686018444569778"
    }, {
      "d" : "1756459952292210354",
      "t" : 1756459952292,
      "tn" : 1756459952292210354,
      "q" : "1.4",
      "p" : "0.81988",
      "s" : "buy",
      "i" : "ADA_USD",
      "m" : "4611686018444569777"
    }, {
      "d" : "1756459951426488855",
      "t" : 1756459951426,
      "tn" : 1756459951426488855,
      "q" : "1.4",
      "p" : "0.81978",
      "s" : "buy",
      "i" : "ADA_USD",
      "m" : "4611686018444569776"
    }, {
      "d" : "1756459951252141467",
      "t" : 1756459951252,
      "tn" : 1756459951252141467,
      "q" : "2.4",
      "p" : "0.81977",
      "s" : "buy",
      "i" : "ADA_USD",
      "m" : "4611686018444569775"
    }, {
      "d" : "1756459951029559714",
      "t" : 1756459951029,
      "tn" : 1756459951029559714,
      "q" : "11.0",
      "p" : "0.81976",
      "s" : "sell",
      "i" : "ADA_USD",
      "m" : "4611686018444569774"
    }, {
      "d" : "1756459948180202954",
      "t" : 1756459948180,
      "tn" : 1756459948180202954,
      "q" : "39.9",
      "p" : "0.81958",
      "s" : "sell",
      "i" : "ADA_USD",
      "m" : "4611686018444569773"
    }, {
      "d" : "1756459948131720067",
      "t" : 1756459948131,
      "tn" : 1756459948131720067,
      "q" : "379.6",
      "p" : "0.81976",
      "s" : "sell",
      "i" : "ADA_USD",
      "m" : "4611686018444569772"
    }, {
      "d" : "1756459948131717974",
      "t" : 1756459948131,
      "tn" : 1756459948131717974,
      "q" : "0.1",
      "p" : "0.81987",
      "s" : "sell",
      "i" : "ADA_USD",
      "m" : "4611686018444569771"
    }, {
      "d" : "1756459948131618889",
      "t" : 1756459948131,
      "tn" : 1756459948131618889,
      "q" : "43.8",
      "p" : "0.81987",
      "s" : "sell",
      "i" : "ADA_USD",
      "m" : "4611686018444569770"
    }, {
      "d" : "1756459944907986416",
      "t" : 1756459944907,
      "tn" : 1756459944907986416,
      "q" : "116.0",
      "p" : "0.82001",
      "s" : "sell",
      "i" : "ADA_USD",
      "m" : "4611686018444569769"
    }, {
      "d" : "1756459944907984084",
      "t" : 1756459944907,
      "tn" : 1756459944907984084,
      "q" : "6.0",
      "p" : "0.82003",
      "s" : "sell",
      "i" : "ADA_USD",
      "m" : "4611686018444569768"
    }, {
      "d" : "1756459943421431400",
      "t" : 1756459943421,
      "tn" : 1756459943421431400,
      "q" : "11.0",
      "p" : "0.82017",
      "s" : "buy",
      "i" : "ADA_USD",
      "m" : "4611686018444569767"
    }, {
      "d" : "1756459942654234054",
      "t" : 1756459942654,
      "tn" : 1756459942654234054,
      "q" : "11.1",
      "p" : "0.82011",
      "s" : "sell",
      "i" : "ADA_USD",
      "m" : "4611686018444569766"
    }, {
      "d" : "1756459940569165874",
      "t" : 1756459940569,
      "tn" : 1756459940569165874,
      "q" : "122.0",
      "p" : "0.82017",
      "s" : "sell",
      "i" : "ADA_USD",
      "m" : "4611686018444569765"
    }, {
      "d" : "1756459940567597459",
      "t" : 1756459940567,
      "tn" : 1756459940567597459,
      "q" : "10.8",
      "p" : "0.82028",
      "s" : "sell",
      "i" : "ADA_USD",
      "m" : "4611686018444569764"
    }, {
      "d" : "1756459940566328664",
      "t" : 1756459940566,
      "tn" : 1756459940566328664,
      "q" : "43.9",
      "p" : "0.82028",
      "s" : "sell",
      "i" : "ADA_USD",
      "m" : "4611686018444569763"
    }, {
      "d" : "1756459940565510036",
      "t" : 1756459940565,
      "tn" : 1756459940565510036,
      "q" : "43.9",
      "p" : "0.82028",
      "s" : "sell",
      "i" : "ADA_USD",
      "m" : "4611686018444569762"
    }, {
      "d" : "1756459940332057221",
      "t" : 1756459940332,
      "tn" : 1756459940332057221,
      "q" : "43.9",
      "p" : "0.82029",
      "s" : "sell",
      "i" : "ADA_USD",
      "m" : "4611686018444569761"
    }, {
      "d" : "1756459940315382190",
      "t" : 1756459940315,
      "tn" : 1756459940315382190,
      "q" : "43.9",
      "p" : "0.82029",
      "s" : "sell",
      "i" : "ADA_USD",
      "m" : "4611686018444569760"
    }, {
      "d" : "1756459940292898848",
      "t" : 1756459940292,
      "tn" : 1756459940292898848,
      "q" : "1.4",
      "p" : "0.82028",
      "s" : "buy",
      "i" : "ADA_USD",
      "m" : "4611686018444569759"
    }, {
      "d" : "1756459940112601463",
      "t" : 1756459940112,
      "tn" : 1756459940112601463,
      "q" : "44.0",
      "p" : "0.82030",
      "s" : "sell",
      "i" : "ADA_USD",
      "m" : "4611686018444569758"
    }, {
      "d" : "1756459940112599614",
      "t" : 1756459940112,
      "tn" : 1756459940112599614,
      "q" : "49.4",
      "p" : "0.82031",
      "s" : "sell",
      "i" : "ADA_USD",
      "m" : "4611686018444569757"
    }, {
      "d" : "1756459940112598280",
      "t" : 1756459940112,
      "tn" : 1756459940112598280,
      "q" : "28.6",
      "p" : "0.82038",
      "s" : "sell",
      "i" : "ADA_USD",
      "m" : "4611686018444569756"
    }, {
      "d" : "1756459937320941461",
      "t" : 1756459937320,
      "tn" : 1756459937320941461,
      "q" : "1.4",
      "p" : "0.82038",
      "s" : "buy",
      "i" : "ADA_USD",
      "m" : "4611686018444569755"
    }, {
      "d" : "1756459936759098205",
      "t" : 1756459936759,
      "tn" : 1756459936759098205,
      "q" : "11.0",
      "p" : "0.82045",
      "s" : "sell",
      "i" : "ADA_USD",
      "m" : "4611686018444569754"
    }, {
      "d" : "1756459933846368809",
      "t" : 1756459933846,
      "tn" : 1756459933846368809,
      "q" : "1.3",
      "p" : "0.82038",
      "s" : "buy",
      "i" : "ADA_USD",
      "m" : "4611686018444569753"
    }, {
      "d" : "1756459930584905378",
      "t" : 1756459930584,
      "tn" : 1756459930584905378,
      "q" : "30.9",
      "p" : "0.82039",
      "s" : "sell",
      "i" : "ADA_USD",
      "m" : "4611686018444569752"
    }, {
      "d" : "1756459930584903192",
      "t" : 1756459930584,
      "tn" : 1756459930584903192,
      "q" : "51.7",
      "p" : "0.82040",
      "s" : "sell",
      "i" : "ADA_USD",
      "m" : "4611686018444569751"
    }, {
      "d" : "1756459930584901462",
      "t" : 1756459930584,
      "tn" : 1756459930584901462,
      "q" : "38.4",
      "p" : "0.82042",
      "s" : "sell",
      "i" : "ADA_USD",
      "m" : "4611686018444569750"
    }, {
      "d" : "1756459927765085493",
      "t" : 1756459927765,
      "tn" : 1756459927765085493,
      "q" : "66.7",
      "p" : "0.82061",
      "s" : "sell",
      "i" : "ADA_USD",
      "m" : "4611686018444569749"
    }, {
      "d" : "1756459927765083655",
      "t" : 1756459927765,
      "tn" : 1756459927765083655,
      "q" : "54.3",
      "p" : "0.82062",
      "s" : "sell",
      "i" : "ADA_USD",
      "m" : "4611686018444569748"
    }, {
      "d" : "1756459926281387156",
      "t" : 1756459926281,
      "tn" : 1756459926281387156,
      "q" : "43.9",
      "p" : "0.82078",
      "s" : "sell",
      "i" : "ADA_USD",
      "m" : "4611686018444569747"
    }, {
      "d" : "1756459926273716648",
      "t" : 1756459926273,
      "tn" : 1756459926273716648,
      "q" : "121.0",
      "p" : "0.82077",
      "s" : "sell",
      "i" : "ADA_USD",
      "m" : "4611686018444569746"
    }, {
      "d" : "1756459922479174897",
      "t" : 1756459922479,
      "tn" : 1756459922479174897,
      "q" : "11.0",
      "p" : "0.82086",
      "s" : "sell",
      "i" : "ADA_USD",
      "m" : "4611686018444569745"
    }, {
      "d" : "1756459917276597974",
      "t" : 1756459917276,
      "tn" : 1756459917276597974,
      "q" : "1.4",
      "p" : "0.82068",
      "s" : "buy",
      "i" : "ADA_USD",
      "m" : "4611686018444569744"
    }, {
      "d" : "1756459916993272812",
      "t" : 1756459916993,
      "tn" : 1756459916993272812,
      "q" : "11.0",
      "p" : "0.82075",
      "s" : "buy",
      "i" : "ADA_USD",
      "m" : "4611686018444569743"
    }, {
      "d" : "1756459913278895811",
      "t" : 1756459913278,
      "tn" : 1756459913278895811,
      "q" : "40.0",
      "p" : "0.82070",
      "s" : "buy",
      "i" : "ADA_USD",
      "m" : "4611686018444569742"
    }, {
      "d" : "1756459913260088273",
      "t" : 1756459913260,
      "tn" : 1756459913260088273,
      "q" : "1.4",
      "p" : "0.82048",
      "s" : "buy",
      "i" : "ADA_USD",
      "m" : "4611686018444569741"
    }, {
      "d" : "1756459911673589154",
      "t" : 1756459911673,
      "tn" : 1756459911673589154,
      "q" : "11.9",
      "p" : "0.82034",
      "s" : "sell",
      "i" : "ADA_USD",
      "m" : "4611686018444569740"
    }, {
      "d" : "1756459911428667948",
      "t" : 1756459911428,
      "tn" : 1756459911428667948,
      "q" : "11.2",
      "p" : "0.82036",
      "s" : "buy",
      "i" : "ADA_USD",
      "m" : "4611686018444569739"
    }, {
      "d" : "1756459904390846548",
      "t" : 1756459904390,
      "tn" : 1756459904390846548,
      "q" : "9.6",
      "p" : "0.82097",
      "s" : "buy",
      "i" : "ADA_USD",
      "m" : "4611686018444569738"
    }, {
      "d" : "1756459904390844647",
      "t" : 1756459904390,
      "tn" : 1756459904390844647,
      "q" : "1.4",
      "p" : "0.82078",
      "s" : "buy",
      "i" : "ADA_USD",
      "m" : "4611686018444569737"
    }, {
      "d" : "1756459900282169715",
      "t" : 1756459900282,
      "tn" : 1756459900282169715,
      "q" : "121.0",
      "p" : "0.82081",
      "s" : "sell",
      "i" : "ADA_USD",
      "m" : "4611686018444569736"
    }, {
      "d" : "1756459900231604540",
      "t" : 1756459900231,
      "tn" : 1756459900231604540,
      "q" : "1413.0",
      "p" : "0.82097",
      "s" : "sell",
      "i" : "ADA_USD",
      "m" : "4611686018444569735"
    }, {
      "d" : "1756459900231602013",
      "t" : 1756459900231,
      "tn" : 1756459900231602013,
      "q" : "59.1",
      "p" : "0.82098",
      "s" : "sell",
      "i" : "ADA_USD",
      "m" : "4611686018444569734"
    }, {
      "d" : "1756459895643240876",
      "t" : 1756459895643,
      "tn" : 1756459895643240876,
      "q" : "1.4",
      "p" : "0.82108",
      "s" : "buy",
      "i" : "ADA_USD",
      "m" : "4611686018444569733"
    }, {
      "d" : "1756459894355670329",
      "t" : 1756459894355,
      "tn" : 1756459894355670329,
      "q" : "268.9",
      "p" : "0.82104",
      "s" : "buy",
      "i" : "ADA_USD",
      "m" : "4611686018444569732"
    }, {
      "d" : "1756459893966269781",
      "t" : 1756459893966,
      "tn" : 1756459893966269781,
      "q" : "11.0",
      "p" : "0.82104",
      "s" : "buy",
      "i" : "ADA_USD",
      "m" : "4611686018444569731"
    }, {
      "d" : "1756459892128213184",
      "t" : 1756459892128,
      "tn" : 1756459892128213184,
      "q" : "379.6",
      "p" : "0.82104",
      "s" : "sell",
      "i" : "ADA_USD",
      "m" : "4611686018444569730"
    }, {
      "d" : "1756459890356297989",
      "t" : 1756459890356,
      "tn" : 1756459890356297989,
      "q" : "11.9",
      "p" : "0.82097",
      "s" : "sell",
      "i" : "ADA_USD",
      "m" : "4611686018444569729"
    }, {
      "d" : "1756459889161179214",
      "t" : 1756459889161,
      "tn" : 1756459889161179214,
      "q" : "262.8",
      "p" : "0.82093",
      "s" : "buy",
      "i" : "ADA_USD",
      "m" : "4611686018444569728"
    }, {
      "d" : "1756459887938092856",
      "t" : 1756459887938,
      "tn" : 1756459887938092856,
      "q" : "40.0",
      "p" : "0.82093",
      "s" : "buy",
      "i" : "ADA_USD",
      "m" : "4611686018444569727"
    }, {
      "d" : "1756459887885629413",
      "t" : 1756459887885,
      "tn" : 1756459887885629413,
      "q" : "43.9",
      "p" : "0.82081",
      "s" : "buy",
      "i" : "ADA_USD",
      "m" : "4611686018444569726"
    }, {
      "d" : "1756459887209172341",
      "t" : 1756459887209,
      "tn" : 1756459887209172341,
      "q" : "55.2",
      "p" : "0.82082",
      "s" : "sell",
      "i" : "ADA_USD",
      "m" : "4611686018444569725"
    }, {
      "d" : "1756459887209170437",
      "t" : 1756459887209,
      "tn" : 1756459887209170437,
      "q" : "65.8",
      "p" : "0.82086",
      "s" : "sell",
      "i" : "ADA_USD",
      "m" : "4611686018444569724"
    }, {
      "d" : "1756459884906826967",
      "t" : 1756459884906,
      "tn" : 1756459884906826967,
      "q" : "121.0",
      "p" : "0.82131",
      "s" : "sell",
      "i" : "ADA_USD",
      "m" : "4611686018444569723"
    }, {
      "d" : "1756459881628889276",
      "t" : 1756459881628,
      "tn" : 1756459881628889276,
      "q" : "11.0",
      "p" : "0.82090",
      "s" : "sell",
      "i" : "ADA_USD",
      "m" : "4611686018444569722"
    }, {
      "d" : "1756459880973274163",
      "t" : 1756459880973,
      "tn" : 1756459880973274163,
      "q" : "11.0",
      "p" : "0.82072",
      "s" : "sell",
      "i" : "ADA_USD",
      "m" : "4611686018444569721"
    }, {
      "d" : "1756459878419323053",
      "t" : 1756459878419,
      "tn" : 1756459878419323053,
      "q" : "12.1",
      "p" : "0.82039",
      "s" : "sell",
      "i" : "ADA_USD",
      "m" : "4611686018444569720"
    }, {
      "d" : "1756459875050472839",
      "t" : 1756459875050,
      "tn" : 1756459875050472839,
      "q" : "50.0",
      "p" : "0.82107",
      "s" : "sell",
      "i" : "ADA_USD",
      "m" : "4611686018444569719"
    }, {
      "d" : "1756459875050471432",
      "t" : 1756459875050,
      "tn" : 1756459875050471432,
      "q" : "71.0",
      "p" : "0.82110",
      "s" : "sell",
      "i" : "ADA_USD",
      "m" : "4611686018444569718"
    }, {
      "d" : "1756459873869627321",
      "t" : 1756459873869,
      "tn" : 1756459873869627321,
      "q" : "121.0",
      "p" : "0.82134",
      "s" : "sell",
      "i" : "ADA_USD",
      "m" : "4611686018444569717"
    }, {
      "d" : "1756459873855432449",
      "t" : 1756459873855,
      "tn" : 1756459873855432449,
      "q" : "11.1",
      "p" : "0.82148",
      "s" : "sell",
      "i" : "ADA_USD",
      "m" : "4611686018444569716"
    }, {
      "d" : "1756459872898252870",
      "t" : 1756459872898,
      "tn" : 1756459872898252870,
      "q" : "13.7",
      "p" : "0.82157",
      "s" : "sell",
      "i" : "ADA_USD",
      "m" : "4611686018444569715"
    }, {
      "d" : "1756459872898251137",
      "t" : 1756459872898,
      "tn" : 1756459872898251137,
      "q" : "107.3",
      "p" : "0.82162",
      "s" : "sell",
      "i" : "ADA_USD",
      "m" : "4611686018444569714"
    }, {
      "d" : "1756459866245819237",
      "t" : 1756459866245,
      "tn" : 1756459866245819237,
      "q" : "11.0",
      "p" : "0.82183",
      "s" : "buy",
      "i" : "ADA_USD",
      "m" : "4611686018444569713"
    }, {
      "d" : "1756459865343531546",
      "t" : 1756459865343,
      "tn" : 1756459865343531546,
      "q" : "11.9",
      "p" : "0.82187",
      "s" : "buy",
      "i" : "ADA_USD",
      "m" : "4611686018444569712"
    }, {
      "d" : "1756459863795106448",
      "t" : 1756459863795,
      "tn" : 1756459863795106448,
      "q" : "2.4",
      "p" : "0.82180",
      "s" : "buy",
      "i" : "ADA_USD",
      "m" : "4611686018444569711"
    }, {
      "d" : "1756459862452324560",
      "t" : 1756459862452,
      "tn" : 1756459862452324559,
      "q" : "43.9",
      "p" : "0.82167",
      "s" : "buy",
      "i" : "ADA_USD",
      "m" : "4611686018444569710"
    }, {
      "d" : "1756459862452324559",
      "t" : 1756459862452,
      "tn" : 1756459862452324559,
      "q" : "2.4",
      "p" : "0.82167",
      "s" : "buy",
      "i" : "ADA_USD",
      "m" : "4611686018444569710"
    }, {
      "d" : "1756459862382601558",
      "t" : 1756459862382,
      "tn" : 1756459862382601558,
      "q" : "11.0",
      "p" : "0.82166",
      "s" : "sell",
      "i" : "ADA_USD",
      "m" : "4611686018444569709"
    }, {
      "d" : "1756459859226778164",
      "t" : 1756459859226,
      "tn" : 1756459859226778164,
      "q" : "8.6",
      "p" : "0.82167",
      "s" : "buy",
      "i" : "ADA_USD",
      "m" : "4611686018444569708"
    }, {
      "d" : "1756459859226776575",
      "t" : 1756459859226,
      "tn" : 1756459859226776575,
      "q" : "2.4",
      "p" : "0.82159",
      "s" : "buy",
      "i" : "ADA_USD",
      "m" : "4611686018444569707"
    }, {
      "d" : "1756459854117328089",
      "t" : 1756459854117,
      "tn" : 1756459854117328089,
      "q" : "39.9",
      "p" : "0.82158",
      "s" : "buy",
      "i" : "ADA_USD",
      "m" : "4611686018444569706"
    }, {
      "d" : "1756459854114930929",
      "t" : 1756459854114,
      "tn" : 1756459854114930929,
      "q" : "2.4",
      "p" : "0.82138",
      "s" : "buy",
      "i" : "ADA_USD",
      "m" : "4611686018444569705"
    }, {
      "d" : "1756459847593999390",
      "t" : 1756459847593,
      "tn" : 1756459847593999390,
      "q" : "11.0",
      "p" : "0.82116",
      "s" : "sell",
      "i" : "ADA_USD",
      "m" : "4611686018444569704"
    }, {
      "d" : "1756459846211110835",
      "t" : 1756459846211,
      "tn" : 1756459846211110835,
      "q" : "121.0",
      "p" : "0.82125",
      "s" : "sell",
      "i" : "ADA_USD",
      "m" : "4611686018444569703"
    }, {
      "d" : "1756459836063090373",
      "t" : 1756459836063,
      "tn" : 1756459836063090372,
      "q" : "5.9",
      "p" : "0.82153",
      "s" : "buy",
      "i" : "ADA_USD",
      "m" : "4611686018444569702"
    }, {
      "d" : "1756459836063090372",
      "t" : 1756459836063,
      "tn" : 1756459836063090372,
      "q" : "6.0",
      "p" : "0.82153",
      "s" : "buy",
      "i" : "ADA_USD",
      "m" : "4611686018444569702"
    }, {
      "d" : "1756459830013343386",
      "t" : 1756459830013,
      "tn" : 1756459830013343386,
      "q" : "2.4",
      "p" : "0.82141",
      "s" : "buy",
      "i" : "ADA_USD",
      "m" : "4611686018444569701"
    }, {
      "d" : "1756459821964598897",
      "t" : 1756459821964,
      "tn" : 1756459821964598897,
      "q" : "3.6",
      "p" : "0.82111",
      "s" : "buy",
      "i" : "ADA_USD",
      "m" : "4611686018444569700"
    }, {
      "d" : "1756459821964597075",
      "t" : 1756459821964,
      "tn" : 1756459821964597075,
      "q" : "43.9",
      "p" : "0.82106",
      "s" : "buy",
      "i" : "ADA_USD",
      "m" : "4611686018444569699"
    }, {
      "d" : "1756459820715872253",
      "t" : 1756459820715,
      "tn" : 1756459820715872253,
      "q" : "11.0",
      "p" : "0.82105",
      "s" : "buy",
      "i" : "ADA_USD",
      "m" : "4611686018444569698"
    }, {
      "d" : "1756459813786674256",
      "t" : 1756459813786,
      "tn" : 1756459813786674256,
      "q" : "11.0",
      "p" : "0.82105",
      "s" : "buy",
      "i" : "ADA_USD",
      "m" : "4611686018444569697"
    }, {
      "d" : "1756459813334474970",
      "t" : 1756459813334,
      "tn" : 1756459813334474970,
      "q" : "1.4",
      "p" : "0.82133",
      "s" : "sell",
      "i" : "ADA_USD",
      "m" : "4611686018444569696"
    }, {
      "d" : "1756459813300492560",
      "t" : 1756459813300,
      "tn" : 1756459813300492560,
      "q" : "1.4",
      "p" : "0.82133",
      "s" : "sell",
      "i" : "ADA_USD",
      "m" : "4611686018444569695"
    }, {
      "d" : "1756459813007006132",
      "t" : 1756459813007,
      "tn" : 1756459813007006132,
      "q" : "1.4",
      "p" : "0.82137",
      "s" : "sell",
      "i" : "ADA_USD",
      "m" : "4611686018444569694"
    }, {
      "d" : "1756459811135894029",
      "t" : 1756459811135,
      "tn" : 1756459811135894029,
      "q" : "11.9",
      "p" : "0.82128",
      "s" : "sell",
      "i" : "ADA_USD",
      "m" : "4611686018444569693"
    }, {
      "d" : "1756459809622798734",
      "t" : 1756459809622,
      "tn" : 1756459809622798734,
      "q" : "1.4",
      "p" : "0.82114",
      "s" : "sell",
      "i" : "ADA_USD",
      "m" : "4611686018444569692"
    }, {
      "d" : "1756459808536738112",
      "t" : 1756459808536,
      "tn" : 1756459808536738112,
      "q" : "1.4",
      "p" : "0.82117",
      "s" : "sell",
      "i" : "ADA_USD",
      "m" : "4611686018444569691"
    }, {
      "d" : "1756459808403450398",
      "t" : 1756459808403,
      "tn" : 1756459808403450398,
      "q" : "1.4",
      "p" : "0.82125",
      "s" : "sell",
      "i" : "ADA_USD",
      "m" : "4611686018444569690"
    }, {
      "d" : "1756459808203521057",
      "t" : 1756459808203,
      "tn" : 1756459808203521057,
      "q" : "1.4",
      "p" : "0.82127",
      "s" : "sell",
      "i" : "ADA_USD",
      "m" : "4611686018444569689"
    }, {
      "d" : "1756459808195790748",
      "t" : 1756459808195,
      "tn" : 1756459808195790748,
      "q" : "119.6",
      "p" : "0.82121",
      "s" : "sell",
      "i" : "ADA_USD",
      "m" : "4611686018444569688"
    }, {
      "d" : "1756459808195788977",
      "t" : 1756459808195,
      "tn" : 1756459808195788977,
      "q" : "1.4",
      "p" : "0.82127",
      "s" : "sell",
      "i" : "ADA_USD",
      "m" : "4611686018444569687"
    }, {
      "d" : "1756459808146004425",
      "t" : 1756459808146,
      "tn" : 1756459808146004425,
      "q" : "59.9",
      "p" : "0.82127",
      "s" : "sell",
      "i" : "ADA_USD",
      "m" : "4611686018444569686"
    }, {
      "d" : "1756459808146002281",
      "t" : 1756459808146,
      "tn" : 1756459808146002281,
      "q" : "59.7",
      "p" : "0.82128",
      "s" : "sell",
      "i" : "ADA_USD",
      "m" : "4611686018444569685"
    }, {
      "d" : "1756459808146000006",
      "t" : 1756459808146,
      "tn" : 1756459808146000006,
      "q" : "1.4",
      "p" : "0.82137",
      "s" : "sell",
      "i" : "ADA_USD",
      "m" : "4611686018444569684"
    }, {
      "d" : "1756459806099695146",
      "t" : 1756459806099,
      "tn" : 1756459806099695146,
      "q" : "50.9",
      "p" : "0.82138",
      "s" : "buy",
      "i" : "ADA_USD",
      "m" : "4611686018444569683"
    } ]
  }
}