{
  "id" : -1,
  "method" : "public/get-trades",
  "code" : 0,
  "result" : {
    "data" : [ {
      "d" : "1756460022914816407",
      "t" : 1756460022914,
      "tn" : 1756460022914816407,
      "q" : "1",
      "p" : "0.82008",
      "s" : "buy",
      "i" : "ADAUSD-PERP",
      "m" : "4611686018435415838"
    }, {
      "d" : "1756460020549011985",
      "t" : 1756460020549,
      "tn" : 1756460020549011985,
      "q" : "1",
      "p" : "0.82027",
      "s" : "sell",
      "i" : "ADAUSD-PERP",
      "m" : "4611686018435415837"
    }, {
      "d" : "1756460018816516854",
      "t" : 1756460018816,
      "tn" : 1756460018816516854,
      "q" : "1",
      "p" : "0.81988",
      "s" : "buy",
      "i" : "ADAUSD-PERP",
      "m" : "4611686018435415836"
    }, {
      "d" : "1756460014520114313",
      "t" : 1756460014520,
      "tn" : 1756460014520114313,
      "q" : "1",
      "p" : "0.81978",
      "s" : "buy",
      "i" : "ADAUSD-PERP",
      "m" : "4611686018435415835"
    }, {
      "d" : "1756460013906636632",
      "t" : 1756460013906,
      "tn" : 1756460013906636632,
      "q" : "1",
      "p" : "0.81996",
      "s" : "sell",
      "i" : "ADAUSD-PERP",
      "m" : "4611686018435415834"
    }, {
      "d" : "1756460011264159862",
      "t" : 1756460011264,
      "tn" : 1756460011264159862,
      "q" : "1",
      "p" : "0.82037",
      "s" : "sell",
      "i" : "ADAUSD-PERP",
      "m" : "4611686018435415833"
    }, {
      "d" : "1756460010186538435",
      "t" : 1756460010186,
      "tn" : 1756460010186538435,
      "q" : "1",
      "p" : "0.82047",
      "s" : "sell",
      "i" : "ADAUSD-PERP",
      "m" : "4611686018435415832"
    }, {
      "d" : "1756460010021369783",
      "t" : 1756460010021,
      "tn" : 1756460010021369783,
      "q" : "1",
      "p" : "0.82048",
      "s" : "sell",
      "i" : "ADAUSD-PERP",
      "m" : "4611686018435415831"
    }, {
      "d" : "1756460009853155251",
      "t" : 1756460009853,
      "tn" : 1756460009853155251,
      "q" : "1",
      "p" : "0.82049",
      "s" : "sell",
      "i" : "ADAUSD-PERP",
      "m" : "4611686018435415830"
    }, {
      "d" : "1756460009050830655",
      "t" : 1756460009050,
      "tn" : 1756460009050830655,
      "q" : "1",
      "p" : "0.82050",
      "s" : "buy",
      "i" : "ADAUSD-PERP",
      "m" : "4611686018435415829"
    }, {
      "d" : "1756459994106030261",
      "t" : 1756459994106,
      "tn" : 1756459994106030261,
      "q" : "1",
      "p" : "0.82069",
      "s" : "sell",
      "i" : "ADAUSD-PERP",
      "m" : "4611686018435415828"
    }, {
      "d" : "1756459993782571221",
      "t" : 1756459993782,
      "tn" : 1756459993782571221,
      "q" : "1",
      "p" : "0.82069",
      "s" : "sell",
      "i" : "ADAUSD-PERP",
      "m" : "4611686018435415827"
    }, {
      "d" : "1756459993535117939",
      "t" : 1756459993535,
      "tn" : 1756459993535117939,
      "q" : "1",
      "p" : "0.82070",
      "s" : "sell",
      "i" : "ADAUSD-PERP",
      "m" : "4611686018435415826"
    }, {
      "d" : "1756459990448086063",
      "t" : 1756459990448,
      "tn" : 1756459990448086063,
      "q" : "1",
      "p" : "0.82080",
      "s" : "sell",
      "i" : "ADAUSD-PERP",
      "m" : "4611686018435415825"
    }, {
      "d" : "1756459990302496742",
      "t" : 1756459990302,
      "tn" : 1756459990302496742,
      "q" : "1",
      "p" : "0.82081",
      "s" : "sell",
      "i" : "ADAUSD-PERP",
      "m" : "4611686018435415824"
    }, {
      "d" : "1756459982804853406",
      "t" : 1756459982804,
      "tn" : 1756459982804853406,
      "q" : "1",
      "p" : "0.82061",
      "s" : "sell",
      "i" : "ADAUSD-PERP",
      "m" : "4611686018435415823"
    }, {
      "d" : "1756459974390183857",
      "t" : 1756459974390,
      "tn" : 1756459974390183857,
      "q" : "1",
      "p" : "0.81993",
      "s" : "buy",
      "i" : "ADAUSD-PERP",
      "m" : "4611686018435415822"
    }, {
      "d" : "1756459972595650093",
      "t" : 1756459972595,
      "tn" : 1756459972595650093,
      "q" : "1",
      "p" : "0.82022",
      "s" : "buy",
      "i" : "ADAUSD-PERP",
      "m" : "4611686018435415821"
    }, {
      "d" : "1756459972441137517",
      "t" : 1756459972441,
      "tn" : 1756459972441137517,
      "q" : "1",
      "p" : "0.82041",
      "s" : "sell",
      "i" : "ADAUSD-PERP",
      "m" : "4611686018435415820"
    }, {
      "d" : "1756459970740873587",
      "t" : 1756459970740,
      "tn" : 1756459970740873587,
      "q" : "1",
      "p" : "0.82051",
      "s" : "sell",
      "i" : "ADAUSD-PERP",
      "m" : "4611686018435415819"
    }, {
      "d" : "1756459970361809459",
      "t" : 1756459970361,
      "tn" : 1756459970361809459,
      "q" : "1",
      "p" : "0.82043",
      "s" : "buy",
      "i" : "ADAUSD-PERP",
      "m" : "4611686018435415818"
    }, {
      "d" : "1756459966858442393",
      "t" : 1756459966858,
      "tn" : 1756459966858442393,
      "q" : "1",
      "p" : "0.82042",
      "s" : "buy",
      "i" : "ADAUSD-PERP",
      "m" : "4611686018435415817"
    }, {
      "d" : "1756459965607900737",
      "t" : 1756459965607,
      "tn" : 1756459965607900737,
      "q" : "1",
      "p" : "0.82042",
      "s" : "buy",
      "i" : "ADAUSD-PERP",
      "m" : "4611686018435415816"
    }, {
      "d" : "1756459963242485296",
      "t" : 1756459963242,
      "tn" : 1756459963242485296,
      "q" : "1",
      "p" : "0.82060",
      "s" : "sell",
      "i" : "ADAUSD-PERP",
      "m" : "4611686018435415815"
    }, {
      "d" : "1756459955372957588",
      "t" : 1756459955372,
      "tn" : 1756459955372957588,
      "q" : "1",
      "p" : "0.82022",
      "s" : "buy",
      "i" : "ADAUSD-PERP",
      "m" : "4611686018435415814"
    }, {
      "d" : "1756459951514757301",
      "t" : 1756459951514,
      "tn" : 1756459951514757301,
      "q" : "1",
      "p" : "0.81981",
      "s" : "buy",
      "i" : "ADAUSD-PERP",
      "m" : "4611686018435415813"
    }, {
      "d" : "1756459948132949971",
      "t" : 1756459948132,
      "tn" : 1756459948132949971,
      "q" : "1",
      "p" : "0.81990",
      "s" : "sell",
      "i" : "ADAUSD-PERP",
      "m" : "4611686018435415812"
    }, {
      "d" : "1756459940669623722",
      "t" : 1756459940669,
      "tn" : 1756459940669623722,
      "q" : "1",
      "p" : "0.82021",
      "s" : "buy",
      "i" : "ADAUSD-PERP",
      "m" : "4611686018435415811"
    }, {
      "d" : "1756459934758296264",
      "t" : 1756459934758,
      "tn" : 1756459934758296264,
      "q" : "1",
      "p" : "0.82041",
      "s" : "buy",
      "i" : "ADAUSD-PERP",
      "m" : "4611686018435415810"
    }, {
      "d" : "1756459931273444939",
      "t" : 1756459931273,
      "tn" : 1756459931273444939,
      "q" : "1",
      "p" : "0.82040",
      "s" : "buy",
      "i" : "ADAUSD-PERP",
      "m" : "4611686018435415809"
    }, {
      "d" : "1756459930668928959",
      "t" : 1756459930668,
      "tn" : 1756459930668928959,
      "q" : "1",
      "p" : "0.82039",
      "s" : "buy",
      "i" : "ADAUSD-PERP",
      "m" : "4611686018435415808"
    }, {
      "d" : "1756459926233744563",
      "t" : 1756459926233,
      "tn" : 1756459926233744563,
      "q" : "1",
      "p" : "0.82098",
      "s" : "sell",
      "i" : "ADAUSD-PERP",
      "m" : "4611686018435415807"
    }, {
      "d" : "1756459921607377859",
      "t" : 1756459921607,
      "tn" : 1756459921607377859,
      "q" : "1",
      "p" : "0.82079",
      "s" : "buy",
      "i" : "ADAUSD-PERP",
      "m" : "4611686018435415806"
    }, {
      "d" : "1756459917275862178",
      "t" : 1756459917275,
      "tn" : 1756459917275862178,
      "q" : "1",
      "p" : "0.82069",
      "s" : "buy",
      "i" : "ADAUSD-PERP",
      "m" : "4611686018435415805"
    }, {
      "d" : "1756459913717982134",
      "t" : 1756459913717,
      "tn" : 1756459913717982134,
      "q" : "1",
      "p" : "0.82058",
      "s" : "buy",
      "i" : "ADAUSD-PERP",
      "m" : "4611686018435415804"
    }, {
      "d" : "1756459911771651361",
      "t" : 1756459911771,
      "tn" : 1756459911771651361,
      "q" : "1",
      "p" : "0.82028",
      "s" : "buy",
      "i" : "ADAUSD-PERP",
      "m" : "4611686018435415803"
    }, {
      "d" : "1756459900233623865",
      "t" : 1756459900233,
      "tn" : 1756459900233623865,
      "q" : "1",
      "p" : "0.82106",
      "s" : "sell",
      "i" : "ADAUSD-PERP",
      "m" : "4611686018435415802"
    }, {
      "d" : "1756459895928305289",
      "t" : 1756459895928,
      "tn" : 1756459895928305289,
      "q" : "1",
      "p" : "0.82117",
      "s" : "sell",
      "i" : "ADAUSD-PERP",
      "m" : "4611686018435415801"
    }, {
      "d" : "1756459895642709077",
      "t" : 1756459895642,
      "tn" : 1756459895642709077,
      "q" : "1",
      "p" : "0.82108",
      "s" : "buy",
      "i" : "ADAUSD-PERP",
      "m" : "4611686018435415800"
    }, {
      "d" : "1756459887885319899",
      "t" : 1756459887885,
      "tn" : 1756459887885319899,
      "q" : "1",
      "p" : "0.82078",
      "s" : "buy",
      "i" : "ADAUSD-PERP",
      "m" : "4611686018435415799"
    }, {
      "d" : "1756459887607497636",
      "t" : 1756459887607,
      "tn" : 1756459887607497636,
      "q" : "1",
      "p" : "0.82067",
      "s" : "buy",
      "i" : "ADAUSD-PERP",
      "m" : "4611686018435415798"
    }, {
      "d" : "1756459887209993033",
      "t" : 1756459887209,
      "tn" : 1756459887209993033,
      "q" : "1",
      "p" : "0.82096",
      "s" : "sell",
      "i" : "ADAUSD-PERP",
      "m" : "4611686018435415797"
    }, {
      "d" : "1756459885132127420",
      "t" : 1756459885132,
      "tn" : 1756459885132127420,
      "q" : "1",
      "p" : "0.82116",
      "s" : "sell",
      "i" : "ADAUSD-PERP",
      "m" : "4611686018435415796"
    }, {
      "d" : "1756459883537609503",
      "t" : 1756459883537,
      "tn" : 1756459883537609503,
      "q" : "1",
      "p" : "0.82118",
      "s" : "buy",
      "i" : "ADAUSD-PERP",
      "m" : "4611686018435415795"
    }, {
      "d" : "1756459882568231691",
      "t" : 1756459882568,
      "tn" : 1756459882568231691,
      "q" : "1",
      "p" : "0.82097",
      "s" : "buy",
      "i" : "ADAUSD-PERP",
      "m" : "4611686018435415794"
    }, {
      "d" : "1756459879850025306",
      "t" : 1756459879850,
      "tn" : 1756459879850025306,
      "q" : "1",
      "p" : "0.82046",
      "s" : "buy",
      "i" : "ADAUSD-PERP",
      "m" : "4611686018435415793"
    }, {
      "d" : "1756459879605618144",
      "t" : 1756459879605,
      "tn" : 1756459879605618144,
      "q" : "1",
      "p" : "0.82036",
      "s" : "buy",
      "i" : "ADAUSD-PERP",
      "m" : "4611686018435415792"
    }, {
      "d" : "1756459879496613764",
      "t" : 1756459879496,
      "tn" : 1756459879496613764,
      "q" : "1",
      "p" : "0.82035",
      "s" : "buy",
      "i" : "ADAUSD-PERP",
      "m" : "4611686018435415791"
    }, {
      "d" : "1756459877520469192",
      "t" : 1756459877520,
      "tn" : 1756459877520469192,
      "q" : "1",
      "p" : "0.82035",
      "s" : "buy",
      "i" : "ADAUSD-PERP",
      "m" : "4611686018435415790"
    }, {
      "d" : "1756459877331389616",
      "t" : 1756459877331,
      "tn" : 1756459877331389616,
      "q" : "1",
      "p" : "0.82043",
      "s" : "sell",
      "i" : "ADAUSD-PERP",
      "m" : "4611686018435415789"
    }, {
      "d" : "1756459876429679502",
      "t" : 1756459876429,
      "tn" : 1756459876429679502,
      "q" : "1",
      "p" : "0.82084",
      "s" : "sell",
      "i" : "ADAUSD-PERP",
      "m" : "4611686018435415788"
    }, {
      "d" : "1756459875827260089",
      "t" : 1756459875827,
      "tn" : 1756459875827260089,
      "q" : "1",
      "p" : "0.82095",
      "s" : "sell",
      "i" : "ADAUSD-PERP",
      "m" : "4611686018435415787"
    }, {
      "d" : "1756459875731988220",
      "t" : 1756459875731,
      "tn" : 1756459875731988220,
      "q" : "209",
      "p" : "0.82103",
      "s" : "buy",
      "i" : "ADAUSD-PERP",
      "m" : "4611686018435415786"
    }, {
      "d" : "1756459875678225447",
      "t" : 1756459875678,
      "tn" : 1756459875678225447,
      "q" : "1",
      "p" : "0.82105",
      "s" : "sell",
      "i" : "ADAUSD-PERP",
      "m" : "4611686018435415785"
    }, {
      "d" : "1756459875044227228",
      "t" : 1756459875044,
      "tn" : 1756459875044227228,
      "q" : "1",
      "p" : "0.82116",
      "s" : "sell",
      "i" : "ADAUSD-PERP",
      "m" : "4611686018435415784"
    }, {
      "d" : "1756459874507015898",
      "t" : 1756459874507,
      "tn" : 1756459874507015898,
      "q" : "1",
      "p" : "0.82126",
      "s" : "sell",
      "i" : "ADAUSD-PERP",
      "m" : "4611686018435415783"
    }, {
      "d" : "1756459873918917962",
      "t" : 1756459873918,
      "tn" : 1756459873918917962,
      "q" : "1",
      "p" : "0.82147",
      "s" : "sell",
      "i" : "ADAUSD-PERP",
      "m" : "4611686018435415782"
    }, {
      "d" : "1756459871665134562",
      "t" : 1756459871665,
      "tn" : 1756459871665134562,
      "q" : "1",
      "p" : "0.82178",
      "s" : "sell",
      "i" : "ADAUSD-PERP",
      "m" : "4611686018435415781"
    }, {
      "d" : "1756459867519226785",
      "t" : 1756459867519,
      "tn" : 1756459867519226785,
      "q" : "1",
      "p" : "0.82179",
      "s" : "buy",
      "i" : "ADAUSD-PERP",
      "m" : "4611686018435415780"
    }, {
      "d" : "1756459853976528182",
      "t" : 1756459853976,
      "tn" : 1756459853976528182,
      "q" : "1",
      "p" : "0.82128",
      "s" : "buy",
      "i" : "ADAUSD-PERP",
      "m" : "4611686018435415779"
    }, {
      "d" : "1756459848145180164",
      "t" : 1756459848145,
      "tn" : 1756459848145180164,
      "q" : "1",
      "p" : "0.82108",
      "s" : "buy",
      "i" : "ADAUSD-PERP",
      "m" : "4611686018435415778"
    }, {
      "d" : "1756459846224664576",
      "t" : 1756459846224,
      "tn" : 1756459846224664576,
      "q" : "1",
      "p" : "0.82136",
      "s" : "sell",
      "i" : "ADAUSD-PERP",
      "m" : "4611686018435415777"
    }, {
      "d" : "1756459844171700940",
      "t" : 1756459844171,
      "tn" : 1756459844171700940,
      "q" : "1",
      "p" : "0.82147",
      "s" : "sell",
      "i" : "ADAUSD-PERP",
      "m" : "4611686018435415776"
    }, {
      "d" : "1756459831410259832",
      "t" : 1756459831410,
      "tn" : 1756459831410259832,
      "q" : "1",
      "p" : "0.82148",
      "s" : "buy",
      "i" : "ADAUSD-PERP",
      "m" : "4611686018435415775"
    }, {
      "d" : "1756459825294389312",
      "t" : 1756459825294,
      "tn" : 1756459825294389312,
      "q" : "1",
      "p" : "0.82108",
      "s" : "buy",
      "i" : "ADAUSD-PERP",
      "m" : "4611686018435415774"
    }, {
      "d" : "1756459825014388163",
      "t" : 1756459825014,
      "tn" : 1756459825014388163,
      "q" : "1",
      "p" : "0.82097",
      "s" : "buy",
      "i" : "ADAUSD-PERP",
      "m" : "4611686018435415773"
    }, {
      "d" : "1756459818317562602",
      "t" : 1756459818317,
      "tn" : 1756459818317562602,
      "q" : "1",
      "p" : "0.82097",
      "s" : "buy",
      "i" : "ADAUSD-PERP",
      "m" : "4611686018435415772"
    }, {
      "d" : "1756459814853042606",
      "t" : 1756459814853,
      "tn" : 1756459814853042606,
      "q" : "1",
      "p" : "0.82096",
      "s" : "buy",
      "i" : "ADAUSD-PERP",
      "m" : "4611686018435415771"
    }, {
      "d" : "1756459814356553559",
      "t" : 1756459814356,
      "tn" : 1756459814356553559,
      "q" : "1",
      "p" : "0.82105",
      "s" : "sell",
      "i" : "ADAUSD-PERP",
      "m" : "4611686018435415770"
    }, {
      "d" : "1756459814245333168",
      "t" : 1756459814245,
      "tn" : 1756459814245333168,
      "q" : "1",
      "p" : "0.82105",
      "s" : "sell",
      "i" : "ADAUSD-PERP",
      "m" : "4611686018435415769"
    }, {
      "d" : "1756459813602076827",
      "t" : 1756459813602,
      "tn" : 1756459813602076827,
      "q" : "1",
      "p" : "0.82116",
      "s" : "sell",
      "i" : "ADAUSD-PERP",
      "m" : "4611686018435415768"
    }, {
      "d" : "1756459813452142265",
      "t" : 1756459813452,
      "tn" : 1756459813452142265,
      "q" : "1",
      "p" : "0.82126",
      "s" : "sell",
      "i" : "ADAUSD-PERP",
      "m" : "4611686018435415767"
    }, {
      "d" : "1756459812992152108",
      "t" : 1756459812992,
      "tn" : 1756459812992152108,
      "q" : "1",
      "p" : "0.82137",
      "s" : "sell",
      "i" : "ADAUSD-PERP",
      "m" : "4611686018435415766"
    }, {
      "d" : "1756459810405860479",
      "t" : 1756459810405,
      "tn" : 1756459810405860479,
      "q" : "1",
      "p" : "0.82108",
      "s" : "buy",
      "i" : "ADAUSD-PERP",
      "m" : "4611686018435415765"
    }, {
      "d" : "1756459808300780522",
      "t" : 1756459808300,
      "tn" : 1756459808300780522,
      "q" : "1",
      "p" : "0.82118",
      "s" : "buy",
      "i" : "ADAUSD-PERP",
      "m" : "4611686018435415764"
    }, {
      "d" : "1756459808145144799",
      "t" : 1756459808145,
      "tn" : 1756459808145144799,
      "q" : "1",
      "p" : "0.82136",
      "s" : "sell",
      "i" : "ADAUSD-PERP",
      "m" : "4611686018435415763"
    }, {
      "d" : "1756459807064393109",
      "t" : 1756459807064,
      "tn" : 1756459807064393109,
      "q" : "1",
      "p" : "0.82147",
      "s" : "sell",
      "i" : "ADAUSD-PERP",
      "m" : "4611686018435415762"
    }, {
      "d" : "1756459804822420394",
      "t" : 1756459804822,
      "tn" : 1756459804822420394,
      "q" : "1",
      "p" : "0.82138",
      "s" : "sell",
      "i" : "ADAUSD-PERP",
      "m" : "4611686018435415761"
    }, {
      "d" : "1756459804667720918",
      "t" : 1756459804667,
      "tn" : 1756459804667720918,
      "q" : "1",
      "p" : "0.82148",
      "s" : "sell",
      "i" : "ADAUSD-PERP",
      "m" : "4611686018435415760"
    }, {
      "d" : "1756459802762241662",
      "t" : 1756459802762,
      "tn" : 1756459802762241662,
      "q" : "1",
      "p" : "0.82149",
      "s" : "sell",
      "i" : "ADAUSD-PERP",
      "m" : "4611686018435415759"
    }, {
      "d" : "1756459802184211331",
      "t" : 1756459802184,
      "tn" : 1756459802184211331,
      "q" : "1",
      "p" : "0.82149",
      "s" : "sell",
      "i" : "ADAUSD-PERP",
      "m" : "4611686018435415758"
    }, {
      "d" : "1756459793409893713",
      "t" : 1756459793409,
      "tn" : 1756459793409893713,
      "q" : "1",
      "p" : "0.82130",
      "s" : "sell",
      "i" : "ADAUSD-PERP",
      "m" : "4611686018435415757"
    }, {
      "d" : "1756459783608454173",
      "t" : 1756459783608,
      "tn" : 1756459783608454173,
      "q" : "1",
      "p" : "0.82121",
      "s" : "buy",
      "i" : "ADAUSD-PERP",
      "m" : "4611686018435415756"
    }, {
      "d" : "1756459780805518914",
      "t" : 1756459780805,
      "tn" : 1756459780805518914,
      "q" : "1",
      "p" : "0.82120",
      "s" : "sell",
      "i" : "ADAUSD-PERP",
      "m" : "4611686018435415755"
    }, {
      "d" : "1756459755769303575",
      "t" : 1756459755769,
      "tn" : 1756459755769303575,
      "q" : "1",
      "p" : "0.82080",
      "s" : "sell",
      "i" : "ADAUSD-PERP",
      "m" : "4611686018435415754"
    }, {
      "d" : "1756459747442010750",
      "t" : 1756459747442,
      "tn" : 1756459747442010750,
      "q" : "1",
      "p" : "0.82082",
      "s" : "buy",
      "i" : "ADAUSD-PERP",
      "m" : "4611686018435415753"
    }, {
      "d" : "1756459744680679287",
      "t" : 1756459744680,
      "tn" : 1756459744680679287,
      "q" : "1",
      "p" : "0.82041",
      "s" : "buy",
      "i" : "ADAUSD-PERP",
      "m" : "4611686018435415752"
    }, {
      "d" : "1756459743617000238",
      "t" : 1756459743617,
      "tn" : 1756459743617000238,
      "q" : "1",
      "p" : "0.82030",
      "s" : "buy",
      "i" : "ADAUSD-PERP",
      "m" : "4611686018435415751"
    }, {
      "d" : "1756459739413826843",
      "t" : 1756459739413,
      "tn" : 1756459739413826843,
      "q" : "1",
      "p" : "0.82039",
      "s" : "sell",
      "i" : "ADAUSD-PERP",
      "m" : "4611686018435415750"
    }, {
      "d" : "1756459736876332374",
      "t" : 1756459736876,
      "tn" : 1756459736876332374,
      "q" : "1",
      "p" : "0.82030",
      "s" : "buy",
      "i" : "ADAUSD-PERP",
      "m" : "4611686018435415749"
    }, {
      "d" : "1756459736374327900",
      "t" : 1756459736374,
      "tn" : 1756459736374327900,
      "q" : "1",
      "p" : "0.82030",
      "s" : "buy",
      "i" : "ADAUSD-PERP",
      "m" : "4611686018435415748"
    }, {
      "d" : "1756459733322530218",
      "t" : 1756459733322,
      "tn" : 1756459733322530218,
      "q" : "1",
      "p" : "0.82039",
      "s" : "sell",
      "i" : "ADAUSD-PERP",
      "m" : "4611686018435415747"
    }, {
      "d" : "1756459726317139985",
      "t" : 1756459726317,
      "tn" : 1756459726317139985,
      "q" : "1",
      "p" : "0.82040",
      "s" : "buy",
      "i" : "ADAUSD-PERP",
      "m" : "4611686018435415746"
    }, {
      "d" : "1756459718371959748",
      "t" : 1756459718371,
      "tn" : 1756459718371959748,
      "q" : "1",
      "p" : "0.82009",
      "s" : "buy",
      "i" : "ADAUSD-PERP",
      "m" : "4611686018435415745"
    }, {
      "d" : "1756459716399822738",
      "t" : 1756459716399,
      "tn" : 1756459716399822738,
      "q" : "1",
      "p" : "0.82028",
      "s" : "sell",
      "i" : "ADAUSD-PERP",
      "m" : "4611686018435415744"
    }, {
      "d" : "1756459715143451742",
      "t" : 1756459715143,
      "tn" : 1756459715143451742,
      "q" : "1",
      "p" : "0.82029",
      "s" : "sell",
      "i" : "ADAUSD-PERP",
      "m" : "4611686018435415743"
    }, {
      "d" : "1756459714724714535",
      "t" : 1756459714724,
      "tn" : 1756459714724714535,
      "q" : "1",
      "p" : "0.82029",
      "s" : "sell",
      "i" : "ADAUSD-PERP",
      "m" : "4611686018435415742"
    }, {
      "d" : "1756459713777875813",
      "t" : 1756459713777,
      "tn" : 1756459713777875813,
      "q" : "1",
      "p" : "0.82030",
      "s" : "sell",
      "i" : "ADAUSD-PERP",
      "m" : "4611686018435415741"
    }, {
      "d" : "1756459713669760176",
      "t" : 1756459713669,
      "tn" : 1756459713669760176,
      "q" : "1",
      "p" : "0.82030",
      "s" : "sell",
      "i" : "ADAUSD-PERP",
      "m" : "4611686018435415740"
    }, {
      "d" : "1756459710380742063",
      "t" : 1756459710380,
      "tn" : 1756459710380742063,
      "q" : "1",
      "p" : "0.82041",
      "s" : "sell",
      "i" : "ADAUSD-PERP",
      "m" : "4611686018435415739"
    }, {
      "d" : "1756459707160982484",
      "t" : 1756459707160,
      "tn" : 1756459707160982484,
      "q" : "1",
      "p" : "0.82051",
      "s" : "sell",
      "i" : "ADAUSD-PERP",
      "m" : "4611686018435415738"
    }, {
      "d" : "1756459704702241645",
      "t" : 1756459704702,
      "tn" : 1756459704702241645,
      "q" : "1",
      "p" : "0.82043",
      "s" : "buy",
      "i" : "ADAUSD-PERP",
      "m" : "4611686018435415737"
    }, {
      "d" : "1756459701540171164",
      "t" : 1756459701540,
      "tn" : 1756459701540171164,
      "q" : "1",
      "p" : "0.82051",
      "s" : "sell",
      "i" : "ADAUSD-PERP",
      "m" : "4611686018435415736"
    }, {
      "d" : "1756459700576800220",
      "t" : 1756459700576,
      "tn" : 1756459700576800220,
      "q" : "1",
      "p" : "0.82062",
      "s" : "sell",
      "i" : "ADAUSD-PERP",
      "m" : "4611686018435415735"
    }, {
      "d" : "1756459699800233931",
      "t" : 1756459699800,
      "tn" : 1756459699800233931,
      "q" : "1",
      "p" : "0.82073",
      "s" : "sell",
      "i" : "ADAUSD-PERP",
      "m" : "4611686018435415734"
    }, {
      "d" : "1756459693416382276",
      "t" : 1756459693416,
      "tn" : 1756459693416382276,
      "q" : "1",
      "p" : "0.82044",
      "s" : "buy",
      "i" : "ADAUSD-PERP",
      "m" : "4611686018435415733"
    }, {
      "d" : "1756459693085171237",
      "t" : 1756459693085,
      "tn" : 1756459693085171237,
      "q" : "1",
      "p" : "0.82033",
      "s" : "buy",
      "i" : "ADAUSD-PERP",
      "m" : "4611686018435415732"
    }, {
      "d" : "1756459686698183841",
      "t" : 1756459686698,
      "tn" : 1756459686698183841,
      "q" : "1",
      "p" : "0.82033",
      "s" : "buy",
      "i" : "ADAUSD-PERP",
      "m" : "4611686018435415731"
    }, {
      "d" : "1756459685921333816",
      "t" : 1756459685921,
      "tn" : 1756459685921333816,
      "q" : "1",
      "p" : "0.82022",
      "s" : "buy",
      "i" : "ADAUSD-PERP",
      "m" : "4611686018435415730"
    }, {
      "d" : "1756459685661847647",
      "t" : 1756459685661,
      "tn" : 1756459685661847647,
      "q" : "1",
      "p" : "0.82022",
      "s" : "buy",
      "i" : "ADAUSD-PERP",
      "m" : "4611686018435415729"
    }, {
      "d" : "1756459683357211300",
      "t" : 1756459683357,
      "tn" : 1756459683357211300,
      "q" : "1",
      "p" : "0.82011",
      "s" : "buy",
      "i" : "ADAUSD-PERP",
      "m" : "4611686018435415728"
    }, {
      "d" : "1756459681686837419",
      "t" : 1756459681686,
      "tn" : 1756459681686837419,
      "q" : "1",
      "p" : "0.82000",
      "s" : "buy",
      "i" : "ADAUSD-PERP",
      "m" : "4611686018435415727"
    }, {
      "d" : "1756459681423989826",
      "t" : 1756459681423,
      "tn" : 1756459681423989826,
      "q" : "1",
      "p" : "0.81980",
      "s" : "buy",
      "i" : "ADAUSD-PERP",
      "m" : "4611686018435415726"
    }, {
      "d" : "1756459678716301275",
      "t" : 1756459678716,
      "tn" : 1756459678716301275,
      "q" : "1",
      "p" : "0.81969",
      "s" : "buy",
      "i" : "ADAUSD-PERP",
      "m" : "4611686018435415725"
    }, {
      "d" : "1756459674654598793",
      "t" : 1756459674654,
      "tn" : 1756459674654598793,
      "q" : "1",
      "p" : "0.81969",
      "s" : "buy",
      "i" : "ADAUSD-PERP",
      "m" : "4611686018435415724"
    }, {
      "d" : "1756459668469241600",
      "t" : 1756459668469,
      "tn" : 1756459668469241600,
      "q" : "1",
      "p" : "0.82007",
      "s" : "sell",
      "i" : "ADAUSD-PERP",
      "m" : "4611686018435415723"
    }, {
      "d" : "1756459666668505574",
      "t" : 1756459666668,
      "tn" : 1756459666668505574,
      "q" : "1",
      "p" : "0.82008",
      "s" : "sell",
      "i" : "ADAUSD-PERP",
      "m" : "4611686018435415722"
    }, {
      "d" : "1756459664630754275",
      "t" : 1756459664630,
      "tn" : 1756459664630754275,
      "q" : "1",
      "p" : "0.82009",
      "s" : "buy",
      "i" : "ADAUSD-PERP",
      "m" : "4611686018435415721"
    }, {
      "d" : "1756459664470154916",
      "t" : 1756459664470,
      "tn" : 1756459664470154916,
      "q" : "1",
      "p" : "0.82018",
      "s" : "sell",
      "i" : "ADAUSD-PERP",
      "m" : "4611686018435415720"
    }, {
      "d" : "1756459662682961882",
      "t" : 1756459662682,
      "tn" : 1756459662682961882,
      "q" : "1",
      "p" : "0.82009",
      "s" : "buy",
      "i" : "ADAUSD-PERP",
      "m" : "4611686018435415719"
    }, {
      "d" : "1756459651004770832",
      "t" : 1756459651004,
      "tn" : 1756459651004770832,
      "q" : "1",
      "p" : "0.82008",
      "s" : "sell",
      "i" : "ADAUSD-PERP",
      "m" : "4611686018435415718"
    }, {
      "d" : "1756459648112723065",
      "t" : 1756459648112,
      "tn" : 1756459648112723065,
      "q" : "1",
      "p" : "0.81999",
      "s" : "buy",
      "i" : "ADAUSD-PERP",
      "m" : "4611686018435415717"
    }, {
      "d" : "1756459646466324165",
      "t" : 1756459646466,
      "tn" : 1756459646466324165,
      "q" : "1",
      "p" : "0.81979",
      "s" : "buy",
      "i" : "ADAUSD-PERP",
      "m" : "4611686018435415716"
    }, {
      "d" : "1756459645904504319",
      "t" : 1756459645904,
      "tn" : 1756459645904504319,
      "q" : "1",
      "p" : "0.81948",
      "s" : "buy",
      "i" : "ADAUSD-PERP",
      "m" : "4611686018435415715"
    }, {
      "d" : "1756459640188730327",
      "t" : 1756459640188,
      "tn" : 1756459640188730327,
      "q" : "1",
      "p" : "0.81957",
      "s" : "sell",
      "i" : "ADAUSD-PERP",
      "m" : "4611686018435415714"
    }, {
      "d" : "1756459638415791019",
      "t" : 1756459638415,
      "tn" : 1756459638415791019,
      "q" : "1",
      "p" : "0.81977",
      "s" : "sell",
      "i" : "ADAUSD-PERP",
      "m" : "4611686018435415713"
    }, {
      "d" : "1756459637829611134",
      "t" : 1756459637829,
      "tn" : 1756459637829611134,
      "q" : "1",
      "p" : "0.81978",
      "s" : "sell",
      "i" : "ADAUSD-PERP",
      "m" : "4611686018435415712"
    }, {
      "d" : "1756459637634198131",
      "t" : 1756459637634,
      "tn" : 1756459637634198131,
      "q" : "1",
      "p" : "0.81979",
      "s" : "sell",
      "i" : "ADAUSD-PERP",
      "m" : "4611686018435415711"
    }, {
      "d" : "1756459637221300074",
      "t" : 1756459637221,
      "tn" : 1756459637221300074,
      "q" : "1",
      "p" : "0.81989",
      "s" : "sell",
      "i" : "ADAUSD-PERP",
      "m" : "4611686018435415710"
    }, {
      "d" : "1756459633852459666",
      "t" : 1756459633852,
      "tn" : 1756459633852459666,
      "q" : "1",
      "p" : "0.82000",
      "s" : "buy",
      "i" : "ADAUSD-PERP",
      "m" : "4611686018435415709"
    }, {
      "d" : "1756459632375635392",
      "t" : 1756459632375,
      "tn" : 1756459632375635392,
      "q" : "1",
      "p" : "0.82009",
      "s" : "sell",
      "i" : "ADAUSD-PERP",
      "m" : "4611686018435415708"
    }, {
      "d" : "1756459630834895415",
      "t" : 1756459630834,
      "tn" : 1756459630834895415,
      "q" : "1",
      "p" : "0.81990",
      "s" : "buy",
      "i" : "ADAUSD-PERP",
      "m" : "4611686018435415707"
    }, {
      "d" : "1756459629249021420",
      "t" : 1756459629249,
      "tn" : 1756459629249021420,
      "q" : "1",
      "p" : "0.81980",
      "s" : "buy",
      "i" : "ADAUSD-PERP",
      "m" : "4611686018435415706"
    }, {
      "d" : "1756459626279791328",
      "t" : 1756459626279,
      "tn" : 1756459626279791328,
      "q" : "1",
      "p" : "0.81979",
      "s" : "buy",
      "i" : "ADAUSD-PERP",
      "m" : "4611686018435415705"
    }, {
      "d" : "1756459626068633780",
      "t" : 1756459626068,
      "tn" : 1756459626068633780,
      "q" : "1",
      "p" : "0.81979",
      "s" : "buy",
      "i" : "ADAUSD-PERP",
      "m" : "4611686018435415704"
    }, {
      "d" : "1756459625959893476",
      "t" : 1756459625959,
      "tn" : 1756459625959893476,
      "q" : "1",
      "p" : "0.81978",
      "s" : "buy",
      "i" : "ADAUSD-PERP",
      "m" : "4611686018435415703"
    }, {
      "d" : "1756459624880394077",
      "t" : 1756459624880,
      "tn" : 1756459624880394077,
      "q" : "1",
      "p" : "0.81997",
      "s" : "sell",
      "i" : "ADAUSD-PERP",
      "m" : "4611686018435415702"
    }, {
      "d" : "1756459624763058100",
      "t" : 1756459624763,
      "tn" : 1756459624763058100,
      "q" : "1",
      "p" : "0.82007",
      "s" : "sell",
      "i" : "ADAUSD-PERP",
      "m" : "4611686018435415701"
    }, {
      "d" : "1756459621637884181",
      "t" : 1756459621637,
      "tn" : 1756459621637884181,
      "q" : "1",
      "p" : "0.81999",
      "s" : "buy",
      "i" : "ADAUSD-PERP",
      "m" : "4611686018435415700"
    }, {
      "d" : "1756459613056749935",
      "t" : 1756459613056,
      "tn" : 1756459613056749935,
      "q" : "2",
      "p" : "0.82055",
      "s" : "buy",
      "i" : "ADAUSD-PERP",
      "m" : "4611686018435415699"
    }, {
      "d" : "1756459613056747963",
      "t" : 1756459613056,
      "tn" : 1756459613056747963,
      "q" : "1",
      "p" : "0.82028",
      "s" : "buy",
      "i" : "ADAUSD-PERP",
      "m" : "4611686018435415698"
    }, {
      "d" : "1756459611897639635",
      "t" : 1756459611897,
      "tn" : 1756459611897639635,
      "q" : "1",
      "p" : "0.82018",
      "s" : "buy",
      "i" : "ADAUSD-PERP",
      "m" : "4611686018435415697"
    }, {
      "d" : "1756459610912297600",
      "t" : 1756459610912,
      "tn" : 1756459610912297600,
      "q" : "1",
      "p" : "0.82036",
      "s" : "sell",
      "i" : "ADAUSD-PERP",
      "m" : "4611686018435415696"
    }, {
      "d" : "1756459608587227578",
      "t" : 1756459608587,
      "tn" : 1756459608587227578,
      "q" : "1",
      "p" : "0.82080",
      "s" : "buy",
      "i" : "ADAUSD-PERP",
      "m" : "4611686018435415695"
    }, {
      "d" : "1756459608587225379",
      "t" : 1756459608587,
      "tn" : 1756459608587225379,
      "q" : "1",
      "p" : "0.82072",
      "s" : "buy",
      "i" : "ADAUSD-PERP",
      "m" : "4611686018435415694"
    }, {
      "d" : "1756459608587222725",
      "t" : 1756459608587,
      "tn" : 1756459608587222725,
      "q" : "1",
      "p" : "0.82048",
      "s" : "buy",
      "i" : "ADAUSD-PERP",
      "m" : "4611686018435415693"
    }, {
      "d" : "1756459606309002997",
      "t" : 1756459606309,
      "tn" : 1756459606309002997,
      "q" : "1",
      "p" : "0.82037",
      "s" : "buy",
      "i" : "ADAUSD-PERP",
      "m" : "4611686018435415692"
    }, {
      "d" : "1756459604745204308",
      "t" : 1756459604745,
      "tn" : 1756459604745204308,
      "q" : "1",
      "p" : "0.82026",
      "s" : "sell",
      "i" : "ADAUSD-PERP",
      "m" : "4611686018435415691"
    }, {
      "d" : "1756459603082192551",
      "t" : 1756459603082,
      "tn" : 1756459603082192551,
      "q" : "623",
      "p" : "0.82073",
      "s" : "buy",
      "i" : "ADAUSD-PERP",
      "m" : "4611686018435415690"
    }, {
      "d" : "1756459603035936486",
      "t" : 1756459603035,
      "tn" : 1756459603035936486,
      "q" : "1",
      "p" : "0.82076",
      "s" : "sell",
      "i" : "ADAUSD-PERP",
      "m" : "4611686018435415689"
    } ]
  }
}