{
  "id" : -1,
  "method" : "public/get-trades",
  "code" : 0,
  "result" : {
    "data" : [ {
      "d" : "1756458428300727736",
      "t" : 1756458428300,
      "tn" : 1756458428300727736,
      "q" : "83",
      "p" : "0.10335",
      "s" : "sell",
      "i" : "AERGO_USD",
      "m" : "4611686018430219976"
    }, {
      "d" : "1756458208842165977",
      "t" : 1756458208842,
      "tn" : 1756458208842165977,
      "q" : "1085",
      "p" : "0.10343",
      "s" : "buy",
      "i" : "AERGO_USD",
      "m" : "4611686018430219975"
    }, {
      "d" : "1756458208842164027",
      "t" : 1756458208842,
      "tn" : 1756458208842164027,
      "q" : "622",
      "p" : "0.10342",
      "s" : "buy",
      "i" : "AERGO_USD",
      "m" : "4611686018430219974"
    }, {
      "d" : "1756458199112010131",
      "t" : 1756458199112,
      "tn" : 1756458199112010131,
      "q" : "908",
      "p" : "0.10343",
      "s" : "buy",
      "i" : "AERGO_USD",
      "m" : "4611686018430219973"
    }, {
      "d" : "1756458196848025538",
      "t" : 1756458196848,
      "tn" : 1756458196848025538,
      "q" : "1931",
      "p" : "0.10342",
      "s" : "buy",
      "i" : "AERGO_USD",
      "m" : "4611686018430219972"
    }, {
      "d" : "1756458195809337977",
      "t" : 1756458195809,
      "tn" : 1756458195809337977,
      "q" : "682",
      "p" : "0.10342",
      "s" : "buy",
      "i" : "AERGO_USD",
      "m" : "4611686018430219971"
    }, {
      "d" : "1756458195808279663",
      "t" : 1756458195808,
      "tn" : 1756458195808279663,
      "q" : "1249",
      "p" : "0.10342",
      "s" : "buy",
      "i" : "AERGO_USD",
      "m" : "4611686018430219970"
    }, {
      "d" : "1756458152470848847",
      "t" : 1756458152470,
      "tn" : 1756458152470848847,
      "q" : "5751",
      "p" : "0.10354",
      "s" : "sell",
      "i" : "AERGO_USD",
      "m" : "4611686018430219969"
    }, {
      "d" : "1756458152464743234",
      "t" : 1756458152464,
      "tn" : 1756458152464743234,
      "q" : "322",
      "p" : "0.10355",
      "s" : "sell",
      "i" : "AERGO_USD",
      "m" : "4611686018430219968"
    }, {
      "d" : "1756457860697837228",
      "t" : 1756457860697,
      "tn" : 1756457860697837228,
      "q" : "950",
      "p" : "0.10418",
      "s" : "buy",
      "i" : "AERGO_USD",
      "m" : "4611686018430219967"
    }, {
      "d" : "1756455981312444202",
      "t" : 1756455981312,
      "tn" : 1756455981312444202,
      "q" : "1908",
      "p" : "0.10473",
      "s" : "buy",
      "i" : "AERGO_USD",
      "m" : "4611686018430219966"
    }, {
      "d" : "1756455639760535171",
      "t" : 1756455639760,
      "tn" : 1756455639760535171,
      "q" : "1909",
      "p" : "0.10454",
      "s" : "buy",
      "i" : "AERGO_USD",
      "m" : "4611686018430219965"
    }, {
      "d" : "1756455066790007546",
      "t" : 1756455066790,
      "tn" : 1756455066790007546,
      "q" : "2652",
      "p" : "0.10455",
      "s" : "sell",
      "i" : "AERGO_USD",
      "m" : "4611686018430219964"
    }, {
      "d" : "1756452687154209806",
      "t" : 1756452687154,
      "tn" : 1756452687154209805,
      "q" : "483",
      "p" : "0.10527",
      "s" : "buy",
      "i" : "AERGO_USD",
      "m" : "4611686018430219963"
    }, {
      "d" : "1756452687154209805",
      "t" : 1756452687154,
      "tn" : 1756452687154209805,
      "q" : "322",
      "p" : "0.10527",
      "s" : "buy",
      "i" : "AERGO_USD",
      "m" : "4611686018430219963"
    }, {
      "d" : "1756452366508746421",
      "t" : 1756452366508,
      "tn" : 1756452366508746421,
      "q" : "3009",
      "p" : "0.10492",
      "s" : "sell",
      "i" : "AERGO_USD",
      "m" : "4611686018430219962"
    }, {
      "d" : "1756452366507963798",
      "t" : 1756452366507,
      "tn" : 1756452366507963798,
      "q" : "5000",
      "p" : "0.10492",
      "s" : "sell",
      "i" : "AERGO_USD",
      "m" : "4611686018430219961"
    }, {
      "d" : "1756451034093977283",
      "t" : 1756451034093,
      "tn" : 1756451034093977283,
      "q" : "225",
      "p" : "0.10648",
      "s" : "buy",
      "i" : "AERGO_USD",
      "m" : "4611686018430219960"
    }, {
      "d" : "1756450119072209321",
      "t" : 1756450119072,
      "tn" : 1756450119072209321,
      "q" : "178",
      "p" : "0.10648",
      "s" : "sell",
      "i" : "AERGO_USD",
      "m" : "4611686018430219959"
    }, {
      "d" : "1756450115936742545",
      "t" : 1756450115936,
      "tn" : 1756450115936742545,
      "q" : "322",
      "p" : "0.10646",
      "s" : "sell",
      "i" : "AERGO_USD",
      "m" : "4611686018430219958"
    }, {
      "d" : "1756436628000114065",
      "t" : 1756436628000,
      "tn" : 1756436628000114065,
      "q" : "1031",
      "p" : "0.10746",
      "s" : "sell",
      "i" : "AERGO_USD",
      "m" : "4611686018430219957"
    }, {
      "d" : "1756435451179824647",
      "t" : 1756435451179,
      "tn" : 1756435451179824647,
      "q" : "1432",
      "p" : "0.10779",
      "s" : "sell",
      "i" : "AERGO_USD",
      "m" : "4611686018430219956"
    }, {
      "d" : "1756435451175492962",
      "t" : 1756435451175,
      "tn" : 1756435451175492962,
      "q" : "322",
      "p" : "0.10779",
      "s" : "buy",
      "i" : "AERGO_USD",
      "m" : "4611686018430219955"
    }, {
      "d" : "1756435318832919140",
      "t" : 1756435318832,
      "tn" : 1756435318832919140,
      "q" : "117",
      "p" : "0.10738",
      "s" : "sell",
      "i" : "AERGO_USD",
      "m" : "4611686018430219954"
    }, {
      "d" : "1756435312962529947",
      "t" : 1756435312962,
      "tn" : 1756435312962529947,
      "q" : "65",
      "p" : "0.10740",
      "s" : "sell",
      "i" : "AERGO_USD",
      "m" : "4611686018430219953"
    }, {
      "d" : "1756429390522046151",
      "t" : 1756429390522,
      "tn" : 1756429390522046151,
      "q" : "15",
      "p" : "0.10835",
      "s" : "buy",
      "i" : "AERGO_USD",
      "m" : "4611686018430219952"
    }, {
      "d" : "1756422591643024047",
      "t" : 1756422591643,
      "tn" : 1756422591643024047,
      "q" : "65",
      "p" : "0.10877",
      "s" : "buy",
      "i" : "AERGO_USD",
      "m" : "4611686018430219951"
    }, {
      "d" : "1756417010895665186",
      "t" : 1756417010895,
      "tn" : 1756417010895665186,
      "q" : "55",
      "p" : "0.10738",
      "s" : "sell",
      "i" : "AERGO_USD",
      "m" : "4611686018430219950"
    }, {
      "d" : "1756415994363097171",
      "t" : 1756415994363,
      "tn" : 1756415994363097171,
      "q" : "404",
      "p" : "0.10730",
      "s" : "sell",
      "i" : "AERGO_USD",
      "m" : "4611686018430219949"
    }, {
      "d" : "1756415271261450385",
      "t" : 1756415271261,
      "tn" : 1756415271261450385,
      "q" : "646",
      "p" : "0.10719",
      "s" : "buy",
      "i" : "AERGO_USD",
      "m" : "4611686018430219948"
    }, {
      "d" : "1756415271255017971",
      "t" : 1756415271255,
      "tn" : 1756415271255017971,
      "q" : "322",
      "p" : "0.10719",
      "s" : "sell",
      "i" : "AERGO_USD",
      "m" : "4611686018430219947"
    }, {
      "d" : "1756414028876309376",
      "t" : 1756414028876,
      "tn" : 1756414028876309376,
      "q" : "884",
      "p" : "0.10717",
      "s" : "sell",
      "i" : "AERGO_USD",
      "m" : "4611686018430219946"
    }, {
      "d" : "1756410073473853014",
      "t" : 1756410073473,
      "tn" : 1756410073473853014,
      "q" : "322",
      "p" : "0.10794",
      "s" : "buy",
      "i" : "AERGO_USD",
      "m" : "4611686018430219945"
    }, {
      "d" : "1756410073464934720",
      "t" : 1756410073464,
      "tn" : 1756410073464934720,
      "q" : "6586",
      "p" : "0.10800",
      "s" : "buy",
      "i" : "AERGO_USD",
      "m" : "4611686018430219944"
    }, {
      "d" : "1756410073464546892",
      "t" : 1756410073464,
      "tn" : 1756410073464546892,
      "q" : "6478",
      "p" : "0.10796",
      "s" : "buy",
      "i" : "AERGO_USD",
      "m" : "4611686018430219943"
    }, {
      "d" : "1756410073464025268",
      "t" : 1756410073464,
      "tn" : 1756410073464025268,
      "q" : "6082",
      "p" : "0.10795",
      "s" : "buy",
      "i" : "AERGO_USD",
      "m" : "4611686018430219942"
    }, {
      "d" : "1756406757409570058",
      "t" : 1756406757409,
      "tn" : 1756406757409570058,
      "q" : "566",
      "p" : "0.10762",
      "s" : "buy",
      "i" : "AERGO_USD",
      "m" : "4611686018430219941"
    }, {
      "d" : "1756406757402655398",
      "t" : 1756406757402,
      "tn" : 1756406757402655398,
      "q" : "229",
      "p" : "0.10762",
      "s" : "sell",
      "i" : "AERGO_USD",
      "m" : "4611686018430219940"
    }, {
      "d" : "1756392464149409585",
      "t" : 1756392464149,
      "tn" : 1756392464149409585,
      "q" : "145",
      "p" : "0.10875",
      "s" : "buy",
      "i" : "AERGO_USD",
      "m" : "4611686018430219939"
    }, {
      "d" : "1756392464081203101",
      "t" : 1756392464081,
      "tn" : 1756392464081203101,
      "q" : "1731",
      "p" : "0.10830",
      "s" : "buy",
      "i" : "AERGO_USD",
      "m" : "4611686018430219938"
    }, {
      "d" : "1756392464062593984",
      "t" : 1756392464062,
      "tn" : 1756392464062593984,
      "q" : "1300",
      "p" : "0.10830",
      "s" : "buy",
      "i" : "AERGO_USD",
      "m" : "4611686018430219937"
    }, {
      "d" : "1756392464056058626",
      "t" : 1756392464056,
      "tn" : 1756392464056058626,
      "q" : "950",
      "p" : "0.10830",
      "s" : "buy",
      "i" : "AERGO_USD",
      "m" : "4611686018430219936"
    }, {
      "d" : "1756392463987690206",
      "t" : 1756392463987,
      "tn" : 1756392463987690206,
      "q" : "1538",
      "p" : "0.10830",
      "s" : "buy",
      "i" : "AERGO_USD",
      "m" : "4611686018430219935"
    }, {
      "d" : "1756392463904926956",
      "t" : 1756392463904,
      "tn" : 1756392463904926956,
      "q" : "1800",
      "p" : "0.10830",
      "s" : "buy",
      "i" : "AERGO_USD",
      "m" : "4611686018430219934"
    }, {
      "d" : "1756392463826777246",
      "t" : 1756392463826,
      "tn" : 1756392463826777246,
      "q" : "2583",
      "p" : "0.10830",
      "s" : "sell",
      "i" : "AERGO_USD",
      "m" : "4611686018430219933"
    }, {
      "d" : "1756390809546420696",
      "t" : 1756390809546,
      "tn" : 1756390809546420696,
      "q" : "4607",
      "p" : "0.10840",
      "s" : "buy",
      "i" : "AERGO_USD",
      "m" : "4611686018430219932"
    }, {
      "d" : "1756390797749839769",
      "t" : 1756390797749,
      "tn" : 1756390797749839769,
      "q" : "322",
      "p" : "0.10840",
      "s" : "buy",
      "i" : "AERGO_USD",
      "m" : "4611686018430219931"
    }, {
      "d" : "1756390797268787395",
      "t" : 1756390797268,
      "tn" : 1756390797268787395,
      "q" : "2213",
      "p" : "0.10840",
      "s" : "buy",
      "i" : "AERGO_USD",
      "m" : "4611686018430219930"
    }, {
      "d" : "1756389293914598169",
      "t" : 1756389293914,
      "tn" : 1756389293914598169,
      "q" : "404",
      "p" : "0.10785",
      "s" : "buy",
      "i" : "AERGO_USD",
      "m" : "4611686018430219929"
    }, {
      "d" : "1756387999728644797",
      "t" : 1756387999728,
      "tn" : 1756387999728644797,
      "q" : "322",
      "p" : "0.10815",
      "s" : "buy",
      "i" : "AERGO_USD",
      "m" : "4611686018430219928"
    }, {
      "d" : "1756387714681111124",
      "t" : 1756387714681,
      "tn" : 1756387714681111124,
      "q" : "21",
      "p" : "0.10776",
      "s" : "sell",
      "i" : "AERGO_USD",
      "m" : "4611686018430219927"
    }, {
      "d" : "1756384441124178848",
      "t" : 1756384441124,
      "tn" : 1756384441124178848,
      "q" : "19",
      "p" : "0.10784",
      "s" : "sell",
      "i" : "AERGO_USD",
      "m" : "4611686018430219926"
    }, {
      "d" : "1756384310824123501",
      "t" : 1756384310824,
      "tn" : 1756384310824123501,
      "q" : "322",
      "p" : "0.10835",
      "s" : "buy",
      "i" : "AERGO_USD",
      "m" : "4611686018430219925"
    }, {
      "d" : "1756384274535444874",
      "t" : 1756384274535,
      "tn" : 1756384274535444874,
      "q" : "322",
      "p" : "0.10814",
      "s" : "buy",
      "i" : "AERGO_USD",
      "m" : "4611686018430219924"
    }, {
      "d" : "1756384274464784228",
      "t" : 1756384274464,
      "tn" : 1756384274464784228,
      "q" : "6478",
      "p" : "0.10810",
      "s" : "buy",
      "i" : "AERGO_USD",
      "m" : "4611686018430219923"
    }, {
      "d" : "1756383885559432198",
      "t" : 1756383885559,
      "tn" : 1756383885559432198,
      "q" : "12",
      "p" : "0.10765",
      "s" : "sell",
      "i" : "AERGO_USD",
      "m" : "4611686018430219922"
    }, {
      "d" : "1756379907380125053",
      "t" : 1756379907380,
      "tn" : 1756379907380125052,
      "q" : "486",
      "p" : "0.10757",
      "s" : "sell",
      "i" : "AERGO_USD",
      "m" : "4611686018430219921"
    }, {
      "d" : "1756379907380125052",
      "t" : 1756379907380,
      "tn" : 1756379907380125052,
      "q" : "131",
      "p" : "0.10757",
      "s" : "sell",
      "i" : "AERGO_USD",
      "m" : "4611686018430219921"
    }, {
      "d" : "1756373997523299867",
      "t" : 1756373997523,
      "tn" : 1756373997523299867,
      "q" : "150",
      "p" : "0.10761",
      "s" : "buy",
      "i" : "AERGO_USD",
      "m" : "4611686018430219920"
    }, {
      "d" : "1756373997510705514",
      "t" : 1756373997510,
      "tn" : 1756373997510705514,
      "q" : "140",
      "p" : "0.10761",
      "s" : "buy",
      "i" : "AERGO_USD",
      "m" : "4611686018430219919"
    }, {
      "d" : "1756373997499691455",
      "t" : 1756373997499,
      "tn" : 1756373997499691455,
      "q" : "186",
      "p" : "0.10761",
      "s" : "buy",
      "i" : "AERGO_USD",
      "m" : "4611686018430219918"
    } ]
  }
}