{
  "id" : -1,
  "method" : "public/get-trades",
  "code" : 0,
  "result" : {
    "data" : [ {
      "d" : "1756459470165858635",
      "t" : 1756459470165,
      "tn" : 1756459470165858635,
      "q" : "23.6",
      "p" : "1.1390",
      "s" : "buy",
      "i" : "AERO_USD",
      "m" : "4611686018428370910"
    }, {
      "d" : "1756459470163569783",
      "t" : 1756459470163,
      "tn" : 1756459470163569783,
      "q" : "92.0",
      "p" : "1.1390",
      "s" : "buy",
      "i" : "AERO_USD",
      "m" : "4611686018428370909"
    }, {
      "d" : "1756459470163554906",
      "t" : 1756459470163,
      "tn" : 1756459470163554906,
      "q" : "160.0",
      "p" : "1.1390",
      "s" : "buy",
      "i" : "AERO_USD",
      "m" : "4611686018428370908"
    }, {
      "d" : "1756459470160987402",
      "t" : 1756459470160,
      "tn" : 1756459470160987402,
      "q" : "118.0",
      "p" : "1.1390",
      "s" : "buy",
      "i" : "AERO_USD",
      "m" : "4611686018428370907"
    }, {
      "d" : "1756459470140486467",
      "t" : 1756459470140,
      "tn" : 1756459470140486467,
      "q" : "168.0",
      "p" : "1.1390",
      "s" : "buy",
      "i" : "AERO_USD",
      "m" : "4611686018428370906"
    }, {
      "d" : "1756459350495049323",
      "t" : 1756459350495,
      "tn" : 1756459350495049323,
      "q" : "1.0",
      "p" : "1.1445",
      "s" : "sell",
      "i" : "AERO_USD",
      "m" : "4611686018428370905"
    }, {
      "d" : "1756459340260215544",
      "t" : 1756459340260,
      "tn" : 1756459340260215544,
      "q" : "1.0",
      "p" : "1.1435",
      "s" : "sell",
      "i" : "AERO_USD",
      "m" : "4611686018428370904"
    }, {
      "d" : "1756459338943027616",
      "t" : 1756459338943,
      "tn" : 1756459338943027616,
      "q" : "1.0",
      "p" : "1.1437",
      "s" : "sell",
      "i" : "AERO_USD",
      "m" : "4611686018428370903"
    }, {
      "d" : "1756459336203666264",
      "t" : 1756459336203,
      "tn" : 1756459336203666264,
      "q" : "1.0",
      "p" : "1.1419",
      "s" : "sell",
      "i" : "AERO_USD",
      "m" : "4611686018428370902"
    }, {
      "d" : "1756459333388707757",
      "t" : 1756459333388,
      "tn" : 1756459333388707757,
      "q" : "1.0",
      "p" : "1.1425",
      "s" : "sell",
      "i" : "AERO_USD",
      "m" : "4611686018428370901"
    }, {
      "d" : "1756459332066841522",
      "t" : 1756459332066,
      "tn" : 1756459332066841522,
      "q" : "1.0",
      "p" : "1.1429",
      "s" : "sell",
      "i" : "AERO_USD",
      "m" : "4611686018428370900"
    }, {
      "d" : "1756459330009627507",
      "t" : 1756459330009,
      "tn" : 1756459330009627507,
      "q" : "1.0",
      "p" : "1.1433",
      "s" : "sell",
      "i" : "AERO_USD",
      "m" : "4611686018428370899"
    }, {
      "d" : "1756459325248193427",
      "t" : 1756459325248,
      "tn" : 1756459325248193427,
      "q" : "36.0",
      "p" : "1.1420",
      "s" : "buy",
      "i" : "AERO_USD",
      "m" : "4611686018428370898"
    }, {
      "d" : "1756459325238113974",
      "t" : 1756459325238,
      "tn" : 1756459325238113974,
      "q" : "36.0",
      "p" : "1.1419",
      "s" : "buy",
      "i" : "AERO_USD",
      "m" : "4611686018428370897"
    }, {
      "d" : "1756459324235726322",
      "t" : 1756459324235,
      "tn" : 1756459324235726322,
      "q" : "25.0",
      "p" : "1.1419",
      "s" : "buy",
      "i" : "AERO_USD",
      "m" : "4611686018428370896"
    }, {
      "d" : "1756459324164358868",
      "t" : 1756459324164,
      "tn" : 1756459324164358868,
      "q" : "36.0",
      "p" : "1.1419",
      "s" : "buy",
      "i" : "AERO_USD",
      "m" : "4611686018428370895"
    }, {
      "d" : "1756459322635966789",
      "t" : 1756459322635,
      "tn" : 1756459322635966789,
      "q" : "1.0",
      "p" : "1.1422",
      "s" : "sell",
      "i" : "AERO_USD",
      "m" : "4611686018428370894"
    }, {
      "d" : "1756459321273812380",
      "t" : 1756459321273,
      "tn" : 1756459321273812380,
      "q" : "1.0",
      "p" : "1.1426",
      "s" : "sell",
      "i" : "AERO_USD",
      "m" : "4611686018428370893"
    }, {
      "d" : "1756459319482800542",
      "t" : 1756459319482,
      "tn" : 1756459319482800542,
      "q" : "1.0",
      "p" : "1.1430",
      "s" : "sell",
      "i" : "AERO_USD",
      "m" : "4611686018428370892"
    }, {
      "d" : "1756459317751212176",
      "t" : 1756459317751,
      "tn" : 1756459317751212176,
      "q" : "1.0",
      "p" : "1.1436",
      "s" : "sell",
      "i" : "AERO_USD",
      "m" : "4611686018428370891"
    }, {
      "d" : "1756458264403398860",
      "t" : 1756458264403,
      "tn" : 1756458264403398860,
      "q" : "1.0",
      "p" : "1.1428",
      "s" : "sell",
      "i" : "AERO_USD",
      "m" : "4611686018428370890"
    }, {
      "d" : "1756458264403395888",
      "t" : 1756458264403,
      "tn" : 1756458264403395888,
      "q" : "9.8",
      "p" : "1.1430",
      "s" : "sell",
      "i" : "AERO_USD",
      "m" : "4611686018428370889"
    }, {
      "d" : "1756458165845826725",
      "t" : 1756458165845,
      "tn" : 1756458165845826725,
      "q" : "4.3",
      "p" : "1.1475",
      "s" : "sell",
      "i" : "AERO_USD",
      "m" : "4611686018428370888"
    }, {
      "d" : "1756457298159679175",
      "t" : 1756457298159,
      "tn" : 1756457298159679175,
      "q" : "5.5",
      "p" : "1.1543",
      "s" : "sell",
      "i" : "AERO_USD",
      "m" : "4611686018428370887"
    }, {
      "d" : "1756457297451920624",
      "t" : 1756457297451,
      "tn" : 1756457297451920624,
      "q" : "3.3",
      "p" : "1.1543",
      "s" : "sell",
      "i" : "AERO_USD",
      "m" : "4611686018428370886"
    }, {
      "d" : "1756457297451918457",
      "t" : 1756457297451,
      "tn" : 1756457297451918457,
      "q" : "9.7",
      "p" : "1.1545",
      "s" : "sell",
      "i" : "AERO_USD",
      "m" : "4611686018428370885"
    }, {
      "d" : "1756457269810506952",
      "t" : 1756457269810,
      "tn" : 1756457269810506952,
      "q" : "1.2",
      "p" : "1.1545",
      "s" : "sell",
      "i" : "AERO_USD",
      "m" : "4611686018428370884"
    }, {
      "d" : "1756457269810505015",
      "t" : 1756457269810,
      "tn" : 1756457269810505015,
      "q" : "11.8",
      "p" : "1.1546",
      "s" : "sell",
      "i" : "AERO_USD",
      "m" : "4611686018428370883"
    }, {
      "d" : "1756453105242038849",
      "t" : 1756453105242,
      "tn" : 1756453105242038849,
      "q" : "11.8",
      "p" : "1.1761",
      "s" : "buy",
      "i" : "AERO_USD",
      "m" : "4611686018428370882"
    }, {
      "d" : "1756452139387107481",
      "t" : 1756452139387,
      "tn" : 1756452139387107481,
      "q" : "21.0",
      "p" : "1.1627",
      "s" : "sell",
      "i" : "AERO_USD",
      "m" : "4611686018428370881"
    }, {
      "d" : "1756452139387098983",
      "t" : 1756452139387,
      "tn" : 1756452139387098983,
      "q" : "21.0",
      "p" : "1.1627",
      "s" : "sell",
      "i" : "AERO_USD",
      "m" : "4611686018428370880"
    }, {
      "d" : "1756452139384622741",
      "t" : 1756452139384,
      "tn" : 1756452139384622741,
      "q" : "21.0",
      "p" : "1.1627",
      "s" : "sell",
      "i" : "AERO_USD",
      "m" : "4611686018428370879"
    }, {
      "d" : "1756452139372670450",
      "t" : 1756452139372,
      "tn" : 1756452139372670450,
      "q" : "10.0",
      "p" : "1.1627",
      "s" : "sell",
      "i" : "AERO_USD",
      "m" : "4611686018428370878"
    }, {
      "d" : "1756452139372669146",
      "t" : 1756452139372,
      "tn" : 1756452139372669146,
      "q" : "10.0",
      "p" : "1.1651",
      "s" : "sell",
      "i" : "AERO_USD",
      "m" : "4611686018428370877"
    }, {
      "d" : "1756452139372665676",
      "t" : 1756452139372,
      "tn" : 1756452139372665676,
      "q" : "1.0",
      "p" : "1.1663",
      "s" : "sell",
      "i" : "AERO_USD",
      "m" : "4611686018428370876"
    }, {
      "d" : "1756452139372607919",
      "t" : 1756452139372,
      "tn" : 1756452139372607919,
      "q" : "21.0",
      "p" : "1.1672",
      "s" : "sell",
      "i" : "AERO_USD",
      "m" : "4611686018428370875"
    }, {
      "d" : "1756451579580120248",
      "t" : 1756451579580,
      "tn" : 1756451579580120248,
      "q" : "5.1",
      "p" : "1.1795",
      "s" : "sell",
      "i" : "AERO_USD",
      "m" : "4611686018428370874"
    }, {
      "d" : "1756451572133374675",
      "t" : 1756451572133,
      "tn" : 1756451572133374675,
      "q" : "4.2",
      "p" : "1.1830",
      "s" : "sell",
      "i" : "AERO_USD",
      "m" : "4611686018428370873"
    }, {
      "d" : "1756450952079613917",
      "t" : 1756450952079,
      "tn" : 1756450952079613917,
      "q" : "8.6",
      "p" : "1.1880",
      "s" : "sell",
      "i" : "AERO_USD",
      "m" : "4611686018428370872"
    }, {
      "d" : "1756450948102716649",
      "t" : 1756450948102,
      "tn" : 1756450948102716649,
      "q" : "0.9",
      "p" : "1.1890",
      "s" : "sell",
      "i" : "AERO_USD",
      "m" : "4611686018428370871"
    }, {
      "d" : "1756449867039591544",
      "t" : 1756449867039,
      "tn" : 1756449867039591544,
      "q" : "186.4",
      "p" : "1.1991",
      "s" : "sell",
      "i" : "AERO_USD",
      "m" : "4611686018428370870"
    }, {
      "d" : "1756449846472001789",
      "t" : 1756449846472,
      "tn" : 1756449846472001789,
      "q" : "240.3",
      "p" : "1.1991",
      "s" : "sell",
      "i" : "AERO_USD",
      "m" : "4611686018428370869"
    }, {
      "d" : "1756449840498696762",
      "t" : 1756449840498,
      "tn" : 1756449840498696762,
      "q" : "220.2",
      "p" : "1.1991",
      "s" : "sell",
      "i" : "AERO_USD",
      "m" : "4611686018428370868"
    }, {
      "d" : "1756449839290084690",
      "t" : 1756449839290,
      "tn" : 1756449839290084690,
      "q" : "30.0",
      "p" : "1.1991",
      "s" : "sell",
      "i" : "AERO_USD",
      "m" : "4611686018428370867"
    }, {
      "d" : "1756449824699951198",
      "t" : 1756449824699,
      "tn" : 1756449824699951198,
      "q" : "30.0",
      "p" : "1.1991",
      "s" : "sell",
      "i" : "AERO_USD",
      "m" : "4611686018428370866"
    }, {
      "d" : "1756449796782743334",
      "t" : 1756449796782,
      "tn" : 1756449796782743334,
      "q" : "30.0",
      "p" : "1.1973",
      "s" : "sell",
      "i" : "AERO_USD",
      "m" : "4611686018428370865"
    }, {
      "d" : "1756449795700476963",
      "t" : 1756449795700,
      "tn" : 1756449795700476963,
      "q" : "30.0",
      "p" : "1.1973",
      "s" : "sell",
      "i" : "AERO_USD",
      "m" : "4611686018428370864"
    }, {
      "d" : "1756449794202327541",
      "t" : 1756449794202,
      "tn" : 1756449794202327541,
      "q" : "30.0",
      "p" : "1.1973",
      "s" : "sell",
      "i" : "AERO_USD",
      "m" : "4611686018428370863"
    }, {
      "d" : "1756449793616741755",
      "t" : 1756449793616,
      "tn" : 1756449793616741755,
      "q" : "30.0",
      "p" : "1.1973",
      "s" : "sell",
      "i" : "AERO_USD",
      "m" : "4611686018428370862"
    }, {
      "d" : "1756449561067550903",
      "t" : 1756449561067,
      "tn" : 1756449561067550903,
      "q" : "239.0",
      "p" : "1.1940",
      "s" : "sell",
      "i" : "AERO_USD",
      "m" : "4611686018428370861"
    }, {
      "d" : "1756449547890074938",
      "t" : 1756449547890,
      "tn" : 1756449547890074938,
      "q" : "135.0",
      "p" : "1.1931",
      "s" : "sell",
      "i" : "AERO_USD",
      "m" : "4611686018428370860"
    }, {
      "d" : "1756443389499555487",
      "t" : 1756443389499,
      "tn" : 1756443389499555487,
      "q" : "147.5",
      "p" : "1.1929",
      "s" : "sell",
      "i" : "AERO_USD",
      "m" : "4611686018428370859"
    }, {
      "d" : "1756443389499553794",
      "t" : 1756443389499,
      "tn" : 1756443389499553794,
      "q" : "103.7",
      "p" : "1.1930",
      "s" : "sell",
      "i" : "AERO_USD",
      "m" : "4611686018428370858"
    }, {
      "d" : "1756443389499551290",
      "t" : 1756443389499,
      "tn" : 1756443389499551290,
      "q" : "29.0",
      "p" : "1.1980",
      "s" : "sell",
      "i" : "AERO_USD",
      "m" : "4611686018428370857"
    }, {
      "d" : "1756443389499548001",
      "t" : 1756443389499,
      "tn" : 1756443389499548001,
      "q" : "279.2",
      "p" : "1.1980",
      "s" : "sell",
      "i" : "AERO_USD",
      "m" : "4611686018428370856"
    }, {
      "d" : "1756443389499546426",
      "t" : 1756443389499,
      "tn" : 1756443389499546426,
      "q" : "1.0",
      "p" : "1.2014",
      "s" : "sell",
      "i" : "AERO_USD",
      "m" : "4611686018428370855"
    }, {
      "d" : "1756443389484569347",
      "t" : 1756443389484,
      "tn" : 1756443389484569347,
      "q" : "280.2",
      "p" : "1.2031",
      "s" : "sell",
      "i" : "AERO_USD",
      "m" : "4611686018428370854"
    }, {
      "d" : "1756440755685487299",
      "t" : 1756440755685,
      "tn" : 1756440755685487299,
      "q" : "0.7",
      "p" : "1.2123",
      "s" : "buy",
      "i" : "AERO_USD",
      "m" : "4611686018428370853"
    }, {
      "d" : "1756440755685485228",
      "t" : 1756440755685,
      "tn" : 1756440755685485228,
      "q" : "1.0",
      "p" : "1.2006",
      "s" : "buy",
      "i" : "AERO_USD",
      "m" : "4611686018428370852"
    }, {
      "d" : "1756440741520111408",
      "t" : 1756440741520,
      "tn" : 1756440741520111408,
      "q" : "6.0",
      "p" : "1.2124",
      "s" : "buy",
      "i" : "AERO_USD",
      "m" : "4611686018428370851"
    }, {
      "d" : "1756437009778770930",
      "t" : 1756437009778,
      "tn" : 1756437009778770930,
      "q" : "280.2",
      "p" : "1.2041",
      "s" : "buy",
      "i" : "AERO_USD",
      "m" : "4611686018428370850"
    }, {
      "d" : "1756437009191630157",
      "t" : 1756437009191,
      "tn" : 1756437009191630156,
      "q" : "1.0",
      "p" : "1.2043",
      "s" : "buy",
      "i" : "AERO_USD",
      "m" : "4611686018428370849"
    }, {
      "d" : "1756437009191630156",
      "t" : 1756437009191,
      "tn" : 1756437009191630156,
      "q" : "280.2",
      "p" : "1.2043",
      "s" : "buy",
      "i" : "AERO_USD",
      "m" : "4611686018428370849"
    }, {
      "d" : "1756436882148610906",
      "t" : 1756436882148,
      "tn" : 1756436882148610906,
      "q" : "100.0",
      "p" : "1.2125",
      "s" : "buy",
      "i" : "AERO_USD",
      "m" : "4611686018428370848"
    }, {
      "d" : "1756436619534473427",
      "t" : 1756436619534,
      "tn" : 1756436619534473427,
      "q" : "1.0",
      "p" : "1.2007",
      "s" : "sell",
      "i" : "AERO_USD",
      "m" : "4611686018428370847"
    }, {
      "d" : "1756436612574477934",
      "t" : 1756436612574,
      "tn" : 1756436612574477934,
      "q" : "1.0",
      "p" : "1.2017",
      "s" : "sell",
      "i" : "AERO_USD",
      "m" : "4611686018428370846"
    }, {
      "d" : "1756434045424251510",
      "t" : 1756434045424,
      "tn" : 1756434045424251510,
      "q" : "280.2",
      "p" : "1.2014",
      "s" : "sell",
      "i" : "AERO_USD",
      "m" : "4611686018428370845"
    }, {
      "d" : "1756434045424249163",
      "t" : 1756434045424,
      "tn" : 1756434045424249163,
      "q" : "1.0",
      "p" : "1.2015",
      "s" : "sell",
      "i" : "AERO_USD",
      "m" : "4611686018428370844"
    }, {
      "d" : "1756434043049140944",
      "t" : 1756434043049,
      "tn" : 1756434043049140944,
      "q" : "2.0",
      "p" : "1.1900",
      "s" : "buy",
      "i" : "AERO_USD",
      "m" : "4611686018428370843"
    }, {
      "d" : "1756434043025436545",
      "t" : 1756434043025,
      "tn" : 1756434043025436545,
      "q" : "280.2",
      "p" : "1.2012",
      "s" : "sell",
      "i" : "AERO_USD",
      "m" : "4611686018428370842"
    }, {
      "d" : "1756434043025434072",
      "t" : 1756434043025,
      "tn" : 1756434043025434072,
      "q" : "1.0",
      "p" : "1.2014",
      "s" : "sell",
      "i" : "AERO_USD",
      "m" : "4611686018428370841"
    }, {
      "d" : "1756428326958367012",
      "t" : 1756428326958,
      "tn" : 1756428326958367012,
      "q" : "3.6",
      "p" : "1.2060",
      "s" : "sell",
      "i" : "AERO_USD",
      "m" : "4611686018428370840"
    }, {
      "d" : "1756428326871170587",
      "t" : 1756428326871,
      "tn" : 1756428326871170587,
      "q" : "280.2",
      "p" : "1.2060",
      "s" : "sell",
      "i" : "AERO_USD",
      "m" : "4611686018428370839"
    }, {
      "d" : "1756424067506027510",
      "t" : 1756424067506,
      "tn" : 1756424067506027510,
      "q" : "246.0",
      "p" : "1.2064",
      "s" : "sell",
      "i" : "AERO_USD",
      "m" : "4611686018428370838"
    }, {
      "d" : "1756424067506025636",
      "t" : 1756424067506,
      "tn" : 1756424067506025636,
      "q" : "247.1",
      "p" : "1.2076",
      "s" : "sell",
      "i" : "AERO_USD",
      "m" : "4611686018428370837"
    }, {
      "d" : "1756424067506022655",
      "t" : 1756424067506,
      "tn" : 1756424067506022655,
      "q" : "280.2",
      "p" : "1.2083",
      "s" : "sell",
      "i" : "AERO_USD",
      "m" : "4611686018428370836"
    }, {
      "d" : "1756421184164739220",
      "t" : 1756421184164,
      "tn" : 1756421184164739220,
      "q" : "118.6",
      "p" : "1.2069",
      "s" : "buy",
      "i" : "AERO_USD",
      "m" : "4611686018428370835"
    }, {
      "d" : "1756421184162158035",
      "t" : 1756421184162,
      "tn" : 1756421184162158035,
      "q" : "84.0",
      "p" : "1.2069",
      "s" : "buy",
      "i" : "AERO_USD",
      "m" : "4611686018428370834"
    }, {
      "d" : "1756421184149557313",
      "t" : 1756421184149,
      "tn" : 1756421184149557313,
      "q" : "192.1",
      "p" : "1.2084",
      "s" : "sell",
      "i" : "AERO_USD",
      "m" : "4611686018428370833"
    }, {
      "d" : "1756421184149554824",
      "t" : 1756421184149,
      "tn" : 1756421184149554824,
      "q" : "1.0",
      "p" : "1.2162",
      "s" : "sell",
      "i" : "AERO_USD",
      "m" : "4611686018428370832"
    }, {
      "d" : "1756421171046395185",
      "t" : 1756421171046,
      "tn" : 1756421171046395185,
      "q" : "1.0",
      "p" : "1.2167",
      "s" : "sell",
      "i" : "AERO_USD",
      "m" : "4611686018428370831"
    }, {
      "d" : "1756421144816598707",
      "t" : 1756421144816,
      "tn" : 1756421144816598707,
      "q" : "1.0",
      "p" : "1.2176",
      "s" : "sell",
      "i" : "AERO_USD",
      "m" : "4611686018428370830"
    }, {
      "d" : "1756421134799527424",
      "t" : 1756421134799,
      "tn" : 1756421134799527424,
      "q" : "32.3",
      "p" : "1.2128",
      "s" : "buy",
      "i" : "AERO_USD",
      "m" : "4611686018428370829"
    }, {
      "d" : "1756421134798447360",
      "t" : 1756421134798,
      "tn" : 1756421134798447360,
      "q" : "366.4",
      "p" : "1.2128",
      "s" : "buy",
      "i" : "AERO_USD",
      "m" : "4611686018428370828"
    }, {
      "d" : "1756421134784666377",
      "t" : 1756421134784,
      "tn" : 1756421134784666377,
      "q" : "1.0",
      "p" : "1.2176",
      "s" : "sell",
      "i" : "AERO_USD",
      "m" : "4611686018428370827"
    }, {
      "d" : "1756421104529911974",
      "t" : 1756421104529,
      "tn" : 1756421104529911974,
      "q" : "1.0",
      "p" : "1.2179",
      "s" : "sell",
      "i" : "AERO_USD",
      "m" : "4611686018428370826"
    }, {
      "d" : "1756421071626995952",
      "t" : 1756421071626,
      "tn" : 1756421071626995952,
      "q" : "1.0",
      "p" : "1.2183",
      "s" : "sell",
      "i" : "AERO_USD",
      "m" : "4611686018428370825"
    }, {
      "d" : "1756415879011625678",
      "t" : 1756415879011,
      "tn" : 1756415879011625678,
      "q" : "1.0",
      "p" : "1.2026",
      "s" : "sell",
      "i" : "AERO_USD",
      "m" : "4611686018428370824"
    }, {
      "d" : "1756412333368267340",
      "t" : 1756412333368,
      "tn" : 1756412333368267340,
      "q" : "181.0",
      "p" : "1.2055",
      "s" : "buy",
      "i" : "AERO_USD",
      "m" : "4611686018428370823"
    }, {
      "d" : "1756412333368264331",
      "t" : 1756412333368,
      "tn" : 1756412333368264331,
      "q" : "1.0",
      "p" : "1.2037",
      "s" : "buy",
      "i" : "AERO_USD",
      "m" : "4611686018428370822"
    }, {
      "d" : "1756412325303855484",
      "t" : 1756412325303,
      "tn" : 1756412325303855484,
      "q" : "159.0",
      "p" : "1.2052",
      "s" : "buy",
      "i" : "AERO_USD",
      "m" : "4611686018428370821"
    }, {
      "d" : "1756412325303853527",
      "t" : 1756412325303,
      "tn" : 1756412325303853527,
      "q" : "1.0",
      "p" : "1.2026",
      "s" : "buy",
      "i" : "AERO_USD",
      "m" : "4611686018428370820"
    }, {
      "d" : "1756412177663865053",
      "t" : 1756412177663,
      "tn" : 1756412177663865053,
      "q" : "1.0",
      "p" : "1.2008",
      "s" : "sell",
      "i" : "AERO_USD",
      "m" : "4611686018428370819"
    }, {
      "d" : "1756412174179639110",
      "t" : 1756412174179,
      "tn" : 1756412174179639110,
      "q" : "1.0",
      "p" : "1.2008",
      "s" : "sell",
      "i" : "AERO_USD",
      "m" : "4611686018428370818"
    }, {
      "d" : "1756412170790661131",
      "t" : 1756412170790,
      "tn" : 1756412170790661131,
      "q" : "1.0",
      "p" : "1.2006",
      "s" : "sell",
      "i" : "AERO_USD",
      "m" : "4611686018428370817"
    }, {
      "d" : "1756412170680436862",
      "t" : 1756412170680,
      "tn" : 1756412170680436862,
      "q" : "1.0",
      "p" : "1.2006",
      "s" : "sell",
      "i" : "AERO_USD",
      "m" : "4611686018428370816"
    }, {
      "d" : "1756412170559947201",
      "t" : 1756412170559,
      "tn" : 1756412170559947201,
      "q" : "1.0",
      "p" : "1.2006",
      "s" : "sell",
      "i" : "AERO_USD",
      "m" : "4611686018428370815"
    }, {
      "d" : "1756412170008080881",
      "t" : 1756412170008,
      "tn" : 1756412170008080881,
      "q" : "1.0",
      "p" : "1.2007",
      "s" : "sell",
      "i" : "AERO_USD",
      "m" : "4611686018428370814"
    }, {
      "d" : "1756412169577136165",
      "t" : 1756412169577,
      "tn" : 1756412169577136165,
      "q" : "1.0",
      "p" : "1.2007",
      "s" : "sell",
      "i" : "AERO_USD",
      "m" : "4611686018428370813"
    }, {
      "d" : "1756412169347657569",
      "t" : 1756412169347,
      "tn" : 1756412169347657569,
      "q" : "1.0",
      "p" : "1.2007",
      "s" : "sell",
      "i" : "AERO_USD",
      "m" : "4611686018428370812"
    }, {
      "d" : "1756412169154446232",
      "t" : 1756412169154,
      "tn" : 1756412169154446232,
      "q" : "1.0",
      "p" : "1.2007",
      "s" : "sell",
      "i" : "AERO_USD",
      "m" : "4611686018428370811"
    }, {
      "d" : "1756412168755146986",
      "t" : 1756412168755,
      "tn" : 1756412168755146986,
      "q" : "1.0",
      "p" : "1.2007",
      "s" : "sell",
      "i" : "AERO_USD",
      "m" : "4611686018428370810"
    }, {
      "d" : "1756412168614806903",
      "t" : 1756412168614,
      "tn" : 1756412168614806903,
      "q" : "1.0",
      "p" : "1.2007",
      "s" : "sell",
      "i" : "AERO_USD",
      "m" : "4611686018428370809"
    }, {
      "d" : "1756412168570031275",
      "t" : 1756412168570,
      "tn" : 1756412168570031275,
      "q" : "1.0",
      "p" : "1.2007",
      "s" : "sell",
      "i" : "AERO_USD",
      "m" : "4611686018428370808"
    }, {
      "d" : "1756412168304643165",
      "t" : 1756412168304,
      "tn" : 1756412168304643165,
      "q" : "1.0",
      "p" : "1.2007",
      "s" : "sell",
      "i" : "AERO_USD",
      "m" : "4611686018428370807"
    }, {
      "d" : "1756412168183233983",
      "t" : 1756412168183,
      "tn" : 1756412168183233983,
      "q" : "1.0",
      "p" : "1.2007",
      "s" : "sell",
      "i" : "AERO_USD",
      "m" : "4611686018428370806"
    }, {
      "d" : "1756412168047157572",
      "t" : 1756412168047,
      "tn" : 1756412168047157572,
      "q" : "1.0",
      "p" : "1.2007",
      "s" : "sell",
      "i" : "AERO_USD",
      "m" : "4611686018428370805"
    }, {
      "d" : "1756412167775323914",
      "t" : 1756412167775,
      "tn" : 1756412167775323914,
      "q" : "1.0",
      "p" : "1.2006",
      "s" : "sell",
      "i" : "AERO_USD",
      "m" : "4611686018428370804"
    }, {
      "d" : "1756412167251378453",
      "t" : 1756412167251,
      "tn" : 1756412167251378453,
      "q" : "1.0",
      "p" : "1.2006",
      "s" : "sell",
      "i" : "AERO_USD",
      "m" : "4611686018428370803"
    }, {
      "d" : "1756412167115384419",
      "t" : 1756412167115,
      "tn" : 1756412167115384419,
      "q" : "1.0",
      "p" : "1.2006",
      "s" : "sell",
      "i" : "AERO_USD",
      "m" : "4611686018428370802"
    }, {
      "d" : "1756412167028188442",
      "t" : 1756412167028,
      "tn" : 1756412167028188442,
      "q" : "1.0",
      "p" : "1.2006",
      "s" : "sell",
      "i" : "AERO_USD",
      "m" : "4611686018428370801"
    }, {
      "d" : "1756412166659165463",
      "t" : 1756412166659,
      "tn" : 1756412166659165463,
      "q" : "1.0",
      "p" : "1.2005",
      "s" : "sell",
      "i" : "AERO_USD",
      "m" : "4611686018428370800"
    }, {
      "d" : "1756412166267034963",
      "t" : 1756412166267,
      "tn" : 1756412166267034963,
      "q" : "1.0",
      "p" : "1.2005",
      "s" : "sell",
      "i" : "AERO_USD",
      "m" : "4611686018428370799"
    }, {
      "d" : "1756412165581603305",
      "t" : 1756412165581,
      "tn" : 1756412165581603305,
      "q" : "1.0",
      "p" : "1.2005",
      "s" : "sell",
      "i" : "AERO_USD",
      "m" : "4611686018428370798"
    }, {
      "d" : "1756412165226863815",
      "t" : 1756412165226,
      "tn" : 1756412165226863815,
      "q" : "1.0",
      "p" : "1.2005",
      "s" : "sell",
      "i" : "AERO_USD",
      "m" : "4611686018428370797"
    }, {
      "d" : "1756412156087976266",
      "t" : 1756412156087,
      "tn" : 1756412156087976266,
      "q" : "1.0",
      "p" : "1.2005",
      "s" : "sell",
      "i" : "AERO_USD",
      "m" : "4611686018428370796"
    }, {
      "d" : "1756412149358049512",
      "t" : 1756412149358,
      "tn" : 1756412149358049512,
      "q" : "1.0",
      "p" : "1.2005",
      "s" : "sell",
      "i" : "AERO_USD",
      "m" : "4611686018428370795"
    }, {
      "d" : "1756412146096929935",
      "t" : 1756412146096,
      "tn" : 1756412146096929935,
      "q" : "1.0",
      "p" : "1.2006",
      "s" : "sell",
      "i" : "AERO_USD",
      "m" : "4611686018428370794"
    }, {
      "d" : "1756412142858305669",
      "t" : 1756412142858,
      "tn" : 1756412142858305669,
      "q" : "1.0",
      "p" : "1.2006",
      "s" : "sell",
      "i" : "AERO_USD",
      "m" : "4611686018428370793"
    }, {
      "d" : "1756412142677727991",
      "t" : 1756412142677,
      "tn" : 1756412142677727991,
      "q" : "1.0",
      "p" : "1.2008",
      "s" : "sell",
      "i" : "AERO_USD",
      "m" : "4611686018428370792"
    }, {
      "d" : "1756412142562660110",
      "t" : 1756412142562,
      "tn" : 1756412142562660110,
      "q" : "1.0",
      "p" : "1.2006",
      "s" : "sell",
      "i" : "AERO_USD",
      "m" : "4611686018428370791"
    }, {
      "d" : "1756412139455658875",
      "t" : 1756412139455,
      "tn" : 1756412139455658875,
      "q" : "1.0",
      "p" : "1.2000",
      "s" : "sell",
      "i" : "AERO_USD",
      "m" : "4611686018428370790"
    }, {
      "d" : "1756412136271824958",
      "t" : 1756412136271,
      "tn" : 1756412136271824958,
      "q" : "1.0",
      "p" : "1.2000",
      "s" : "sell",
      "i" : "AERO_USD",
      "m" : "4611686018428370789"
    }, {
      "d" : "1756412136207707154",
      "t" : 1756412136207,
      "tn" : 1756412136207707154,
      "q" : "1.0",
      "p" : "1.2000",
      "s" : "sell",
      "i" : "AERO_USD",
      "m" : "4611686018428370788"
    }, {
      "d" : "1756412135841820462",
      "t" : 1756412135841,
      "tn" : 1756412135841820462,
      "q" : "1.0",
      "p" : "1.2000",
      "s" : "sell",
      "i" : "AERO_USD",
      "m" : "4611686018428370787"
    }, {
      "d" : "1756412132706667634",
      "t" : 1756412132706,
      "tn" : 1756412132706667634,
      "q" : "1.0",
      "p" : "1.2001",
      "s" : "sell",
      "i" : "AERO_USD",
      "m" : "4611686018428370786"
    }, {
      "d" : "1756412129430562159",
      "t" : 1756412129430,
      "tn" : 1756412129430562159,
      "q" : "1.0",
      "p" : "1.1994",
      "s" : "sell",
      "i" : "AERO_USD",
      "m" : "4611686018428370785"
    }, {
      "d" : "1756412125640490510",
      "t" : 1756412125640,
      "tn" : 1756412125640490510,
      "q" : "1.0",
      "p" : "1.1992",
      "s" : "sell",
      "i" : "AERO_USD",
      "m" : "4611686018428370784"
    }, {
      "d" : "1756412125554616025",
      "t" : 1756412125554,
      "tn" : 1756412125554616025,
      "q" : "1.0",
      "p" : "1.1992",
      "s" : "sell",
      "i" : "AERO_USD",
      "m" : "4611686018428370783"
    }, {
      "d" : "1756412125489788443",
      "t" : 1756412125489,
      "tn" : 1756412125489788443,
      "q" : "1.0",
      "p" : "1.1992",
      "s" : "sell",
      "i" : "AERO_USD",
      "m" : "4611686018428370782"
    }, {
      "d" : "1756412125374628640",
      "t" : 1756412125374,
      "tn" : 1756412125374628640,
      "q" : "1.0",
      "p" : "1.1992",
      "s" : "sell",
      "i" : "AERO_USD",
      "m" : "4611686018428370781"
    }, {
      "d" : "1756412125237556520",
      "t" : 1756412125237,
      "tn" : 1756412125237556520,
      "q" : "1.0",
      "p" : "1.1992",
      "s" : "sell",
      "i" : "AERO_USD",
      "m" : "4611686018428370780"
    }, {
      "d" : "1756412125090678277",
      "t" : 1756412125090,
      "tn" : 1756412125090678277,
      "q" : "1.0",
      "p" : "1.1992",
      "s" : "sell",
      "i" : "AERO_USD",
      "m" : "4611686018428370779"
    }, {
      "d" : "1756412118452633564",
      "t" : 1756412118452,
      "tn" : 1756412118452633564,
      "q" : "1.0",
      "p" : "1.1988",
      "s" : "sell",
      "i" : "AERO_USD",
      "m" : "4611686018428370778"
    }, {
      "d" : "1756412118314124907",
      "t" : 1756412118314,
      "tn" : 1756412118314124907,
      "q" : "1.0",
      "p" : "1.1988",
      "s" : "sell",
      "i" : "AERO_USD",
      "m" : "4611686018428370777"
    }, {
      "d" : "1756412111312649596",
      "t" : 1756412111312,
      "tn" : 1756412111312649596,
      "q" : "1.0",
      "p" : "1.1984",
      "s" : "sell",
      "i" : "AERO_USD",
      "m" : "4611686018428370776"
    }, {
      "d" : "1756412111081207452",
      "t" : 1756412111081,
      "tn" : 1756412111081207452,
      "q" : "1.0",
      "p" : "1.1984",
      "s" : "sell",
      "i" : "AERO_USD",
      "m" : "4611686018428370775"
    }, {
      "d" : "1756412110785342534",
      "t" : 1756412110785,
      "tn" : 1756412110785342534,
      "q" : "1.0",
      "p" : "1.1984",
      "s" : "sell",
      "i" : "AERO_USD",
      "m" : "4611686018428370774"
    }, {
      "d" : "1756412107405111898",
      "t" : 1756412107405,
      "tn" : 1756412107405111898,
      "q" : "1.0",
      "p" : "1.1993",
      "s" : "sell",
      "i" : "AERO_USD",
      "m" : "4611686018428370773"
    }, {
      "d" : "1756412104302945840",
      "t" : 1756412104302,
      "tn" : 1756412104302945840,
      "q" : "1.0",
      "p" : "1.1992",
      "s" : "sell",
      "i" : "AERO_USD",
      "m" : "4611686018428370772"
    }, {
      "d" : "1756412101015832823",
      "t" : 1756412101015,
      "tn" : 1756412101015832823,
      "q" : "1.0",
      "p" : "1.1983",
      "s" : "sell",
      "i" : "AERO_USD",
      "m" : "4611686018428370771"
    }, {
      "d" : "1756412097901960503",
      "t" : 1756412097901,
      "tn" : 1756412097901960503,
      "q" : "1.0",
      "p" : "1.1983",
      "s" : "sell",
      "i" : "AERO_USD",
      "m" : "4611686018428370770"
    }, {
      "d" : "1756412097829273251",
      "t" : 1756412097829,
      "tn" : 1756412097829273251,
      "q" : "1.0",
      "p" : "1.1983",
      "s" : "sell",
      "i" : "AERO_USD",
      "m" : "4611686018428370769"
    }, {
      "d" : "1756412094318838608",
      "t" : 1756412094318,
      "tn" : 1756412094318838608,
      "q" : "1.0",
      "p" : "1.1980",
      "s" : "sell",
      "i" : "AERO_USD",
      "m" : "4611686018428370768"
    }, {
      "d" : "1756412094254268276",
      "t" : 1756412094254,
      "tn" : 1756412094254268276,
      "q" : "1.0",
      "p" : "1.1980",
      "s" : "sell",
      "i" : "AERO_USD",
      "m" : "4611686018428370767"
    }, {
      "d" : "1756412094109693630",
      "t" : 1756412094109,
      "tn" : 1756412094109693630,
      "q" : "1.0",
      "p" : "1.1980",
      "s" : "sell",
      "i" : "AERO_USD",
      "m" : "4611686018428370766"
    }, {
      "d" : "1756412090945623601",
      "t" : 1756412090945,
      "tn" : 1756412090945623601,
      "q" : "1.0",
      "p" : "1.1976",
      "s" : "sell",
      "i" : "AERO_USD",
      "m" : "4611686018428370765"
    }, {
      "d" : "1756412087233249975",
      "t" : 1756412087233,
      "tn" : 1756412087233249975,
      "q" : "1.0",
      "p" : "1.1976",
      "s" : "sell",
      "i" : "AERO_USD",
      "m" : "4611686018428370764"
    }, {
      "d" : "1756412087164705296",
      "t" : 1756412087164,
      "tn" : 1756412087164705296,
      "q" : "1.0",
      "p" : "1.1976",
      "s" : "sell",
      "i" : "AERO_USD",
      "m" : "4611686018428370763"
    }, {
      "d" : "1756412083599364609",
      "t" : 1756412083599,
      "tn" : 1756412083599364609,
      "q" : "1.0",
      "p" : "1.1980",
      "s" : "sell",
      "i" : "AERO_USD",
      "m" : "4611686018428370762"
    } ]
  }
}