{
  "id" : -1,
  "method" : "public/get-trades",
  "code" : 0,
  "result" : {
    "data" : [ {
      "d" : "1756458184242587151",
      "t" : 1756458184242,
      "tn" : 1756458184242587151,
      "q" : "37.7",
      "p" : "0.0890",
      "s" : "sell",
      "i" : "AEVO_USD",
      "m" : "4611686018428314246"
    }, {
      "d" : "1756458183739178218",
      "t" : 1756458183739,
      "tn" : 1756458183739178218,
      "q" : "74.5",
      "p" : "0.0890",
      "s" : "sell",
      "i" : "AEVO_USD",
      "m" : "4611686018428314245"
    }, {
      "d" : "1756458175380156950",
      "t" : 1756458175380,
      "tn" : 1756458175380156950,
      "q" : "449.5",
      "p" : "0.0890",
      "s" : "sell",
      "i" : "AEVO_USD",
      "m" : "4611686018428314244"
    }, {
      "d" : "1756454895911908998",
      "t" : 1756454895911,
      "tn" : 1756454895911908998,
      "q" : "325.2",
      "p" : "0.0909",
      "s" : "buy",
      "i" : "AEVO_USD",
      "m" : "4611686018428314243"
    }, {
      "d" : "1756448082162252442",
      "t" : 1756448082162,
      "tn" : 1756448082162252442,
      "q" : "523.6",
      "p" : "0.0939",
      "s" : "sell",
      "i" : "AEVO_USD",
      "m" : "4611686018428314242"
    }, {
      "d" : "1756444692935462442",
      "t" : 1756444692935,
      "tn" : 1756444692935462442,
      "q" : "18.1",
      "p" : "0.0942",
      "s" : "sell",
      "i" : "AEVO_USD",
      "m" : "4611686018428314241"
    }, {
      "d" : "1756444616496208271",
      "t" : 1756444616496,
      "tn" : 1756444616496208271,
      "q" : "18.2",
      "p" : "0.0951",
      "s" : "buy",
      "i" : "AEVO_USD",
      "m" : "4611686018428314240"
    }, {
      "d" : "1756431212200004587",
      "t" : 1756431212200,
      "tn" : 1756431212200004587,
      "q" : "264.5",
      "p" : "0.0945",
      "s" : "buy",
      "i" : "AEVO_USD",
      "m" : "4611686018428314239"
    }, {
      "d" : "1756409420524465715",
      "t" : 1756409420524,
      "tn" : 1756409420524465715,
      "q" : "627.6",
      "p" : "0.0947",
      "s" : "sell",
      "i" : "AEVO_USD",
      "m" : "4611686018428314238"
    }, {
      "d" : "1756409420515648721",
      "t" : 1756409420515,
      "tn" : 1756409420515648721,
      "q" : "1262.5",
      "p" : "0.0945",
      "s" : "buy",
      "i" : "AEVO_USD",
      "m" : "4611686018428314237"
    }, {
      "d" : "1756396155177347487",
      "t" : 1756396155177,
      "tn" : 1756396155177347486,
      "q" : "799.1",
      "p" : "0.0947",
      "s" : "sell",
      "i" : "AEVO_USD",
      "m" : "4611686018428314236"
    }, {
      "d" : "1756396155177347486",
      "t" : 1756396155177,
      "tn" : 1756396155177347486,
      "q" : "6840.2",
      "p" : "0.0947",
      "s" : "sell",
      "i" : "AEVO_USD",
      "m" : "4611686018428314236"
    }, {
      "d" : "1756396153270074709",
      "t" : 1756396153270,
      "tn" : 1756396153270074709,
      "q" : "2114.9",
      "p" : "0.0947",
      "s" : "sell",
      "i" : "AEVO_USD",
      "m" : "4611686018428314235"
    }, {
      "d" : "1756395311594005843",
      "t" : 1756395311594,
      "tn" : 1756395311594005843,
      "q" : "404.1",
      "p" : "0.0954",
      "s" : "sell",
      "i" : "AEVO_USD",
      "m" : "4611686018428314234"
    } ]
  }
}