{
  "id" : -1,
  "method" : "public/get-trades",
  "code" : 0,
  "result" : {
    "data" : [ {
      "d" : "1756457996821397457",
      "t" : 1756457996821,
      "tn" : 1756457996821397457,
      "q" : "292.9",
      "p" : "0.6826",
      "s" : "sell",
      "i" : "AGLD_USD",
      "m" : "4611686018430184197"
    }, {
      "d" : "1756456446589137735",
      "t" : 1756456446589,
      "tn" : 1756456446589137735,
      "q" : "53.3",
      "p" : "0.6824",
      "s" : "buy",
      "i" : "AGLD_USD",
      "m" : "4611686018430184196"
    }, {
      "d" : "1756455328480833177",
      "t" : 1756455328480,
      "tn" : 1756455328480833177,
      "q" : "73.3",
      "p" : "0.6877",
      "s" : "sell",
      "i" : "AGLD_USD",
      "m" : "4611686018430184195"
    }, {
      "d" : "1756455328480831221",
      "t" : 1756455328480,
      "tn" : 1756455328480831221,
      "q" : "111.0",
      "p" : "0.6880",
      "s" : "sell",
      "i" : "AGLD_USD",
      "m" : "4611686018430184194"
    }, {
      "d" : "1756455328480827984",
      "t" : 1756455328480,
      "tn" : 1756455328480827984,
      "q" : "145.3",
      "p" : "0.6881",
      "s" : "sell",
      "i" : "AGLD_USD",
      "m" : "4611686018430184193"
    }, {
      "d" : "1756453628896230702",
      "t" : 1756453628896,
      "tn" : 1756453628896230702,
      "q" : "45.8",
      "p" : "0.7016",
      "s" : "sell",
      "i" : "AGLD_USD",
      "m" : "4611686018430184192"
    }, {
      "d" : "1756453628893694947",
      "t" : 1756453628893,
      "tn" : 1756453628893694947,
      "q" : "114.0",
      "p" : "0.7016",
      "s" : "sell",
      "i" : "AGLD_USD",
      "m" : "4611686018430184191"
    }, {
      "d" : "1756453628887718020",
      "t" : 1756453628887,
      "tn" : 1756453628887718020,
      "q" : "140.2",
      "p" : "0.7016",
      "s" : "buy",
      "i" : "AGLD_USD",
      "m" : "4611686018430184190"
    }, {
      "d" : "1756452399809956622",
      "t" : 1756452399809,
      "tn" : 1756452399809956622,
      "q" : "5.6",
      "p" : "0.7027",
      "s" : "sell",
      "i" : "AGLD_USD",
      "m" : "4611686018430184189"
    }, {
      "d" : "1756450893307293443",
      "t" : 1756450893307,
      "tn" : 1756450893307293443,
      "q" : "22.7",
      "p" : "0.7124",
      "s" : "sell",
      "i" : "AGLD_USD",
      "m" : "4611686018430184188"
    }, {
      "d" : "1756450545789005892",
      "t" : 1756450545789,
      "tn" : 1756450545789005892,
      "q" : "542.3",
      "p" : "0.7125",
      "s" : "sell",
      "i" : "AGLD_USD",
      "m" : "4611686018430184187"
    }, {
      "d" : "1756450545789003428",
      "t" : 1756450545789,
      "tn" : 1756450545789003428,
      "q" : "98.3",
      "p" : "0.7127",
      "s" : "sell",
      "i" : "AGLD_USD",
      "m" : "4611686018430184186"
    }, {
      "d" : "1756450545788500930",
      "t" : 1756450545788,
      "tn" : 1756450545788500930,
      "q" : "438.0",
      "p" : "0.7127",
      "s" : "sell",
      "i" : "AGLD_USD",
      "m" : "4611686018430184185"
    }, {
      "d" : "1756450545788499575",
      "t" : 1756450545788,
      "tn" : 1756450545788499575,
      "q" : "140.2",
      "p" : "0.7128",
      "s" : "sell",
      "i" : "AGLD_USD",
      "m" : "4611686018430184184"
    }, {
      "d" : "1756449603248318922",
      "t" : 1756449603248,
      "tn" : 1756449603248318922,
      "q" : "101.5",
      "p" : "0.7388",
      "s" : "buy",
      "i" : "AGLD_USD",
      "m" : "4611686018430184183"
    }, {
      "d" : "1756449603181810755",
      "t" : 1756449603181,
      "tn" : 1756449603181810755,
      "q" : "215.2",
      "p" : "0.7388",
      "s" : "buy",
      "i" : "AGLD_USD",
      "m" : "4611686018430184182"
    }, {
      "d" : "1756449603181808630",
      "t" : 1756449603181,
      "tn" : 1756449603181808630,
      "q" : "517.4",
      "p" : "0.7387",
      "s" : "buy",
      "i" : "AGLD_USD",
      "m" : "4611686018430184181"
    }, {
      "d" : "1756449087584741595",
      "t" : 1756449087584,
      "tn" : 1756449087584741595,
      "q" : "140.3",
      "p" : "0.7309",
      "s" : "sell",
      "i" : "AGLD_USD",
      "m" : "4611686018430184180"
    }, {
      "d" : "1756449087584739711",
      "t" : 1756449087584,
      "tn" : 1756449087584739711,
      "q" : "16.3",
      "p" : "0.7310",
      "s" : "sell",
      "i" : "AGLD_USD",
      "m" : "4611686018430184179"
    }, {
      "d" : "1756448180697413526",
      "t" : 1756448180697,
      "tn" : 1756448180697413526,
      "q" : "3.2",
      "p" : "0.7341",
      "s" : "sell",
      "i" : "AGLD_USD",
      "m" : "4611686018430184178"
    }, {
      "d" : "1756448161237236322",
      "t" : 1756448161237,
      "tn" : 1756448161237236322,
      "q" : "279.4",
      "p" : "0.7322",
      "s" : "sell",
      "i" : "AGLD_USD",
      "m" : "4611686018430184177"
    }, {
      "d" : "1756448161237018605",
      "t" : 1756448161237,
      "tn" : 1756448161237018605,
      "q" : "238.0",
      "p" : "0.7322",
      "s" : "sell",
      "i" : "AGLD_USD",
      "m" : "4611686018430184176"
    }, {
      "d" : "1756448161237016616",
      "t" : 1756448161237,
      "tn" : 1756448161237016616,
      "q" : "16.2",
      "p" : "0.7323",
      "s" : "sell",
      "i" : "AGLD_USD",
      "m" : "4611686018430184175"
    }, {
      "d" : "1756447541622898920",
      "t" : 1756447541622,
      "tn" : 1756447541622898920,
      "q" : "263.9",
      "p" : "0.7375",
      "s" : "sell",
      "i" : "AGLD_USD",
      "m" : "4611686018430184174"
    }, {
      "d" : "1756447082983205377",
      "t" : 1756447082983,
      "tn" : 1756447082983205377,
      "q" : "99.7",
      "p" : "0.7372",
      "s" : "sell",
      "i" : "AGLD_USD",
      "m" : "4611686018430184173"
    }, {
      "d" : "1756445276838681879",
      "t" : 1756445276838,
      "tn" : 1756445276838681879,
      "q" : "391.9",
      "p" : "0.7371",
      "s" : "buy",
      "i" : "AGLD_USD",
      "m" : "4611686018430184172"
    }, {
      "d" : "1756445276391346270",
      "t" : 1756445276391,
      "tn" : 1756445276391346270,
      "q" : "122.0",
      "p" : "0.7375",
      "s" : "buy",
      "i" : "AGLD_USD",
      "m" : "4611686018430184171"
    }, {
      "d" : "1756445276324812043",
      "t" : 1756445276324,
      "tn" : 1756445276324812042,
      "q" : "107.9",
      "p" : "0.7372",
      "s" : "buy",
      "i" : "AGLD_USD",
      "m" : "4611686018430184170"
    }, {
      "d" : "1756445276324812042",
      "t" : 1756445276324,
      "tn" : 1756445276324812042,
      "q" : "165.6",
      "p" : "0.7372",
      "s" : "buy",
      "i" : "AGLD_USD",
      "m" : "4611686018430184170"
    }, {
      "d" : "1756442260989632989",
      "t" : 1756442260989,
      "tn" : 1756442260989632989,
      "q" : "13.7",
      "p" : "0.7216",
      "s" : "buy",
      "i" : "AGLD_USD",
      "m" : "4611686018430184169"
    }, {
      "d" : "1756442260989617989",
      "t" : 1756442260989,
      "tn" : 1756442260989617989,
      "q" : "83.1",
      "p" : "0.7216",
      "s" : "buy",
      "i" : "AGLD_USD",
      "m" : "4611686018430184168"
    }, {
      "d" : "1756440741485752260",
      "t" : 1756440741485,
      "tn" : 1756440741485752260,
      "q" : "21.9",
      "p" : "0.7373",
      "s" : "sell",
      "i" : "AGLD_USD",
      "m" : "4611686018430184167"
    }, {
      "d" : "1756440741485749940",
      "t" : 1756440741485,
      "tn" : 1756440741485749940,
      "q" : "380.5",
      "p" : "0.7374",
      "s" : "sell",
      "i" : "AGLD_USD",
      "m" : "4611686018430184166"
    }, {
      "d" : "1756440602606426314",
      "t" : 1756440602606,
      "tn" : 1756440602606426314,
      "q" : "159.8",
      "p" : "0.7410",
      "s" : "sell",
      "i" : "AGLD_USD",
      "m" : "4611686018430184165"
    }, {
      "d" : "1756440602601454953",
      "t" : 1756440602601,
      "tn" : 1756440602601454953,
      "q" : "298.1",
      "p" : "0.7410",
      "s" : "sell",
      "i" : "AGLD_USD",
      "m" : "4611686018430184164"
    }, {
      "d" : "1756440602595724589",
      "t" : 1756440602595,
      "tn" : 1756440602595724589,
      "q" : "215.8",
      "p" : "0.7411",
      "s" : "sell",
      "i" : "AGLD_USD",
      "m" : "4611686018430184163"
    }, {
      "d" : "1756440602595249601",
      "t" : 1756440602595,
      "tn" : 1756440602595249601,
      "q" : "298.1",
      "p" : "0.7411",
      "s" : "sell",
      "i" : "AGLD_USD",
      "m" : "4611686018430184162"
    }, {
      "d" : "1756440348823616839",
      "t" : 1756440348823,
      "tn" : 1756440348823616839,
      "q" : "24.0",
      "p" : "0.7760",
      "s" : "sell",
      "i" : "AGLD_USD",
      "m" : "4611686018430184161"
    }, {
      "d" : "1756440337193451035",
      "t" : 1756440337193,
      "tn" : 1756440337193451035,
      "q" : "20.2",
      "p" : "0.7714",
      "s" : "buy",
      "i" : "AGLD_USD",
      "m" : "4611686018430184160"
    }, {
      "d" : "1756440214700444712",
      "t" : 1756440214700,
      "tn" : 1756440214700444712,
      "q" : "22.4",
      "p" : "0.7635",
      "s" : "buy",
      "i" : "AGLD_USD",
      "m" : "4611686018430184159"
    }, {
      "d" : "1756440211576655100",
      "t" : 1756440211576,
      "tn" : 1756440211576655100,
      "q" : "1.5",
      "p" : "0.7629",
      "s" : "buy",
      "i" : "AGLD_USD",
      "m" : "4611686018430184158"
    }, {
      "d" : "1756440081373936162",
      "t" : 1756440081373,
      "tn" : 1756440081373936162,
      "q" : "3.0",
      "p" : "0.7565",
      "s" : "buy",
      "i" : "AGLD_USD",
      "m" : "4611686018430184157"
    }, {
      "d" : "1756439903967555656",
      "t" : 1756439903967,
      "tn" : 1756439903967555656,
      "q" : "66.2",
      "p" : "0.7539",
      "s" : "sell",
      "i" : "AGLD_USD",
      "m" : "4611686018430184156"
    }, {
      "d" : "1756439903967554565",
      "t" : 1756439903967,
      "tn" : 1756439903967554565,
      "q" : "174.8",
      "p" : "0.7560",
      "s" : "sell",
      "i" : "AGLD_USD",
      "m" : "4611686018430184155"
    }, {
      "d" : "1756439903967550695",
      "t" : 1756439903967,
      "tn" : 1756439903967550695,
      "q" : "201.7",
      "p" : "0.7563",
      "s" : "sell",
      "i" : "AGLD_USD",
      "m" : "4611686018430184154"
    }, {
      "d" : "1756439903967547762",
      "t" : 1756439903967,
      "tn" : 1756439903967547762,
      "q" : "233.0",
      "p" : "0.7569",
      "s" : "sell",
      "i" : "AGLD_USD",
      "m" : "4611686018430184153"
    }, {
      "d" : "1756439903967544754",
      "t" : 1756439903967,
      "tn" : 1756439903967544754,
      "q" : "132.1",
      "p" : "0.7570",
      "s" : "sell",
      "i" : "AGLD_USD",
      "m" : "4611686018430184152"
    }, {
      "d" : "1756439838688480249",
      "t" : 1756439838688,
      "tn" : 1756439838688480249,
      "q" : "2.4",
      "p" : "0.7605",
      "s" : "sell",
      "i" : "AGLD_USD",
      "m" : "4611686018430184151"
    }, {
      "d" : "1756439755093206637",
      "t" : 1756439755093,
      "tn" : 1756439755093206637,
      "q" : "1.7",
      "p" : "0.7556",
      "s" : "buy",
      "i" : "AGLD_USD",
      "m" : "4611686018430184150"
    }, {
      "d" : "1756439643124937314",
      "t" : 1756439643124,
      "tn" : 1756439643124937314,
      "q" : "330.8",
      "p" : "0.7546",
      "s" : "buy",
      "i" : "AGLD_USD",
      "m" : "4611686018430184149"
    }, {
      "d" : "1756439642946481298",
      "t" : 1756439642946,
      "tn" : 1756439642946481298,
      "q" : "119.3",
      "p" : "0.7546",
      "s" : "buy",
      "i" : "AGLD_USD",
      "m" : "4611686018430184148"
    }, {
      "d" : "1756439642726986838",
      "t" : 1756439642726,
      "tn" : 1756439642726986838,
      "q" : "54.6",
      "p" : "0.7546",
      "s" : "buy",
      "i" : "AGLD_USD",
      "m" : "4611686018430184147"
    }, {
      "d" : "1756439423412671805",
      "t" : 1756439423412,
      "tn" : 1756439423412671805,
      "q" : "137.4",
      "p" : "0.7441",
      "s" : "buy",
      "i" : "AGLD_USD",
      "m" : "4611686018430184146"
    }, {
      "d" : "1756439423408515283",
      "t" : 1756439423408,
      "tn" : 1756439423408515283,
      "q" : "134.2",
      "p" : "0.7447",
      "s" : "sell",
      "i" : "AGLD_USD",
      "m" : "4611686018430184145"
    }, {
      "d" : "1756439226683675765",
      "t" : 1756439226683,
      "tn" : 1756439226683675765,
      "q" : "58.3",
      "p" : "0.7532",
      "s" : "sell",
      "i" : "AGLD_USD",
      "m" : "4611686018430184144"
    }, {
      "d" : "1756439217788036526",
      "t" : 1756439217788,
      "tn" : 1756439217788036526,
      "q" : "618.1",
      "p" : "0.7529",
      "s" : "sell",
      "i" : "AGLD_USD",
      "m" : "4611686018430184143"
    }, {
      "d" : "1756439217784987238",
      "t" : 1756439217784,
      "tn" : 1756439217784987237,
      "q" : "166.0",
      "p" : "0.7529",
      "s" : "buy",
      "i" : "AGLD_USD",
      "m" : "4611686018430184142"
    }, {
      "d" : "1756439217784987237",
      "t" : 1756439217784,
      "tn" : 1756439217784987237,
      "q" : "357.4",
      "p" : "0.7529",
      "s" : "buy",
      "i" : "AGLD_USD",
      "m" : "4611686018430184142"
    }, {
      "d" : "1756439109049350108",
      "t" : 1756439109049,
      "tn" : 1756439109049350108,
      "q" : "120.1",
      "p" : "0.7491",
      "s" : "buy",
      "i" : "AGLD_USD",
      "m" : "4611686018430184141"
    }, {
      "d" : "1756438949870267688",
      "t" : 1756438949870,
      "tn" : 1756438949870267688,
      "q" : "409.9",
      "p" : "0.7420",
      "s" : "sell",
      "i" : "AGLD_USD",
      "m" : "4611686018430184140"
    }, {
      "d" : "1756438909596131603",
      "t" : 1756438909596,
      "tn" : 1756438909596131603,
      "q" : "66.8",
      "p" : "0.7436",
      "s" : "sell",
      "i" : "AGLD_USD",
      "m" : "4611686018430184139"
    }, {
      "d" : "1756438909596129346",
      "t" : 1756438909596,
      "tn" : 1756438909596129346,
      "q" : "271.2",
      "p" : "0.7437",
      "s" : "sell",
      "i" : "AGLD_USD",
      "m" : "4611686018430184138"
    }, {
      "d" : "1756437870767137060",
      "t" : 1756437870767,
      "tn" : 1756437870767137060,
      "q" : "46.6",
      "p" : "0.7393",
      "s" : "buy",
      "i" : "AGLD_USD",
      "m" : "4611686018430184137"
    }, {
      "d" : "1756437522155726834",
      "t" : 1756437522155,
      "tn" : 1756437522155726834,
      "q" : "19.8",
      "p" : "0.7395",
      "s" : "buy",
      "i" : "AGLD_USD",
      "m" : "4611686018430184136"
    }, {
      "d" : "1756436666012055903",
      "t" : 1756436666012,
      "tn" : 1756436666012055903,
      "q" : "95.9",
      "p" : "0.7511",
      "s" : "sell",
      "i" : "AGLD_USD",
      "m" : "4611686018430184135"
    }, {
      "d" : "1756434890604033466",
      "t" : 1756434890604,
      "tn" : 1756434890604033466,
      "q" : "169.1",
      "p" : "0.7489",
      "s" : "buy",
      "i" : "AGLD_USD",
      "m" : "4611686018430184134"
    }, {
      "d" : "1756434868782714013",
      "t" : 1756434868782,
      "tn" : 1756434868782714013,
      "q" : "5.5",
      "p" : "0.7456",
      "s" : "buy",
      "i" : "AGLD_USD",
      "m" : "4611686018430184133"
    }, {
      "d" : "1756434675500783732",
      "t" : 1756434675500,
      "tn" : 1756434675500783732,
      "q" : "155.3",
      "p" : "0.7377",
      "s" : "buy",
      "i" : "AGLD_USD",
      "m" : "4611686018430184132"
    }, {
      "d" : "1756434675500675045",
      "t" : 1756434675500,
      "tn" : 1756434675500675045,
      "q" : "149.0",
      "p" : "0.7377",
      "s" : "buy",
      "i" : "AGLD_USD",
      "m" : "4611686018430184131"
    }, {
      "d" : "1756434414070246510",
      "t" : 1756434414070,
      "tn" : 1756434414070246510,
      "q" : "58.9",
      "p" : "0.7289",
      "s" : "sell",
      "i" : "AGLD_USD",
      "m" : "4611686018430184130"
    }, {
      "d" : "1756434414070244262",
      "t" : 1756434414070,
      "tn" : 1756434414070244262,
      "q" : "357.4",
      "p" : "0.7290",
      "s" : "sell",
      "i" : "AGLD_USD",
      "m" : "4611686018430184129"
    }, {
      "d" : "1756433544317641583",
      "t" : 1756433544317,
      "tn" : 1756433544317641583,
      "q" : "65.1",
      "p" : "0.7362",
      "s" : "sell",
      "i" : "AGLD_USD",
      "m" : "4611686018430184128"
    }, {
      "d" : "1756432941224121440",
      "t" : 1756432941224,
      "tn" : 1756432941224121440,
      "q" : "335.1",
      "p" : "0.7320",
      "s" : "sell",
      "i" : "AGLD_USD",
      "m" : "4611686018430184127"
    }, {
      "d" : "1756432941224118525",
      "t" : 1756432941224,
      "tn" : 1756432941224118525,
      "q" : "101.5",
      "p" : "0.7321",
      "s" : "sell",
      "i" : "AGLD_USD",
      "m" : "4611686018430184126"
    }, {
      "d" : "1756432930787166976",
      "t" : 1756432930787,
      "tn" : 1756432930787166976,
      "q" : "34.4",
      "p" : "0.7320",
      "s" : "sell",
      "i" : "AGLD_USD",
      "m" : "4611686018430184125"
    }, {
      "d" : "1756432930787164519",
      "t" : 1756432930787,
      "tn" : 1756432930787164519,
      "q" : "214.8",
      "p" : "0.7322",
      "s" : "sell",
      "i" : "AGLD_USD",
      "m" : "4611686018430184124"
    }, {
      "d" : "1756431064805832848",
      "t" : 1756431064805,
      "tn" : 1756431064805832848,
      "q" : "27.4",
      "p" : "0.7293",
      "s" : "buy",
      "i" : "AGLD_USD",
      "m" : "4611686018430184123"
    }, {
      "d" : "1756431063682228599",
      "t" : 1756431063682,
      "tn" : 1756431063682228599,
      "q" : "210.1",
      "p" : "0.7293",
      "s" : "buy",
      "i" : "AGLD_USD",
      "m" : "4611686018430184122"
    }, {
      "d" : "1756430556689188934",
      "t" : 1756430556689,
      "tn" : 1756430556689188934,
      "q" : "55.0",
      "p" : "0.7195",
      "s" : "sell",
      "i" : "AGLD_USD",
      "m" : "4611686018430184121"
    }, {
      "d" : "1756429508543643683",
      "t" : 1756429508543,
      "tn" : 1756429508543643683,
      "q" : "14.2",
      "p" : "0.7290",
      "s" : "sell",
      "i" : "AGLD_USD",
      "m" : "4611686018430184120"
    }, {
      "d" : "1756429418964136719",
      "t" : 1756429418964,
      "tn" : 1756429418964136719,
      "q" : "16.6",
      "p" : "0.7362",
      "s" : "sell",
      "i" : "AGLD_USD",
      "m" : "4611686018430184119"
    }, {
      "d" : "1756429383322867275",
      "t" : 1756429383322,
      "tn" : 1756429383322867275,
      "q" : "2.2",
      "p" : "0.7441",
      "s" : "buy",
      "i" : "AGLD_USD",
      "m" : "4611686018430184118"
    }, {
      "d" : "1756428184142291544",
      "t" : 1756428184142,
      "tn" : 1756428184142291544,
      "q" : "19.1",
      "p" : "0.7336",
      "s" : "buy",
      "i" : "AGLD_USD",
      "m" : "4611686018430184117"
    }, {
      "d" : "1756427536743219161",
      "t" : 1756427536743,
      "tn" : 1756427536743219161,
      "q" : "283.1",
      "p" : "0.7228",
      "s" : "sell",
      "i" : "AGLD_USD",
      "m" : "4611686018430184116"
    }, {
      "d" : "1756427536743217126",
      "t" : 1756427536743,
      "tn" : 1756427536743217126,
      "q" : "138.3",
      "p" : "0.7229",
      "s" : "sell",
      "i" : "AGLD_USD",
      "m" : "4611686018430184115"
    }, {
      "d" : "1756427247954107864",
      "t" : 1756427247954,
      "tn" : 1756427247954107864,
      "q" : "136.5",
      "p" : "0.7278",
      "s" : "buy",
      "i" : "AGLD_USD",
      "m" : "4611686018430184114"
    }, {
      "d" : "1756427247954105804",
      "t" : 1756427247954,
      "tn" : 1756427247954105804,
      "q" : "274.1",
      "p" : "0.7276",
      "s" : "buy",
      "i" : "AGLD_USD",
      "m" : "4611686018430184113"
    }, {
      "d" : "1756427247954102426",
      "t" : 1756427247954,
      "tn" : 1756427247954102426,
      "q" : "439.4",
      "p" : "0.7275",
      "s" : "buy",
      "i" : "AGLD_USD",
      "m" : "4611686018430184112"
    }, {
      "d" : "1756427201326958496",
      "t" : 1756427201326,
      "tn" : 1756427201326958496,
      "q" : "104.0",
      "p" : "0.7246",
      "s" : "buy",
      "i" : "AGLD_USD",
      "m" : "4611686018430184111"
    }, {
      "d" : "1756427145360097583",
      "t" : 1756427145360,
      "tn" : 1756427145360097583,
      "q" : "69.4",
      "p" : "0.7200",
      "s" : "buy",
      "i" : "AGLD_USD",
      "m" : "4611686018430184110"
    }, {
      "d" : "1756427145267808640",
      "t" : 1756427145267,
      "tn" : 1756427145267808640,
      "q" : "373.7",
      "p" : "0.7202",
      "s" : "buy",
      "i" : "AGLD_USD",
      "m" : "4611686018430184109"
    }, {
      "d" : "1756427145267806329",
      "t" : 1756427145267,
      "tn" : 1756427145267806329,
      "q" : "619.4",
      "p" : "0.7200",
      "s" : "buy",
      "i" : "AGLD_USD",
      "m" : "4611686018430184108"
    }, {
      "d" : "1756427145267803327",
      "t" : 1756427145267,
      "tn" : 1756427145267803327,
      "q" : "302.3",
      "p" : "0.7199",
      "s" : "buy",
      "i" : "AGLD_USD",
      "m" : "4611686018430184107"
    }, {
      "d" : "1756426866985070068",
      "t" : 1756426866985,
      "tn" : 1756426866985070068,
      "q" : "9.9",
      "p" : "0.7181",
      "s" : "sell",
      "i" : "AGLD_USD",
      "m" : "4611686018430184106"
    }, {
      "d" : "1756425115347638046",
      "t" : 1756425115347,
      "tn" : 1756425115347638046,
      "q" : "20.0",
      "p" : "0.7094",
      "s" : "buy",
      "i" : "AGLD_USD",
      "m" : "4611686018430184105"
    }, {
      "d" : "1756422611014934289",
      "t" : 1756422611014,
      "tn" : 1756422611014934289,
      "q" : "6.8",
      "p" : "0.7112",
      "s" : "buy",
      "i" : "AGLD_USD",
      "m" : "4611686018430184104"
    }, {
      "d" : "1756422611014932451",
      "t" : 1756422611014,
      "tn" : 1756422611014932451,
      "q" : "415.5",
      "p" : "0.7111",
      "s" : "buy",
      "i" : "AGLD_USD",
      "m" : "4611686018430184103"
    }, {
      "d" : "1756422328090519726",
      "t" : 1756422328090,
      "tn" : 1756422328090519726,
      "q" : "72.2",
      "p" : "0.7059",
      "s" : "buy",
      "i" : "AGLD_USD",
      "m" : "4611686018430184102"
    }, {
      "d" : "1756422026707961117",
      "t" : 1756422026707,
      "tn" : 1756422026707961117,
      "q" : "74.2",
      "p" : "0.7096",
      "s" : "buy",
      "i" : "AGLD_USD",
      "m" : "4611686018430184101"
    }, {
      "d" : "1756422026631020266",
      "t" : 1756422026631,
      "tn" : 1756422026631020266,
      "q" : "88.2",
      "p" : "0.7085",
      "s" : "buy",
      "i" : "AGLD_USD",
      "m" : "4611686018430184100"
    }, {
      "d" : "1756422026631017186",
      "t" : 1756422026631,
      "tn" : 1756422026631017186,
      "q" : "16.9",
      "p" : "0.7084",
      "s" : "buy",
      "i" : "AGLD_USD",
      "m" : "4611686018430184099"
    }, {
      "d" : "1756419778198809228",
      "t" : 1756419778198,
      "tn" : 1756419778198809228,
      "q" : "4.0",
      "p" : "0.7009",
      "s" : "sell",
      "i" : "AGLD_USD",
      "m" : "4611686018430184098"
    }, {
      "d" : "1756419324254741772",
      "t" : 1756419324254,
      "tn" : 1756419324254741772,
      "q" : "10.0",
      "p" : "0.6999",
      "s" : "sell",
      "i" : "AGLD_USD",
      "m" : "4611686018430184097"
    }, {
      "d" : "1756418115095221728",
      "t" : 1756418115095,
      "tn" : 1756418115095221728,
      "q" : "1.6",
      "p" : "0.7030",
      "s" : "sell",
      "i" : "AGLD_USD",
      "m" : "4611686018430184096"
    }, {
      "d" : "1756418107705440991",
      "t" : 1756418107705,
      "tn" : 1756418107705440991,
      "q" : "27.0",
      "p" : "0.6976",
      "s" : "buy",
      "i" : "AGLD_USD",
      "m" : "4611686018430184095"
    }, {
      "d" : "1756416135064529687",
      "t" : 1756416135064,
      "tn" : 1756416135064529687,
      "q" : "15.0",
      "p" : "0.6961",
      "s" : "buy",
      "i" : "AGLD_USD",
      "m" : "4611686018430184094"
    }, {
      "d" : "1756415423119785337",
      "t" : 1756415423119,
      "tn" : 1756415423119785337,
      "q" : "7.4",
      "p" : "0.6925",
      "s" : "buy",
      "i" : "AGLD_USD",
      "m" : "4611686018430184093"
    }, {
      "d" : "1756405304749899251",
      "t" : 1756405304749,
      "tn" : 1756405304749899251,
      "q" : "69.3",
      "p" : "0.6886",
      "s" : "buy",
      "i" : "AGLD_USD",
      "m" : "4611686018430184092"
    }, {
      "d" : "1756404459459767967",
      "t" : 1756404459459,
      "tn" : 1756404459459767967,
      "q" : "431.3",
      "p" : "0.7010",
      "s" : "sell",
      "i" : "AGLD_USD",
      "m" : "4611686018430184091"
    }, {
      "d" : "1756400960692836064",
      "t" : 1756400960692,
      "tn" : 1756400960692836064,
      "q" : "1489.6",
      "p" : "0.6910",
      "s" : "buy",
      "i" : "AGLD_USD",
      "m" : "4611686018430184090"
    }, {
      "d" : "1756400356654156433",
      "t" : 1756400356654,
      "tn" : 1756400356654156433,
      "q" : "266.5",
      "p" : "0.6945",
      "s" : "sell",
      "i" : "AGLD_USD",
      "m" : "4611686018430184089"
    }, {
      "d" : "1756400355443778122",
      "t" : 1756400355443,
      "tn" : 1756400355443778122,
      "q" : "168.5",
      "p" : "0.6945",
      "s" : "sell",
      "i" : "AGLD_USD",
      "m" : "4611686018430184088"
    }, {
      "d" : "1756399564577725376",
      "t" : 1756399564577,
      "tn" : 1756399564577725376,
      "q" : "247.6",
      "p" : "0.6960",
      "s" : "sell",
      "i" : "AGLD_USD",
      "m" : "4611686018430184087"
    }, {
      "d" : "1756399564577723415",
      "t" : 1756399564577,
      "tn" : 1756399564577723415,
      "q" : "45.8",
      "p" : "0.6964",
      "s" : "sell",
      "i" : "AGLD_USD",
      "m" : "4611686018430184086"
    }, {
      "d" : "1756399564577721399",
      "t" : 1756399564577,
      "tn" : 1756399564577721399,
      "q" : "143.5",
      "p" : "0.6967",
      "s" : "sell",
      "i" : "AGLD_USD",
      "m" : "4611686018430184085"
    }, {
      "d" : "1756398136228928934",
      "t" : 1756398136228,
      "tn" : 1756398136228928934,
      "q" : "25.0",
      "p" : "0.6987",
      "s" : "sell",
      "i" : "AGLD_USD",
      "m" : "4611686018430184084"
    }, {
      "d" : "1756396869023174114",
      "t" : 1756396869023,
      "tn" : 1756396869023174114,
      "q" : "150.0",
      "p" : "0.6970",
      "s" : "buy",
      "i" : "AGLD_USD",
      "m" : "4611686018430184083"
    }, {
      "d" : "1756396526308913824",
      "t" : 1756396526308,
      "tn" : 1756396526308913824,
      "q" : "131.7",
      "p" : "0.6965",
      "s" : "sell",
      "i" : "AGLD_USD",
      "m" : "4611686018430184082"
    }, {
      "d" : "1756396526308911819",
      "t" : 1756396526308,
      "tn" : 1756396526308911819,
      "q" : "36.0",
      "p" : "0.6967",
      "s" : "sell",
      "i" : "AGLD_USD",
      "m" : "4611686018430184081"
    }, {
      "d" : "1756394029728379390",
      "t" : 1756394029728,
      "tn" : 1756394029728379390,
      "q" : "141.6",
      "p" : "0.7094",
      "s" : "buy",
      "i" : "AGLD_USD",
      "m" : "4611686018430184080"
    }, {
      "d" : "1756394000973191372",
      "t" : 1756394000973,
      "tn" : 1756394000973191372,
      "q" : "290.5",
      "p" : "0.7058",
      "s" : "sell",
      "i" : "AGLD_USD",
      "m" : "4611686018430184079"
    }, {
      "d" : "1756394000973189309",
      "t" : 1756394000973,
      "tn" : 1756394000973189309,
      "q" : "141.6",
      "p" : "0.7059",
      "s" : "sell",
      "i" : "AGLD_USD",
      "m" : "4611686018430184078"
    }, {
      "d" : "1756393399373141461",
      "t" : 1756393399373,
      "tn" : 1756393399373141461,
      "q" : "170.0",
      "p" : "0.7096",
      "s" : "buy",
      "i" : "AGLD_USD",
      "m" : "4611686018430184077"
    }, {
      "d" : "1756393399340294850",
      "t" : 1756393399340,
      "tn" : 1756393399340294850,
      "q" : "139.9",
      "p" : "0.7097",
      "s" : "buy",
      "i" : "AGLD_USD",
      "m" : "4611686018430184076"
    }, {
      "d" : "1756393311100360981",
      "t" : 1756393311100,
      "tn" : 1756393311100360981,
      "q" : "8.3",
      "p" : "0.7017",
      "s" : "sell",
      "i" : "AGLD_USD",
      "m" : "4611686018430184075"
    }, {
      "d" : "1756393300960344198",
      "t" : 1756393300960,
      "tn" : 1756393300960344198,
      "q" : "72.9",
      "p" : "0.7068",
      "s" : "buy",
      "i" : "AGLD_USD",
      "m" : "4611686018430184074"
    }, {
      "d" : "1756393300404328991",
      "t" : 1756393300404,
      "tn" : 1756393300404328991,
      "q" : "72.8",
      "p" : "0.7069",
      "s" : "buy",
      "i" : "AGLD_USD",
      "m" : "4611686018430184073"
    }, {
      "d" : "1756393299230456766",
      "t" : 1756393299230,
      "tn" : 1756393299230456766,
      "q" : "72.9",
      "p" : "0.7070",
      "s" : "buy",
      "i" : "AGLD_USD",
      "m" : "4611686018430184072"
    }, {
      "d" : "1756393298699544164",
      "t" : 1756393298699,
      "tn" : 1756393298699544164,
      "q" : "50.0",
      "p" : "0.7071",
      "s" : "buy",
      "i" : "AGLD_USD",
      "m" : "4611686018430184071"
    }, {
      "d" : "1756393297004612945",
      "t" : 1756393297004,
      "tn" : 1756393297004612945,
      "q" : "8.5",
      "p" : "0.7072",
      "s" : "buy",
      "i" : "AGLD_USD",
      "m" : "4611686018430184070"
    }, {
      "d" : "1756392203407978074",
      "t" : 1756392203407,
      "tn" : 1756392203407978074,
      "q" : "730.1",
      "p" : "0.7020",
      "s" : "buy",
      "i" : "AGLD_USD",
      "m" : "4611686018430184069"
    }, {
      "d" : "1756391970758015303",
      "t" : 1756391970758,
      "tn" : 1756391970758015303,
      "q" : "249.4",
      "p" : "0.7026",
      "s" : "sell",
      "i" : "AGLD_USD",
      "m" : "4611686018430184068"
    }, {
      "d" : "1756391970758013418",
      "t" : 1756391970758,
      "tn" : 1756391970758013418,
      "q" : "118.7",
      "p" : "0.7028",
      "s" : "sell",
      "i" : "AGLD_USD",
      "m" : "4611686018430184067"
    }, {
      "d" : "1756391970758009766",
      "t" : 1756391970758,
      "tn" : 1756391970758009766,
      "q" : "142.2",
      "p" : "0.7029",
      "s" : "sell",
      "i" : "AGLD_USD",
      "m" : "4611686018430184066"
    }, {
      "d" : "1756391689285440981",
      "t" : 1756391689285,
      "tn" : 1756391689285440981,
      "q" : "44.2",
      "p" : "0.7026",
      "s" : "sell",
      "i" : "AGLD_USD",
      "m" : "4611686018430184065"
    }, {
      "d" : "1756391689285438781",
      "t" : 1756391689285,
      "tn" : 1756391689285438781,
      "q" : "4.7",
      "p" : "0.7027",
      "s" : "sell",
      "i" : "AGLD_USD",
      "m" : "4611686018430184064"
    }, {
      "d" : "1756391689259981668",
      "t" : 1756391689259,
      "tn" : 1756391689259981668,
      "q" : "426.9",
      "p" : "0.7027",
      "s" : "sell",
      "i" : "AGLD_USD",
      "m" : "4611686018430184063"
    }, {
      "d" : "1756391689255224941",
      "t" : 1756391689255,
      "tn" : 1756391689255224941,
      "q" : "36.4",
      "p" : "0.7027",
      "s" : "sell",
      "i" : "AGLD_USD",
      "m" : "4611686018430184062"
    }, {
      "d" : "1756391614342582448",
      "t" : 1756391614342,
      "tn" : 1756391614342582448,
      "q" : "406.7",
      "p" : "0.7130",
      "s" : "sell",
      "i" : "AGLD_USD",
      "m" : "4611686018430184061"
    }, {
      "d" : "1756391612829157798",
      "t" : 1756391612829,
      "tn" : 1756391612829157798,
      "q" : "17.6",
      "p" : "0.7130",
      "s" : "sell",
      "i" : "AGLD_USD",
      "m" : "4611686018430184060"
    }, {
      "d" : "1756391611647454773",
      "t" : 1756391611647,
      "tn" : 1756391611647454773,
      "q" : "175.3",
      "p" : "0.7130",
      "s" : "sell",
      "i" : "AGLD_USD",
      "m" : "4611686018430184059"
    }, {
      "d" : "1756391546400084617",
      "t" : 1756391546400,
      "tn" : 1756391546400084617,
      "q" : "17.6",
      "p" : "0.7119",
      "s" : "buy",
      "i" : "AGLD_USD",
      "m" : "4611686018430184058"
    }, {
      "d" : "1756389871141944304",
      "t" : 1756389871141,
      "tn" : 1756389871141944304,
      "q" : "44.9",
      "p" : "0.7015",
      "s" : "sell",
      "i" : "AGLD_USD",
      "m" : "4611686018430184057"
    }, {
      "d" : "1756389683953494710",
      "t" : 1756389683953,
      "tn" : 1756389683953494710,
      "q" : "32.4",
      "p" : "0.6990",
      "s" : "buy",
      "i" : "AGLD_USD",
      "m" : "4611686018430184056"
    }, {
      "d" : "1756389683952647349",
      "t" : 1756389683952,
      "tn" : 1756389683952647349,
      "q" : "128.8",
      "p" : "0.6990",
      "s" : "buy",
      "i" : "AGLD_USD",
      "m" : "4611686018430184055"
    }, {
      "d" : "1756389683952591242",
      "t" : 1756389683952,
      "tn" : 1756389683952591242,
      "q" : "128.8",
      "p" : "0.6990",
      "s" : "buy",
      "i" : "AGLD_USD",
      "m" : "4611686018430184054"
    }, {
      "d" : "1756388904840594353",
      "t" : 1756388904840,
      "tn" : 1756388904840594353,
      "q" : "403.0",
      "p" : "0.6964",
      "s" : "sell",
      "i" : "AGLD_USD",
      "m" : "4611686018430184053"
    }, {
      "d" : "1756388904840591663",
      "t" : 1756388904840,
      "tn" : 1756388904840591663,
      "q" : "34.5",
      "p" : "0.6965",
      "s" : "sell",
      "i" : "AGLD_USD",
      "m" : "4611686018430184052"
    }, {
      "d" : "1756387808063206805",
      "t" : 1756387808063,
      "tn" : 1756387808063206805,
      "q" : "6.0",
      "p" : "0.6982",
      "s" : "sell",
      "i" : "AGLD_USD",
      "m" : "4611686018430184051"
    }, {
      "d" : "1756387556676006230",
      "t" : 1756387556676,
      "tn" : 1756387556676006230,
      "q" : "3.0",
      "p" : "0.7051",
      "s" : "sell",
      "i" : "AGLD_USD",
      "m" : "4611686018430184050"
    } ]
  }
}