{
  "id" : -1,
  "method" : "public/get-trades",
  "code" : 0,
  "result" : {
    "data" : [ {
      "d" : "1756455328468074588",
      "t" : 1756455328468,
      "tn" : 1756455328468074588,
      "q" : "719.4",
      "p" : "0.6888",
      "s" : "sell",
      "i" : "AGLD_USDT",
      "m" : "4611686018430392450"
    }, {
      "d" : "1756455306824078199",
      "t" : 1756455306824,
      "tn" : 1756455306824078199,
      "q" : "46.0",
      "p" : "0.6888",
      "s" : "sell",
      "i" : "AGLD_USDT",
      "m" : "4611686018430392449"
    }, {
      "d" : "1756455303173159659",
      "t" : 1756455303173,
      "tn" : 1756455303173159659,
      "q" : "290.0",
      "p" : "0.6888",
      "s" : "sell",
      "i" : "AGLD_USDT",
      "m" : "4611686018430392448"
    }, {
      "d" : "1756455277016150067",
      "t" : 1756455277016,
      "tn" : 1756455277016150067,
      "q" : "92.7",
      "p" : "0.6890",
      "s" : "sell",
      "i" : "AGLD_USDT",
      "m" : "4611686018430392447"
    }, {
      "d" : "1756455276847026934",
      "t" : 1756455276847,
      "tn" : 1756455276847026934,
      "q" : "246.5",
      "p" : "0.6889",
      "s" : "sell",
      "i" : "AGLD_USDT",
      "m" : "4611686018430392446"
    }, {
      "d" : "1756455276796990889",
      "t" : 1756455276796,
      "tn" : 1756455276796990889,
      "q" : "173.4",
      "p" : "0.6889",
      "s" : "sell",
      "i" : "AGLD_USDT",
      "m" : "4611686018430392445"
    }, {
      "d" : "1756455136042340464",
      "t" : 1756455136042,
      "tn" : 1756455136042340464,
      "q" : "290.0",
      "p" : "0.6889",
      "s" : "sell",
      "i" : "AGLD_USDT",
      "m" : "4611686018430392444"
    }, {
      "d" : "1756450545839281842",
      "t" : 1756450545839,
      "tn" : 1756450545839281842,
      "q" : "281.0",
      "p" : "0.7083",
      "s" : "sell",
      "i" : "AGLD_USDT",
      "m" : "4611686018430392443"
    }, {
      "d" : "1756449207904777116",
      "t" : 1756449207904,
      "tn" : 1756449207904777116,
      "q" : "325.3",
      "p" : "0.7309",
      "s" : "sell",
      "i" : "AGLD_USDT",
      "m" : "4611686018430392442"
    }, {
      "d" : "1756449207691293113",
      "t" : 1756449207691,
      "tn" : 1756449207691293113,
      "q" : "12.0",
      "p" : "0.7329",
      "s" : "sell",
      "i" : "AGLD_USDT",
      "m" : "4611686018430392441"
    }, {
      "d" : "1756449207691291219",
      "t" : 1756449207691,
      "tn" : 1756449207691291219,
      "q" : "201.7",
      "p" : "0.7334",
      "s" : "sell",
      "i" : "AGLD_USDT",
      "m" : "4611686018430392440"
    }, {
      "d" : "1756440602326060758",
      "t" : 1756440602326,
      "tn" : 1756440602326060758,
      "q" : "269.0",
      "p" : "0.7402",
      "s" : "sell",
      "i" : "AGLD_USDT",
      "m" : "4611686018430392439"
    }, {
      "d" : "1756440527297671868",
      "t" : 1756440527297,
      "tn" : 1756440527297671868,
      "q" : "269.9",
      "p" : "0.7426",
      "s" : "sell",
      "i" : "AGLD_USDT",
      "m" : "4611686018430392438"
    }, {
      "d" : "1756436205670345929",
      "t" : 1756436205670,
      "tn" : 1756436205670345929,
      "q" : "13.9",
      "p" : "0.7453",
      "s" : "buy",
      "i" : "AGLD_USDT",
      "m" : "4611686018430392437"
    }, {
      "d" : "1756431087769168922",
      "t" : 1756431087769,
      "tn" : 1756431087769168922,
      "q" : "99.8",
      "p" : "0.7265",
      "s" : "sell",
      "i" : "AGLD_USDT",
      "m" : "4611686018430392436"
    }, {
      "d" : "1756431087769166884",
      "t" : 1756431087769,
      "tn" : 1756431087769166884,
      "q" : "428.0",
      "p" : "0.7266",
      "s" : "sell",
      "i" : "AGLD_USDT",
      "m" : "4611686018430392435"
    }, {
      "d" : "1756428002143299184",
      "t" : 1756428002143,
      "tn" : 1756428002143299184,
      "q" : "30.0",
      "p" : "0.7249",
      "s" : "sell",
      "i" : "AGLD_USDT",
      "m" : "4611686018430392434"
    }, {
      "d" : "1756428002129079796",
      "t" : 1756428002129,
      "tn" : 1756428002129079796,
      "q" : "20.0",
      "p" : "0.7249",
      "s" : "sell",
      "i" : "AGLD_USDT",
      "m" : "4611686018430392433"
    }, {
      "d" : "1756428002124977314",
      "t" : 1756428002124,
      "tn" : 1756428002124977314,
      "q" : "30.0",
      "p" : "0.7249",
      "s" : "sell",
      "i" : "AGLD_USDT",
      "m" : "4611686018430392432"
    }, {
      "d" : "1756428001757187224",
      "t" : 1756428001757,
      "tn" : 1756428001757187224,
      "q" : "59.0",
      "p" : "0.7249",
      "s" : "sell",
      "i" : "AGLD_USDT",
      "m" : "4611686018430392431"
    }, {
      "d" : "1756428000811079217",
      "t" : 1756428000811,
      "tn" : 1756428000811079217,
      "q" : "276.8",
      "p" : "0.7247",
      "s" : "sell",
      "i" : "AGLD_USDT",
      "m" : "4611686018430392430"
    }, {
      "d" : "1756427741488038573",
      "t" : 1756427741488,
      "tn" : 1756427741488038573,
      "q" : "500.0",
      "p" : "0.7272",
      "s" : "buy",
      "i" : "AGLD_USDT",
      "m" : "4611686018430392429"
    }, {
      "d" : "1756427196252018386",
      "t" : 1756427196252,
      "tn" : 1756427196252018386,
      "q" : "275.0",
      "p" : "0.7250",
      "s" : "buy",
      "i" : "AGLD_USDT",
      "m" : "4611686018430392428"
    }, {
      "d" : "1756427188062230215",
      "t" : 1756427188062,
      "tn" : 1756427188062230215,
      "q" : "29.0",
      "p" : "0.7250",
      "s" : "buy",
      "i" : "AGLD_USDT",
      "m" : "4611686018430392427"
    }, {
      "d" : "1756427128145598527",
      "t" : 1756427128145,
      "tn" : 1756427128145598527,
      "q" : "277.1",
      "p" : "0.7198",
      "s" : "buy",
      "i" : "AGLD_USDT",
      "m" : "4611686018430392426"
    }, {
      "d" : "1756426516567021581",
      "t" : 1756426516567,
      "tn" : 1756426516567021581,
      "q" : "656.2",
      "p" : "0.7103",
      "s" : "sell",
      "i" : "AGLD_USDT",
      "m" : "4611686018430392425"
    }, {
      "d" : "1756422083821161175",
      "t" : 1756422083821,
      "tn" : 1756422083821161175,
      "q" : "0.1",
      "p" : "0.7130",
      "s" : "buy",
      "i" : "AGLD_USDT",
      "m" : "4611686018430392424"
    }, {
      "d" : "1756422083821158936",
      "t" : 1756422083821,
      "tn" : 1756422083821158936,
      "q" : "277.8",
      "p" : "0.7129",
      "s" : "buy",
      "i" : "AGLD_USDT",
      "m" : "4611686018430392423"
    }, {
      "d" : "1756422026708001725",
      "t" : 1756422026708,
      "tn" : 1756422026708001725,
      "q" : "399.6",
      "p" : "0.7093",
      "s" : "buy",
      "i" : "AGLD_USDT",
      "m" : "4611686018430392422"
    }, {
      "d" : "1756422026707999991",
      "t" : 1756422026707,
      "tn" : 1756422026707999991,
      "q" : "673.2",
      "p" : "0.7091",
      "s" : "buy",
      "i" : "AGLD_USDT",
      "m" : "4611686018430392421"
    }, {
      "d" : "1756422026707996872",
      "t" : 1756422026707,
      "tn" : 1756422026707996872,
      "q" : "11.2",
      "p" : "0.7089",
      "s" : "buy",
      "i" : "AGLD_USDT",
      "m" : "4611686018430392420"
    }, {
      "d" : "1756422026683899147",
      "t" : 1756422026683,
      "tn" : 1756422026683899147,
      "q" : "56.4",
      "p" : "0.7089",
      "s" : "buy",
      "i" : "AGLD_USDT",
      "m" : "4611686018430392419"
    }, {
      "d" : "1756422026647529511",
      "t" : 1756422026647,
      "tn" : 1756422026647529511,
      "q" : "75.6",
      "p" : "0.7089",
      "s" : "buy",
      "i" : "AGLD_USDT",
      "m" : "4611686018430392418"
    }, {
      "d" : "1756422026631080286",
      "t" : 1756422026631,
      "tn" : 1756422026631080286,
      "q" : "6.3",
      "p" : "0.7090",
      "s" : "buy",
      "i" : "AGLD_USDT",
      "m" : "4611686018430392417"
    }, {
      "d" : "1756392103401627903",
      "t" : 1756392103401,
      "tn" : 1756392103401627903,
      "q" : "284.0",
      "p" : "0.7047",
      "s" : "sell",
      "i" : "AGLD_USDT",
      "m" : "4611686018430392416"
    }, {
      "d" : "1756391614342020143",
      "t" : 1756391614342,
      "tn" : 1756391614342020143,
      "q" : "41.3",
      "p" : "0.7136",
      "s" : "sell",
      "i" : "AGLD_USDT",
      "m" : "4611686018430392415"
    }, {
      "d" : "1756391614342017666",
      "t" : 1756391614342,
      "tn" : 1756391614342017666,
      "q" : "39.6",
      "p" : "0.7137",
      "s" : "sell",
      "i" : "AGLD_USDT",
      "m" : "4611686018430392414"
    }, {
      "d" : "1756391614333677479",
      "t" : 1756391614333,
      "tn" : 1756391614333677479,
      "q" : "112.1",
      "p" : "0.7137",
      "s" : "sell",
      "i" : "AGLD_USDT",
      "m" : "4611686018430392413"
    }, {
      "d" : "1756391613841706289",
      "t" : 1756391613841,
      "tn" : 1756391613841706289,
      "q" : "76.3",
      "p" : "0.7137",
      "s" : "sell",
      "i" : "AGLD_USDT",
      "m" : "4611686018430392412"
    }, {
      "d" : "1756391613781985475",
      "t" : 1756391613781,
      "tn" : 1756391613781985475,
      "q" : "281.0",
      "p" : "0.7137",
      "s" : "sell",
      "i" : "AGLD_USDT",
      "m" : "4611686018430392411"
    }, {
      "d" : "1756391613272914274",
      "t" : 1756391613272,
      "tn" : 1756391613272914274,
      "q" : "3.7",
      "p" : "0.7136",
      "s" : "sell",
      "i" : "AGLD_USDT",
      "m" : "4611686018430392410"
    }, {
      "d" : "1756391613272912301",
      "t" : 1756391613272,
      "tn" : 1756391613272912301,
      "q" : "277.3",
      "p" : "0.7137",
      "s" : "sell",
      "i" : "AGLD_USDT",
      "m" : "4611686018430392409"
    }, {
      "d" : "1756391612829449002",
      "t" : 1756391612829,
      "tn" : 1756391612829449002,
      "q" : "106.6",
      "p" : "0.7137",
      "s" : "sell",
      "i" : "AGLD_USDT",
      "m" : "4611686018430392408"
    }, {
      "d" : "1756391611576469824",
      "t" : 1756391611576,
      "tn" : 1756391611576469824,
      "q" : "280.9",
      "p" : "0.7137",
      "s" : "sell",
      "i" : "AGLD_USDT",
      "m" : "4611686018430392407"
    }, {
      "d" : "1756391549195142288",
      "t" : 1756391549195,
      "tn" : 1756391549195142288,
      "q" : "279.1",
      "p" : "0.7149",
      "s" : "buy",
      "i" : "AGLD_USDT",
      "m" : "4611686018430392406"
    }, {
      "d" : "1756391548971501173",
      "t" : 1756391548971,
      "tn" : 1756391548971501173,
      "q" : "16.7",
      "p" : "0.7149",
      "s" : "buy",
      "i" : "AGLD_USDT",
      "m" : "4611686018430392405"
    }, {
      "d" : "1756391548971498896",
      "t" : 1756391548971,
      "tn" : 1756391548971498896,
      "q" : "262.3",
      "p" : "0.7148",
      "s" : "buy",
      "i" : "AGLD_USDT",
      "m" : "4611686018430392404"
    }, {
      "d" : "1756389761687338505",
      "t" : 1756389761687,
      "tn" : 1756389761687338505,
      "q" : "284.0",
      "p" : "0.7040",
      "s" : "buy",
      "i" : "AGLD_USDT",
      "m" : "4611686018430392403"
    }, {
      "d" : "1756389761153985069",
      "t" : 1756389761153,
      "tn" : 1756389761153985069,
      "q" : "239.1",
      "p" : "0.7039",
      "s" : "buy",
      "i" : "AGLD_USDT",
      "m" : "4611686018430392402"
    }, {
      "d" : "1756389758701454317",
      "t" : 1756389758701,
      "tn" : 1756389758701454317,
      "q" : "283.9",
      "p" : "0.7039",
      "s" : "buy",
      "i" : "AGLD_USDT",
      "m" : "4611686018430392401"
    }, {
      "d" : "1756385856397823411",
      "t" : 1756385856397,
      "tn" : 1756385856397823411,
      "q" : "86.2",
      "p" : "0.6942",
      "s" : "sell",
      "i" : "AGLD_USDT",
      "m" : "4611686018430392400"
    }, {
      "d" : "1756384266965138325",
      "t" : 1756384266965,
      "tn" : 1756384266965138325,
      "q" : "179.6",
      "p" : "0.6977",
      "s" : "sell",
      "i" : "AGLD_USDT",
      "m" : "4611686018430392399"
    }, {
      "d" : "1756384266965136023",
      "t" : 1756384266965,
      "tn" : 1756384266965136023,
      "q" : "107.4",
      "p" : "0.6978",
      "s" : "sell",
      "i" : "AGLD_USDT",
      "m" : "4611686018430392398"
    }, {
      "d" : "1756384261707957159",
      "t" : 1756384261707,
      "tn" : 1756384261707957159,
      "q" : "57.5",
      "p" : "0.6985",
      "s" : "sell",
      "i" : "AGLD_USDT",
      "m" : "4611686018430392397"
    }, {
      "d" : "1756384261682974989",
      "t" : 1756384261682,
      "tn" : 1756384261682974989,
      "q" : "192.0",
      "p" : "0.6984",
      "s" : "sell",
      "i" : "AGLD_USDT",
      "m" : "4611686018430392396"
    }, {
      "d" : "1756384261366447111",
      "t" : 1756384261366,
      "tn" : 1756384261366447111,
      "q" : "525.5",
      "p" : "0.6986",
      "s" : "sell",
      "i" : "AGLD_USDT",
      "m" : "4611686018430392395"
    }, {
      "d" : "1756380283953771192",
      "t" : 1756380283953,
      "tn" : 1756380283953771192,
      "q" : "42.4",
      "p" : "0.6957",
      "s" : "sell",
      "i" : "AGLD_USDT",
      "m" : "4611686018430392394"
    }, {
      "d" : "1756374461898949859",
      "t" : 1756374461898,
      "tn" : 1756374461898949859,
      "q" : "17.3",
      "p" : "0.6925",
      "s" : "sell",
      "i" : "AGLD_USDT",
      "m" : "4611686018430392393"
    }, {
      "d" : "1756374311528746237",
      "t" : 1756374311528,
      "tn" : 1756374311528746237,
      "q" : "36.0",
      "p" : "0.6929",
      "s" : "sell",
      "i" : "AGLD_USDT",
      "m" : "4611686018430392392"
    }, {
      "d" : "1756374310330743523",
      "t" : 1756374310330,
      "tn" : 1756374310330743523,
      "q" : "58.9",
      "p" : "0.6929",
      "s" : "sell",
      "i" : "AGLD_USDT",
      "m" : "4611686018430392391"
    } ]
  }
}