{
  "id" : -1,
  "method" : "public/get-trades",
  "code" : 0,
  "result" : {
    "data" : [ {
      "d" : "1756460002217363237",
      "t" : 1756460002217,
      "tn" : 1756460002217363237,
      "q" : "11.1",
      "p" : "0.10309",
      "s" : "buy",
      "i" : "AI16Z_USD",
      "m" : "4611686018429467750"
    }, {
      "d" : "1756459811978629527",
      "t" : 1756459811978,
      "tn" : 1756459811978629527,
      "q" : "11.2",
      "p" : "0.10320",
      "s" : "buy",
      "i" : "AI16Z_USD",
      "m" : "4611686018429467749"
    }, {
      "d" : "1756459760950462043",
      "t" : 1756459760950,
      "tn" : 1756459760950462043,
      "q" : "11.1",
      "p" : "0.10299",
      "s" : "buy",
      "i" : "AI16Z_USD",
      "m" : "4611686018429467748"
    }, {
      "d" : "1756459357666446599",
      "t" : 1756459357666,
      "tn" : 1756459357666446599,
      "q" : "554.6",
      "p" : "0.10309",
      "s" : "buy",
      "i" : "AI16Z_USD",
      "m" : "4611686018429467747"
    }, {
      "d" : "1756459357666445524",
      "t" : 1756459357666,
      "tn" : 1756459357666445524,
      "q" : "11.2",
      "p" : "0.10305",
      "s" : "buy",
      "i" : "AI16Z_USD",
      "m" : "4611686018429467746"
    }, {
      "d" : "1756459124947807271",
      "t" : 1756459124947,
      "tn" : 1756459124947807271,
      "q" : "11.1",
      "p" : "0.10263",
      "s" : "sell",
      "i" : "AI16Z_USD",
      "m" : "4611686018429467745"
    }, {
      "d" : "1756459124857445388",
      "t" : 1756459124857,
      "tn" : 1756459124857445388,
      "q" : "967.8",
      "p" : "0.10281",
      "s" : "sell",
      "i" : "AI16Z_USD",
      "m" : "4611686018429467744"
    }, {
      "d" : "1756459124857443309",
      "t" : 1756459124857,
      "tn" : 1756459124857443309,
      "q" : "194.4",
      "p" : "0.10282",
      "s" : "sell",
      "i" : "AI16Z_USD",
      "m" : "4611686018429467743"
    }, {
      "d" : "1756459124854338772",
      "t" : 1756459124854,
      "tn" : 1756459124854338772,
      "q" : "830.7",
      "p" : "0.10289",
      "s" : "sell",
      "i" : "AI16Z_USD",
      "m" : "4611686018429467742"
    }, {
      "d" : "1756459115041139786",
      "t" : 1756459115041,
      "tn" : 1756459115041139786,
      "q" : "11.2",
      "p" : "0.10326",
      "s" : "sell",
      "i" : "AI16Z_USD",
      "m" : "4611686018429467741"
    }, {
      "d" : "1756459099009291665",
      "t" : 1756459099009,
      "tn" : 1756459099009291665,
      "q" : "193.6",
      "p" : "0.10320",
      "s" : "sell",
      "i" : "AI16Z_USD",
      "m" : "4611686018429467740"
    }, {
      "d" : "1756459099004359845",
      "t" : 1756459099004,
      "tn" : 1756459099004359845,
      "q" : "827.6",
      "p" : "0.10328",
      "s" : "sell",
      "i" : "AI16Z_USD",
      "m" : "4611686018429467739"
    }, {
      "d" : "1756459099004357363",
      "t" : 1756459099004,
      "tn" : 1756459099004357363,
      "q" : "11.2",
      "p" : "0.10333",
      "s" : "sell",
      "i" : "AI16Z_USD",
      "m" : "4611686018429467738"
    }, {
      "d" : "1756459098997705926",
      "t" : 1756459098997,
      "tn" : 1756459098997705926,
      "q" : "0.1",
      "p" : "0.10338",
      "s" : "sell",
      "i" : "AI16Z_USD",
      "m" : "4611686018429467737"
    }, {
      "d" : "1756459098996346583",
      "t" : 1756459098996,
      "tn" : 1756459098996346583,
      "q" : "11.1",
      "p" : "0.10338",
      "s" : "sell",
      "i" : "AI16Z_USD",
      "m" : "4611686018429467736"
    }, {
      "d" : "1756459052007112973",
      "t" : 1756459052007,
      "tn" : 1756459052007112973,
      "q" : "11.1",
      "p" : "0.10309",
      "s" : "buy",
      "i" : "AI16Z_USD",
      "m" : "4611686018429467735"
    }, {
      "d" : "1756458747132322916",
      "t" : 1756458747132,
      "tn" : 1756458747132322916,
      "q" : "11.1",
      "p" : "0.10277",
      "s" : "buy",
      "i" : "AI16Z_USD",
      "m" : "4611686018429467734"
    }, {
      "d" : "1756458718476157789",
      "t" : 1756458718476,
      "tn" : 1756458718476157789,
      "q" : "77.0",
      "p" : "0.10310",
      "s" : "buy",
      "i" : "AI16Z_USD",
      "m" : "4611686018429467733"
    }, {
      "d" : "1756458718476155577",
      "t" : 1756458718476,
      "tn" : 1756458718476155577,
      "q" : "11.2",
      "p" : "0.10300",
      "s" : "buy",
      "i" : "AI16Z_USD",
      "m" : "4611686018429467732"
    }, {
      "d" : "1756458690409335745",
      "t" : 1756458690409,
      "tn" : 1756458690409335745,
      "q" : "11.2",
      "p" : "0.10279",
      "s" : "buy",
      "i" : "AI16Z_USD",
      "m" : "4611686018429467731"
    }, {
      "d" : "1756458642036509093",
      "t" : 1756458642036,
      "tn" : 1756458642036509093,
      "q" : "11.1",
      "p" : "0.10226",
      "s" : "sell",
      "i" : "AI16Z_USD",
      "m" : "4611686018429467730"
    }, {
      "d" : "1756458641972184514",
      "t" : 1756458641972,
      "tn" : 1756458641972184514,
      "q" : "11.2",
      "p" : "0.10245",
      "s" : "sell",
      "i" : "AI16Z_USD",
      "m" : "4611686018429467729"
    }, {
      "d" : "1756458641967962635",
      "t" : 1756458641967,
      "tn" : 1756458641967962635,
      "q" : "195.3",
      "p" : "0.10233",
      "s" : "sell",
      "i" : "AI16Z_USD",
      "m" : "4611686018429467728"
    }, {
      "d" : "1756458641963834607",
      "t" : 1756458641963,
      "tn" : 1756458641963834606,
      "q" : "1916.4",
      "p" : "0.10237",
      "s" : "sell",
      "i" : "AI16Z_USD",
      "m" : "4611686018429467727"
    }, {
      "d" : "1756458641963834606",
      "t" : 1756458641963,
      "tn" : 1756458641963834606,
      "q" : "195.0",
      "p" : "0.10237",
      "s" : "sell",
      "i" : "AI16Z_USD",
      "m" : "4611686018429467727"
    }, {
      "d" : "1756458641961790434",
      "t" : 1756458641961,
      "tn" : 1756458641961790434,
      "q" : "0.1",
      "p" : "0.10250",
      "s" : "sell",
      "i" : "AI16Z_USD",
      "m" : "4611686018429467726"
    }, {
      "d" : "1756458641959139155",
      "t" : 1756458641959,
      "tn" : 1756458641959139155,
      "q" : "11.1",
      "p" : "0.10250",
      "s" : "sell",
      "i" : "AI16Z_USD",
      "m" : "4611686018429467725"
    }, {
      "d" : "1756458627046544262",
      "t" : 1756458627046,
      "tn" : 1756458627046544262,
      "q" : "28.6",
      "p" : "0.10263",
      "s" : "buy",
      "i" : "AI16Z_USD",
      "m" : "4611686018429467724"
    }, {
      "d" : "1756458613756021237",
      "t" : 1756458613756,
      "tn" : 1756458613756021237,
      "q" : "11.2",
      "p" : "0.10262",
      "s" : "buy",
      "i" : "AI16Z_USD",
      "m" : "4611686018429467723"
    }, {
      "d" : "1756458605095409790",
      "t" : 1756458605095,
      "tn" : 1756458605095409790,
      "q" : "11.2",
      "p" : "0.10263",
      "s" : "buy",
      "i" : "AI16Z_USD",
      "m" : "4611686018429467722"
    }, {
      "d" : "1756458570196209917",
      "t" : 1756458570196,
      "tn" : 1756458570196209917,
      "q" : "11.1",
      "p" : "0.10277",
      "s" : "sell",
      "i" : "AI16Z_USD",
      "m" : "4611686018429467721"
    }, {
      "d" : "1756458393828703110",
      "t" : 1756458393828,
      "tn" : 1756458393828703110,
      "q" : "11.1",
      "p" : "0.10289",
      "s" : "sell",
      "i" : "AI16Z_USD",
      "m" : "4611686018429467720"
    }, {
      "d" : "1756458326250146532",
      "t" : 1756458326250,
      "tn" : 1756458326250146532,
      "q" : "11.1",
      "p" : "0.10320",
      "s" : "buy",
      "i" : "AI16Z_USD",
      "m" : "4611686018429467719"
    }, {
      "d" : "1756458284740923280",
      "t" : 1756458284740,
      "tn" : 1756458284740923280,
      "q" : "2896.5",
      "p" : "0.10290",
      "s" : "buy",
      "i" : "AI16Z_USD",
      "m" : "4611686018429467718"
    }, {
      "d" : "1756458284739271724",
      "t" : 1756458284739,
      "tn" : 1756458284739271724,
      "q" : "1942.0",
      "p" : "0.10290",
      "s" : "buy",
      "i" : "AI16Z_USD",
      "m" : "4611686018429467717"
    }, {
      "d" : "1756458198807642640",
      "t" : 1756458198807,
      "tn" : 1756458198807642640,
      "q" : "11.2",
      "p" : "0.10280",
      "s" : "sell",
      "i" : "AI16Z_USD",
      "m" : "4611686018429467716"
    }, {
      "d" : "1756458191375879216",
      "t" : 1756458191375,
      "tn" : 1756458191375879216,
      "q" : "11.2",
      "p" : "0.10269",
      "s" : "sell",
      "i" : "AI16Z_USD",
      "m" : "4611686018429467715"
    }, {
      "d" : "1756458188166843384",
      "t" : 1756458188166,
      "tn" : 1756458188166843384,
      "q" : "8210.8",
      "p" : "0.10257",
      "s" : "buy",
      "i" : "AI16Z_USD",
      "m" : "4611686018429467714"
    }, {
      "d" : "1756458188158979617",
      "t" : 1756458188158,
      "tn" : 1756458188158979617,
      "q" : "2905.5",
      "p" : "0.10257",
      "s" : "buy",
      "i" : "AI16Z_USD",
      "m" : "4611686018429467713"
    }, {
      "d" : "1756458188150282555",
      "t" : 1756458188150,
      "tn" : 1756458188150282555,
      "q" : "1949.7",
      "p" : "0.10257",
      "s" : "buy",
      "i" : "AI16Z_USD",
      "m" : "4611686018429467712"
    }, {
      "d" : "1756458187943155566",
      "t" : 1756458187943,
      "tn" : 1756458187943155566,
      "q" : "365.2",
      "p" : "0.10256",
      "s" : "buy",
      "i" : "AI16Z_USD",
      "m" : "4611686018429467711"
    }, {
      "d" : "1756458182655299256",
      "t" : 1756458182655,
      "tn" : 1756458182655299256,
      "q" : "195.9",
      "p" : "0.10203",
      "s" : "sell",
      "i" : "AI16Z_USD",
      "m" : "4611686018429467710"
    }, {
      "d" : "1756458181971309589",
      "t" : 1756458181971,
      "tn" : 1756458181971309589,
      "q" : "11.1",
      "p" : "0.10211",
      "s" : "sell",
      "i" : "AI16Z_USD",
      "m" : "4611686018429467709"
    }, {
      "d" : "1756458181916597525",
      "t" : 1756458181916,
      "tn" : 1756458181916597525,
      "q" : "11.2",
      "p" : "0.10220",
      "s" : "sell",
      "i" : "AI16Z_USD",
      "m" : "4611686018429467708"
    }, {
      "d" : "1756458181843052911",
      "t" : 1756458181843,
      "tn" : 1756458181843052911,
      "q" : "11.2",
      "p" : "0.10226",
      "s" : "sell",
      "i" : "AI16Z_USD",
      "m" : "4611686018429467707"
    }, {
      "d" : "1756458180589416011",
      "t" : 1756458180589,
      "tn" : 1756458180589416011,
      "q" : "11.2",
      "p" : "0.10270",
      "s" : "sell",
      "i" : "AI16Z_USD",
      "m" : "4611686018429467706"
    }, {
      "d" : "1756458180567111823",
      "t" : 1756458180567,
      "tn" : 1756458180567111823,
      "q" : "11.2",
      "p" : "0.10278",
      "s" : "sell",
      "i" : "AI16Z_USD",
      "m" : "4611686018429467705"
    }, {
      "d" : "1756458177432728269",
      "t" : 1756458177432,
      "tn" : 1756458177432728269,
      "q" : "11.2",
      "p" : "0.10289",
      "s" : "sell",
      "i" : "AI16Z_USD",
      "m" : "4611686018429467704"
    }, {
      "d" : "1756458175901944653",
      "t" : 1756458175901,
      "tn" : 1756458175901944653,
      "q" : "3172.5",
      "p" : "0.10290",
      "s" : "buy",
      "i" : "AI16Z_USD",
      "m" : "4611686018429467703"
    }, {
      "d" : "1756458175897159993",
      "t" : 1756458175897,
      "tn" : 1756458175897159993,
      "q" : "4849.6",
      "p" : "0.10290",
      "s" : "buy",
      "i" : "AI16Z_USD",
      "m" : "4611686018429467702"
    }, {
      "d" : "1756458175892207568",
      "t" : 1756458175892,
      "tn" : 1756458175892207568,
      "q" : "194.1",
      "p" : "0.10290",
      "s" : "sell",
      "i" : "AI16Z_USD",
      "m" : "4611686018429467701"
    }, {
      "d" : "1756458175892205167",
      "t" : 1756458175892,
      "tn" : 1756458175892205167,
      "q" : "11.2",
      "p" : "0.10307",
      "s" : "sell",
      "i" : "AI16Z_USD",
      "m" : "4611686018429467700"
    }, {
      "d" : "1756458166528931789",
      "t" : 1756458166528,
      "tn" : 1756458166528931789,
      "q" : "11.2",
      "p" : "0.10323",
      "s" : "sell",
      "i" : "AI16Z_USD",
      "m" : "4611686018429467699"
    }, {
      "d" : "1756458123093160864",
      "t" : 1756458123093,
      "tn" : 1756458123093160864,
      "q" : "11.1",
      "p" : "0.10308",
      "s" : "sell",
      "i" : "AI16Z_USD",
      "m" : "4611686018429467698"
    }, {
      "d" : "1756458122694491262",
      "t" : 1756458122694,
      "tn" : 1756458122694491262,
      "q" : "192.7",
      "p" : "0.10355",
      "s" : "sell",
      "i" : "AI16Z_USD",
      "m" : "4611686018429467697"
    }, {
      "d" : "1756458121351165155",
      "t" : 1756458121351,
      "tn" : 1756458121351165155,
      "q" : "11.1",
      "p" : "0.10377",
      "s" : "sell",
      "i" : "AI16Z_USD",
      "m" : "4611686018429467696"
    }, {
      "d" : "1756458121145612799",
      "t" : 1756458121145,
      "tn" : 1756458121145612799,
      "q" : "11.2",
      "p" : "0.10405",
      "s" : "sell",
      "i" : "AI16Z_USD",
      "m" : "4611686018429467695"
    }, {
      "d" : "1756457764451572738",
      "t" : 1756457764451,
      "tn" : 1756457764451572738,
      "q" : "0.1",
      "p" : "0.10462",
      "s" : "sell",
      "i" : "AI16Z_USD",
      "m" : "4611686018429467694"
    }, {
      "d" : "1756457764451359970",
      "t" : 1756457764451,
      "tn" : 1756457764451359970,
      "q" : "11.1",
      "p" : "0.10462",
      "s" : "sell",
      "i" : "AI16Z_USD",
      "m" : "4611686018429467693"
    }, {
      "d" : "1756457735977848204",
      "t" : 1756457735977,
      "tn" : 1756457735977848204,
      "q" : "11.2",
      "p" : "0.10431",
      "s" : "sell",
      "i" : "AI16Z_USD",
      "m" : "4611686018429467692"
    }, {
      "d" : "1756456965232355226",
      "t" : 1756456965232,
      "tn" : 1756456965232355226,
      "q" : "361.3",
      "p" : "0.10430",
      "s" : "sell",
      "i" : "AI16Z_USD",
      "m" : "4611686018429467691"
    }, {
      "d" : "1756456965232353511",
      "t" : 1756456965232,
      "tn" : 1756456965232353511,
      "q" : "11.2",
      "p" : "0.10453",
      "s" : "sell",
      "i" : "AI16Z_USD",
      "m" : "4611686018429467690"
    }, {
      "d" : "1756456822123562726",
      "t" : 1756456822123,
      "tn" : 1756456822123562726,
      "q" : "11.2",
      "p" : "0.10464",
      "s" : "sell",
      "i" : "AI16Z_USD",
      "m" : "4611686018429467689"
    }, {
      "d" : "1756456751947559498",
      "t" : 1756456751947,
      "tn" : 1756456751947559498,
      "q" : "153.5",
      "p" : "0.10458",
      "s" : "buy",
      "i" : "AI16Z_USD",
      "m" : "4611686018429467688"
    }, {
      "d" : "1756456747391076531",
      "t" : 1756456747391,
      "tn" : 1756456747391076531,
      "q" : "860.6",
      "p" : "0.10458",
      "s" : "buy",
      "i" : "AI16Z_USD",
      "m" : "4611686018429467687"
    }, {
      "d" : "1756456747258226201",
      "t" : 1756456747258,
      "tn" : 1756456747258226201,
      "q" : "860.6",
      "p" : "0.10458",
      "s" : "buy",
      "i" : "AI16Z_USD",
      "m" : "4611686018429467686"
    }, {
      "d" : "1756456747199603251",
      "t" : 1756456747199,
      "tn" : 1756456747199603251,
      "q" : "860.6",
      "p" : "0.10458",
      "s" : "buy",
      "i" : "AI16Z_USD",
      "m" : "4611686018429467685"
    }, {
      "d" : "1756456747174874505",
      "t" : 1756456747174,
      "tn" : 1756456747174874505,
      "q" : "860.6",
      "p" : "0.10458",
      "s" : "buy",
      "i" : "AI16Z_USD",
      "m" : "4611686018429467684"
    }, {
      "d" : "1756456747152469256",
      "t" : 1756456747152,
      "tn" : 1756456747152469256,
      "q" : "860.6",
      "p" : "0.10458",
      "s" : "buy",
      "i" : "AI16Z_USD",
      "m" : "4611686018429467683"
    }, {
      "d" : "1756456747124394299",
      "t" : 1756456747124,
      "tn" : 1756456747124394299,
      "q" : "860.6",
      "p" : "0.10458",
      "s" : "buy",
      "i" : "AI16Z_USD",
      "m" : "4611686018429467682"
    }, {
      "d" : "1756456747121226987",
      "t" : 1756456747121,
      "tn" : 1756456747121226987,
      "q" : "1908.6",
      "p" : "0.10458",
      "s" : "buy",
      "i" : "AI16Z_USD",
      "m" : "4611686018429467681"
    }, {
      "d" : "1756456740397914608",
      "t" : 1756456740397,
      "tn" : 1756456740397914608,
      "q" : "1923.4",
      "p" : "0.10458",
      "s" : "buy",
      "i" : "AI16Z_USD",
      "m" : "4611686018429467680"
    }, {
      "d" : "1756456368861758803",
      "t" : 1756456368861,
      "tn" : 1756456368861758803,
      "q" : "11.2",
      "p" : "0.10481",
      "s" : "buy",
      "i" : "AI16Z_USD",
      "m" : "4611686018429467679"
    }, {
      "d" : "1756455078383600548",
      "t" : 1756455078383,
      "tn" : 1756455078383600548,
      "q" : "11.2",
      "p" : "0.10452",
      "s" : "buy",
      "i" : "AI16Z_USD",
      "m" : "4611686018429467678"
    }, {
      "d" : "1756454913494838444",
      "t" : 1756454913494,
      "tn" : 1756454913494838444,
      "q" : "11.2",
      "p" : "0.10470",
      "s" : "buy",
      "i" : "AI16Z_USD",
      "m" : "4611686018429467677"
    }, {
      "d" : "1756454269962735020",
      "t" : 1756454269962,
      "tn" : 1756454269962735020,
      "q" : "11.2",
      "p" : "0.10503",
      "s" : "buy",
      "i" : "AI16Z_USD",
      "m" : "4611686018429467676"
    }, {
      "d" : "1756453080387204860",
      "t" : 1756453080387,
      "tn" : 1756453080387204860,
      "q" : "11.2",
      "p" : "0.10487",
      "s" : "buy",
      "i" : "AI16Z_USD",
      "m" : "4611686018429467675"
    }, {
      "d" : "1756452842673944826",
      "t" : 1756452842673,
      "tn" : 1756452842673944826,
      "q" : "11.2",
      "p" : "0.10562",
      "s" : "sell",
      "i" : "AI16Z_USD",
      "m" : "4611686018429467674"
    }, {
      "d" : "1756452625043816431",
      "t" : 1756452625043,
      "tn" : 1756452625043816431,
      "q" : "11.2",
      "p" : "0.10485",
      "s" : "sell",
      "i" : "AI16Z_USD",
      "m" : "4611686018429467673"
    }, {
      "d" : "1756452619164107060",
      "t" : 1756452619164,
      "tn" : 1756452619164107060,
      "q" : "11.2",
      "p" : "0.10505",
      "s" : "sell",
      "i" : "AI16Z_USD",
      "m" : "4611686018429467672"
    }, {
      "d" : "1756452586410452806",
      "t" : 1756452586410,
      "tn" : 1756452586410452806,
      "q" : "11.2",
      "p" : "0.10561",
      "s" : "sell",
      "i" : "AI16Z_USD",
      "m" : "4611686018429467671"
    }, {
      "d" : "1756452582956177158",
      "t" : 1756452582956,
      "tn" : 1756452582956177158,
      "q" : "11.2",
      "p" : "0.10573",
      "s" : "sell",
      "i" : "AI16Z_USD",
      "m" : "4611686018429467670"
    }, {
      "d" : "1756452582949831143",
      "t" : 1756452582949,
      "tn" : 1756452582949831143,
      "q" : "11.2",
      "p" : "0.10573",
      "s" : "sell",
      "i" : "AI16Z_USD",
      "m" : "4611686018429467669"
    }, {
      "d" : "1756452551599041474",
      "t" : 1756452551599,
      "tn" : 1756452551599041474,
      "q" : "11.2",
      "p" : "0.10591",
      "s" : "sell",
      "i" : "AI16Z_USD",
      "m" : "4611686018429467668"
    }, {
      "d" : "1756452532036031032",
      "t" : 1756452532036,
      "tn" : 1756452532036031032,
      "q" : "11.2",
      "p" : "0.10581",
      "s" : "sell",
      "i" : "AI16Z_USD",
      "m" : "4611686018429467667"
    }, {
      "d" : "1756452284941088528",
      "t" : 1756452284941,
      "tn" : 1756452284941088528,
      "q" : "11.2",
      "p" : "0.10652",
      "s" : "sell",
      "i" : "AI16Z_USD",
      "m" : "4611686018429467666"
    }, {
      "d" : "1756452153102564889",
      "t" : 1756452153102,
      "tn" : 1756452153102564889,
      "q" : "11.2",
      "p" : "0.10678",
      "s" : "sell",
      "i" : "AI16Z_USD",
      "m" : "4611686018429467665"
    }, {
      "d" : "1756452150120908772",
      "t" : 1756452150120,
      "tn" : 1756452150120908772,
      "q" : "11.2",
      "p" : "0.10679",
      "s" : "sell",
      "i" : "AI16Z_USD",
      "m" : "4611686018429467664"
    }, {
      "d" : "1756452034284258855",
      "t" : 1756452034284,
      "tn" : 1756452034284258855,
      "q" : "11.2",
      "p" : "0.10716",
      "s" : "sell",
      "i" : "AI16Z_USD",
      "m" : "4611686018429467663"
    }, {
      "d" : "1756451953268331051",
      "t" : 1756451953268,
      "tn" : 1756451953268331051,
      "q" : "11.2",
      "p" : "0.10727",
      "s" : "buy",
      "i" : "AI16Z_USD",
      "m" : "4611686018429467662"
    }, {
      "d" : "1756451689168832762",
      "t" : 1756451689168,
      "tn" : 1756451689168832762,
      "q" : "11.2",
      "p" : "0.10649",
      "s" : "buy",
      "i" : "AI16Z_USD",
      "m" : "4611686018429467661"
    }, {
      "d" : "1756451682706635883",
      "t" : 1756451682706,
      "tn" : 1756451682706635883,
      "q" : "11.2",
      "p" : "0.10657",
      "s" : "buy",
      "i" : "AI16Z_USD",
      "m" : "4611686018429467660"
    }, {
      "d" : "1756451660757604866",
      "t" : 1756451660757,
      "tn" : 1756451660757604866,
      "q" : "11.2",
      "p" : "0.10633",
      "s" : "sell",
      "i" : "AI16Z_USD",
      "m" : "4611686018429467659"
    }, {
      "d" : "1756451659729828753",
      "t" : 1756451659729,
      "tn" : 1756451659729828753,
      "q" : "11.2",
      "p" : "0.10678",
      "s" : "sell",
      "i" : "AI16Z_USD",
      "m" : "4611686018429467658"
    }, {
      "d" : "1756451596274299471",
      "t" : 1756451596274,
      "tn" : 1756451596274299471,
      "q" : "11.2",
      "p" : "0.10684",
      "s" : "sell",
      "i" : "AI16Z_USD",
      "m" : "4611686018429467657"
    }, {
      "d" : "1756451516345083496",
      "t" : 1756451516345,
      "tn" : 1756451516345083496,
      "q" : "11.2",
      "p" : "0.10733",
      "s" : "sell",
      "i" : "AI16Z_USD",
      "m" : "4611686018429467656"
    }, {
      "d" : "1756451395283738803",
      "t" : 1756451395283,
      "tn" : 1756451395283738803,
      "q" : "11.2",
      "p" : "0.10750",
      "s" : "sell",
      "i" : "AI16Z_USD",
      "m" : "4611686018429467655"
    }, {
      "d" : "1756451286468698502",
      "t" : 1756451286468,
      "tn" : 1756451286468698502,
      "q" : "11.2",
      "p" : "0.10784",
      "s" : "sell",
      "i" : "AI16Z_USD",
      "m" : "4611686018429467654"
    }, {
      "d" : "1756451286464422174",
      "t" : 1756451286464,
      "tn" : 1756451286464422174,
      "q" : "11.2",
      "p" : "0.10784",
      "s" : "sell",
      "i" : "AI16Z_USD",
      "m" : "4611686018429467653"
    }, {
      "d" : "1756451213550375914",
      "t" : 1756451213550,
      "tn" : 1756451213550375914,
      "q" : "11.2",
      "p" : "0.10844",
      "s" : "sell",
      "i" : "AI16Z_USD",
      "m" : "4611686018429467652"
    }, {
      "d" : "1756451212422842307",
      "t" : 1756451212422,
      "tn" : 1756451212422842307,
      "q" : "11.2",
      "p" : "0.10856",
      "s" : "sell",
      "i" : "AI16Z_USD",
      "m" : "4611686018429467651"
    }, {
      "d" : "1756450984599755383",
      "t" : 1756450984599,
      "tn" : 1756450984599755383,
      "q" : "111.3",
      "p" : "0.10849",
      "s" : "buy",
      "i" : "AI16Z_USD",
      "m" : "4611686018429467650"
    }, {
      "d" : "1756450947810897661",
      "t" : 1756450947810,
      "tn" : 1756450947810897661,
      "q" : "11.2",
      "p" : "0.10856",
      "s" : "sell",
      "i" : "AI16Z_USD",
      "m" : "4611686018429467649"
    }, {
      "d" : "1756450945750327321",
      "t" : 1756450945750,
      "tn" : 1756450945750327321,
      "q" : "182.7",
      "p" : "0.10925",
      "s" : "sell",
      "i" : "AI16Z_USD",
      "m" : "4611686018429467648"
    }, {
      "d" : "1756450944681684822",
      "t" : 1756450944681,
      "tn" : 1756450944681684822,
      "q" : "11.2",
      "p" : "0.10943",
      "s" : "sell",
      "i" : "AI16Z_USD",
      "m" : "4611686018429467647"
    }, {
      "d" : "1756450943465046549",
      "t" : 1756450943465,
      "tn" : 1756450943465046549,
      "q" : "11.2",
      "p" : "0.10945",
      "s" : "sell",
      "i" : "AI16Z_USD",
      "m" : "4611686018429467646"
    }, {
      "d" : "1756450939724723485",
      "t" : 1756450939724,
      "tn" : 1756450939724723485,
      "q" : "11.2",
      "p" : "0.10954",
      "s" : "sell",
      "i" : "AI16Z_USD",
      "m" : "4611686018429467645"
    }, {
      "d" : "1756450937894666547",
      "t" : 1756450937894,
      "tn" : 1756450937894666547,
      "q" : "11.2",
      "p" : "0.10963",
      "s" : "sell",
      "i" : "AI16Z_USD",
      "m" : "4611686018429467644"
    }, {
      "d" : "1756450899387415512",
      "t" : 1756450899387,
      "tn" : 1756450899387415512,
      "q" : "11.1",
      "p" : "0.10938",
      "s" : "sell",
      "i" : "AI16Z_USD",
      "m" : "4611686018429467643"
    }, {
      "d" : "1756450899315365774",
      "t" : 1756450899315,
      "tn" : 1756450899315365774,
      "q" : "11.1",
      "p" : "0.10940",
      "s" : "sell",
      "i" : "AI16Z_USD",
      "m" : "4611686018429467642"
    }, {
      "d" : "1756450899295200369",
      "t" : 1756450899295,
      "tn" : 1756450899295200369,
      "q" : "181.8",
      "p" : "0.10994",
      "s" : "sell",
      "i" : "AI16Z_USD",
      "m" : "4611686018429467641"
    }, {
      "d" : "1756450899295197984",
      "t" : 1756450899295,
      "tn" : 1756450899295197984,
      "q" : "13.2",
      "p" : "0.11003",
      "s" : "sell",
      "i" : "AI16Z_USD",
      "m" : "4611686018429467640"
    }, {
      "d" : "1756450628337947660",
      "t" : 1756450628337,
      "tn" : 1756450628337947660,
      "q" : "11.1",
      "p" : "0.11068",
      "s" : "sell",
      "i" : "AI16Z_USD",
      "m" : "4611686018429467639"
    }, {
      "d" : "1756450628196511034",
      "t" : 1756450628196,
      "tn" : 1756450628196511034,
      "q" : "11.1",
      "p" : "0.11072",
      "s" : "sell",
      "i" : "AI16Z_USD",
      "m" : "4611686018429467638"
    }, {
      "d" : "1756450615194370403",
      "t" : 1756450615194,
      "tn" : 1756450615194370403,
      "q" : "11.1",
      "p" : "0.11073",
      "s" : "sell",
      "i" : "AI16Z_USD",
      "m" : "4611686018429467637"
    }, {
      "d" : "1756450593724295329",
      "t" : 1756450593724,
      "tn" : 1756450593724295329,
      "q" : "11.1",
      "p" : "0.11073",
      "s" : "sell",
      "i" : "AI16Z_USD",
      "m" : "4611686018429467636"
    }, {
      "d" : "1756450026333787115",
      "t" : 1756450026333,
      "tn" : 1756450026333787115,
      "q" : "0.1",
      "p" : "0.11125",
      "s" : "sell",
      "i" : "AI16Z_USD",
      "m" : "4611686018429467635"
    }, {
      "d" : "1756450026333547257",
      "t" : 1756450026333,
      "tn" : 1756450026333547257,
      "q" : "11.1",
      "p" : "0.11125",
      "s" : "sell",
      "i" : "AI16Z_USD",
      "m" : "4611686018429467634"
    }, {
      "d" : "1756449902978051352",
      "t" : 1756449902978,
      "tn" : 1756449902978051352,
      "q" : "11.1",
      "p" : "0.11102",
      "s" : "buy",
      "i" : "AI16Z_USD",
      "m" : "4611686018429467633"
    }, {
      "d" : "1756449875440542597",
      "t" : 1756449875440,
      "tn" : 1756449875440542597,
      "q" : "11.1",
      "p" : "0.11081",
      "s" : "buy",
      "i" : "AI16Z_USD",
      "m" : "4611686018429467632"
    }, {
      "d" : "1756449843791741809",
      "t" : 1756449843791,
      "tn" : 1756449843791741809,
      "q" : "0.1",
      "p" : "0.11081",
      "s" : "buy",
      "i" : "AI16Z_USD",
      "m" : "4611686018429467631"
    }, {
      "d" : "1756449843789946331",
      "t" : 1756449843789,
      "tn" : 1756449843789946331,
      "q" : "11.1",
      "p" : "0.11081",
      "s" : "buy",
      "i" : "AI16Z_USD",
      "m" : "4611686018429467630"
    }, {
      "d" : "1756449754780974607",
      "t" : 1756449754780,
      "tn" : 1756449754780974607,
      "q" : "11.1",
      "p" : "0.11050",
      "s" : "buy",
      "i" : "AI16Z_USD",
      "m" : "4611686018429467629"
    }, {
      "d" : "1756449726699277762",
      "t" : 1756449726699,
      "tn" : 1756449726699277762,
      "q" : "11.1",
      "p" : "0.11037",
      "s" : "buy",
      "i" : "AI16Z_USD",
      "m" : "4611686018429467628"
    }, {
      "d" : "1756449205027118526",
      "t" : 1756449205027,
      "tn" : 1756449205027118526,
      "q" : "11.2",
      "p" : "0.11085",
      "s" : "sell",
      "i" : "AI16Z_USD",
      "m" : "4611686018429467627"
    }, {
      "d" : "1756449156316652317",
      "t" : 1756449156316,
      "tn" : 1756449156316652317,
      "q" : "11.1",
      "p" : "0.11082",
      "s" : "buy",
      "i" : "AI16Z_USD",
      "m" : "4611686018429467626"
    }, {
      "d" : "1756449154954499478",
      "t" : 1756449154954,
      "tn" : 1756449154954499478,
      "q" : "11.1",
      "p" : "0.11081",
      "s" : "buy",
      "i" : "AI16Z_USD",
      "m" : "4611686018429467625"
    }, {
      "d" : "1756449154007102696",
      "t" : 1756449154007,
      "tn" : 1756449154007102696,
      "q" : "11.1",
      "p" : "0.11081",
      "s" : "buy",
      "i" : "AI16Z_USD",
      "m" : "4611686018429467624"
    }, {
      "d" : "1756449040964049843",
      "t" : 1756449040964,
      "tn" : 1756449040964049843,
      "q" : "11.1",
      "p" : "0.11098",
      "s" : "sell",
      "i" : "AI16Z_USD",
      "m" : "4611686018429467623"
    }, {
      "d" : "1756448884135129782",
      "t" : 1756448884135,
      "tn" : 1756448884135129782,
      "q" : "11.1",
      "p" : "0.11083",
      "s" : "buy",
      "i" : "AI16Z_USD",
      "m" : "4611686018429467622"
    }, {
      "d" : "1756448842579006885",
      "t" : 1756448842579,
      "tn" : 1756448842579006885,
      "q" : "0.1",
      "p" : "0.11082",
      "s" : "buy",
      "i" : "AI16Z_USD",
      "m" : "4611686018429467621"
    }, {
      "d" : "1756448842578850772",
      "t" : 1756448842578,
      "tn" : 1756448842578850772,
      "q" : "11.1",
      "p" : "0.11082",
      "s" : "buy",
      "i" : "AI16Z_USD",
      "m" : "4611686018429467620"
    }, {
      "d" : "1756448842465492190",
      "t" : 1756448842465,
      "tn" : 1756448842465492190,
      "q" : "11.1",
      "p" : "0.11081",
      "s" : "buy",
      "i" : "AI16Z_USD",
      "m" : "4611686018429467619"
    }, {
      "d" : "1756448839425176399",
      "t" : 1756448839425,
      "tn" : 1756448839425176399,
      "q" : "0.1",
      "p" : "0.11081",
      "s" : "buy",
      "i" : "AI16Z_USD",
      "m" : "4611686018429467618"
    }, {
      "d" : "1756448838734624792",
      "t" : 1756448838734,
      "tn" : 1756448838734624792,
      "q" : "11.1",
      "p" : "0.11081",
      "s" : "buy",
      "i" : "AI16Z_USD",
      "m" : "4611686018429467617"
    }, {
      "d" : "1756448690839841702",
      "t" : 1756448690839,
      "tn" : 1756448690839841702,
      "q" : "11.1",
      "p" : "0.11084",
      "s" : "buy",
      "i" : "AI16Z_USD",
      "m" : "4611686018429467616"
    }, {
      "d" : "1756448690534305039",
      "t" : 1756448690534,
      "tn" : 1756448690534305039,
      "q" : "11.1",
      "p" : "0.11082",
      "s" : "buy",
      "i" : "AI16Z_USD",
      "m" : "4611686018429467615"
    }, {
      "d" : "1756448690326389048",
      "t" : 1756448690326,
      "tn" : 1756448690326389048,
      "q" : "11.1",
      "p" : "0.11081",
      "s" : "buy",
      "i" : "AI16Z_USD",
      "m" : "4611686018429467614"
    }, {
      "d" : "1756448469124669417",
      "t" : 1756448469124,
      "tn" : 1756448469124669417,
      "q" : "11.1",
      "p" : "0.11094",
      "s" : "buy",
      "i" : "AI16Z_USD",
      "m" : "4611686018429467613"
    }, {
      "d" : "1756447555889402780",
      "t" : 1756447555889,
      "tn" : 1756447555889402780,
      "q" : "11.1",
      "p" : "0.11159",
      "s" : "buy",
      "i" : "AI16Z_USD",
      "m" : "4611686018429467612"
    }, {
      "d" : "1756447555672493059",
      "t" : 1756447555672,
      "tn" : 1756447555672493059,
      "q" : "11.1",
      "p" : "0.11148",
      "s" : "buy",
      "i" : "AI16Z_USD",
      "m" : "4611686018429467611"
    }, {
      "d" : "1756447555555905744",
      "t" : 1756447555555,
      "tn" : 1756447555555905744,
      "q" : "11.2",
      "p" : "0.11134",
      "s" : "buy",
      "i" : "AI16Z_USD",
      "m" : "4611686018429467610"
    }, {
      "d" : "1756447503159076463",
      "t" : 1756447503159,
      "tn" : 1756447503159076463,
      "q" : "11.2",
      "p" : "0.11145",
      "s" : "buy",
      "i" : "AI16Z_USD",
      "m" : "4611686018429467609"
    }, {
      "d" : "1756447265476977931",
      "t" : 1756447265476,
      "tn" : 1756447265476977931,
      "q" : "11.2",
      "p" : "0.11100",
      "s" : "buy",
      "i" : "AI16Z_USD",
      "m" : "4611686018429467608"
    }, {
      "d" : "1756447065489760757",
      "t" : 1756447065489,
      "tn" : 1756447065489760757,
      "q" : "11.2",
      "p" : "0.11060",
      "s" : "buy",
      "i" : "AI16Z_USD",
      "m" : "4611686018429467607"
    }, {
      "d" : "1756446906450974703",
      "t" : 1756446906450,
      "tn" : 1756446906450974703,
      "q" : "11.2",
      "p" : "0.11071",
      "s" : "sell",
      "i" : "AI16Z_USD",
      "m" : "4611686018429467606"
    }, {
      "d" : "1756446655693622617",
      "t" : 1756446655693,
      "tn" : 1756446655693622617,
      "q" : "11.2",
      "p" : "0.11103",
      "s" : "sell",
      "i" : "AI16Z_USD",
      "m" : "4611686018429467605"
    }, {
      "d" : "1756445965892258591",
      "t" : 1756445965892,
      "tn" : 1756445965892258591,
      "q" : "11.2",
      "p" : "0.11137",
      "s" : "buy",
      "i" : "AI16Z_USD",
      "m" : "4611686018429467604"
    }, {
      "d" : "1756444404767653723",
      "t" : 1756444404767,
      "tn" : 1756444404767653723,
      "q" : "11.1",
      "p" : "0.11151",
      "s" : "buy",
      "i" : "AI16Z_USD",
      "m" : "4611686018429467603"
    }, {
      "d" : "1756443753731654113",
      "t" : 1756443753731,
      "tn" : 1756443753731654113,
      "q" : "11.2",
      "p" : "0.11163",
      "s" : "buy",
      "i" : "AI16Z_USD",
      "m" : "4611686018429467602"
    } ]
  }
}