{
  "id" : -1,
  "method" : "public/get-trades",
  "code" : 0,
  "result" : {
    "data" : [ {
      "d" : "1756459124862585768",
      "t" : 1756459124862,
      "tn" : 1756459124862585768,
      "q" : "485",
      "p" : "0.10270",
      "s" : "sell",
      "i" : "AI16ZUSD-PERP",
      "m" : "4611686018427419669"
    }, {
      "d" : "1756459124862584255",
      "t" : 1756459124862,
      "tn" : 1756459124862584255,
      "q" : "486",
      "p" : "0.10272",
      "s" : "sell",
      "i" : "AI16ZUSD-PERP",
      "m" : "4611686018427419668"
    }, {
      "d" : "1756459124862582113",
      "t" : 1756459124862,
      "tn" : 1756459124862582113,
      "q" : "1",
      "p" : "0.10281",
      "s" : "sell",
      "i" : "AI16ZUSD-PERP",
      "m" : "4611686018427419667"
    }, {
      "d" : "1756459124862580541",
      "t" : 1756459124862,
      "tn" : 1756459124862580541,
      "q" : "1",
      "p" : "0.10289",
      "s" : "sell",
      "i" : "AI16ZUSD-PERP",
      "m" : "4611686018427419666"
    }, {
      "d" : "1756459099011091632",
      "t" : 1756459099011,
      "tn" : 1756459099011091632,
      "q" : "484",
      "p" : "0.10310",
      "s" : "sell",
      "i" : "AI16ZUSD-PERP",
      "m" : "4611686018427419665"
    }, {
      "d" : "1756459099010145232",
      "t" : 1756459099010,
      "tn" : 1756459099010145232,
      "q" : "1",
      "p" : "0.10319",
      "s" : "sell",
      "i" : "AI16ZUSD-PERP",
      "m" : "4611686018427419664"
    }, {
      "d" : "1756458643090256642",
      "t" : 1756458643090,
      "tn" : 1756458643090256642,
      "q" : "410",
      "p" : "0.10188",
      "s" : "sell",
      "i" : "AI16ZUSD-PERP",
      "m" : "4611686018427419663"
    }, {
      "d" : "1756458643090254452",
      "t" : 1756458643090,
      "tn" : 1756458643090254452,
      "q" : "1",
      "p" : "0.10219",
      "s" : "sell",
      "i" : "AI16ZUSD-PERP",
      "m" : "4611686018427419662"
    }, {
      "d" : "1756458643090251822",
      "t" : 1756458643090,
      "tn" : 1756458643090251822,
      "q" : "1",
      "p" : "0.10229",
      "s" : "sell",
      "i" : "AI16ZUSD-PERP",
      "m" : "4611686018427419661"
    }, {
      "d" : "1756458641968781713",
      "t" : 1756458641968,
      "tn" : 1756458641968781713,
      "q" : "562",
      "p" : "0.10208",
      "s" : "sell",
      "i" : "AI16ZUSD-PERP",
      "m" : "4611686018427419660"
    }, {
      "d" : "1756458641968779888",
      "t" : 1756458641968,
      "tn" : 1756458641968779888,
      "q" : "415",
      "p" : "0.10228",
      "s" : "sell",
      "i" : "AI16ZUSD-PERP",
      "m" : "4611686018427419659"
    }, {
      "d" : "1756458641967863331",
      "t" : 1756458641967,
      "tn" : 1756458641967863331,
      "q" : "488",
      "p" : "0.10228",
      "s" : "sell",
      "i" : "AI16ZUSD-PERP",
      "m" : "4611686018427419658"
    }, {
      "d" : "1756458641967010017",
      "t" : 1756458641967,
      "tn" : 1756458641967010017,
      "q" : "1",
      "p" : "0.10231",
      "s" : "sell",
      "i" : "AI16ZUSD-PERP",
      "m" : "4611686018427419657"
    }, {
      "d" : "1756458175899927165",
      "t" : 1756458175899,
      "tn" : 1756458175899927165,
      "q" : "1",
      "p" : "0.10309",
      "s" : "sell",
      "i" : "AI16ZUSD-PERP",
      "m" : "4611686018427419656"
    }, {
      "d" : "1756456747239831456",
      "t" : 1756456747239,
      "tn" : 1756456747239831456,
      "q" : "1",
      "p" : "0.10489",
      "s" : "sell",
      "i" : "AI16ZUSD-PERP",
      "m" : "4611686018427419655"
    }, {
      "d" : "1756422560667221323",
      "t" : 1756422560667,
      "tn" : 1756422560667221323,
      "q" : "1",
      "p" : "0.11326",
      "s" : "buy",
      "i" : "AI16ZUSD-PERP",
      "m" : "4611686018427419654"
    }, {
      "d" : "1756419428966910644",
      "t" : 1756419428966,
      "tn" : 1756419428966910644,
      "q" : "451",
      "p" : "0.11058",
      "s" : "buy",
      "i" : "AI16ZUSD-PERP",
      "m" : "4611686018427419653"
    }, {
      "d" : "1756419428966909080",
      "t" : 1756419428966,
      "tn" : 1756419428966909080,
      "q" : "452",
      "p" : "0.11056",
      "s" : "buy",
      "i" : "AI16ZUSD-PERP",
      "m" : "4611686018427419652"
    }, {
      "d" : "1756419428966906458",
      "t" : 1756419428966,
      "tn" : 1756419428966906458,
      "q" : "1",
      "p" : "0.11038",
      "s" : "buy",
      "i" : "AI16ZUSD-PERP",
      "m" : "4611686018427419651"
    }, {
      "d" : "1756419428966060214",
      "t" : 1756419428966,
      "tn" : 1756419428966060214,
      "q" : "1",
      "p" : "0.11036",
      "s" : "buy",
      "i" : "AI16ZUSD-PERP",
      "m" : "4611686018427419650"
    }, {
      "d" : "1756418530190638710",
      "t" : 1756418530190,
      "tn" : 1756418530190638710,
      "q" : "1",
      "p" : "0.10898",
      "s" : "sell",
      "i" : "AI16ZUSD-PERP",
      "m" : "4611686018427419649"
    }, {
      "d" : "1756418530189844238",
      "t" : 1756418530189,
      "tn" : 1756418530189844238,
      "q" : "1",
      "p" : "0.10910",
      "s" : "sell",
      "i" : "AI16ZUSD-PERP",
      "m" : "4611686018427419648"
    }, {
      "d" : "1756396255809763106",
      "t" : 1756396255809,
      "tn" : 1756396255809763106,
      "q" : "479",
      "p" : "0.10828",
      "s" : "sell",
      "i" : "AI16ZUSD-PERP",
      "m" : "4611686018427419647"
    }, {
      "d" : "1756396255806757185",
      "t" : 1756396255806,
      "tn" : 1756396255806757185,
      "q" : "1",
      "p" : "0.10830",
      "s" : "sell",
      "i" : "AI16ZUSD-PERP",
      "m" : "4611686018427419646"
    } ]
  }
}