{
  "id" : -1,
  "method" : "public/get-trades",
  "code" : 0,
  "result" : {
    "data" : [ {
      "d" : "1756459944434073324",
      "t" : 1756459944434,
      "tn" : 1756459944434073324,
      "q" : "187.2",
      "p" : "0.3205",
      "s" : "sell",
      "i" : "AIOZ_USDT",
      "m" : "4611686018430914426"
    }, {
      "d" : "1756459540634862141",
      "t" : 1756459540634,
      "tn" : 1756459540634862141,
      "q" : "123.1",
      "p" : "0.3211",
      "s" : "buy",
      "i" : "AIOZ_USDT",
      "m" : "4611686018430914425"
    }, {
      "d" : "1756459092791595911",
      "t" : 1756459092791,
      "tn" : 1756459092791595911,
      "q" : "171.8",
      "p" : "0.3210",
      "s" : "sell",
      "i" : "AIOZ_USDT",
      "m" : "4611686018430914424"
    }, {
      "d" : "1756458244196393780",
      "t" : 1756458244196,
      "tn" : 1756458244196393780,
      "q" : "62.6",
      "p" : "0.3211",
      "s" : "sell",
      "i" : "AIOZ_USDT",
      "m" : "4611686018430914423"
    }, {
      "d" : "1756458190176867885",
      "t" : 1756458190176,
      "tn" : 1756458190176867884,
      "q" : "185.1",
      "p" : "0.3216",
      "s" : "buy",
      "i" : "AIOZ_USDT",
      "m" : "4611686018430914422"
    }, {
      "d" : "1756458190176867884",
      "t" : 1756458190176,
      "tn" : 1756458190176867884,
      "q" : "1316.2",
      "p" : "0.3216",
      "s" : "buy",
      "i" : "AIOZ_USDT",
      "m" : "4611686018430914422"
    }, {
      "d" : "1756458190176831354",
      "t" : 1756458190176,
      "tn" : 1756458190176831354,
      "q" : "169.3",
      "p" : "0.3215",
      "s" : "buy",
      "i" : "AIOZ_USDT",
      "m" : "4611686018430914421"
    }, {
      "d" : "1756457040075544177",
      "t" : 1756457040075,
      "tn" : 1756457040075544177,
      "q" : "383.1",
      "p" : "0.3227",
      "s" : "buy",
      "i" : "AIOZ_USDT",
      "m" : "4611686018430914420"
    }, {
      "d" : "1756457040075541655",
      "t" : 1756457040075,
      "tn" : 1756457040075541655,
      "q" : "145.5",
      "p" : "0.3226",
      "s" : "buy",
      "i" : "AIOZ_USDT",
      "m" : "4611686018430914419"
    }, {
      "d" : "1756456917653213118",
      "t" : 1756456917653,
      "tn" : 1756456917653213117,
      "q" : "186.0",
      "p" : "0.3227",
      "s" : "sell",
      "i" : "AIOZ_USDT",
      "m" : "4611686018430914418"
    }, {
      "d" : "1756456917653213117",
      "t" : 1756456917653,
      "tn" : 1756456917653213117,
      "q" : "39.8",
      "p" : "0.3227",
      "s" : "sell",
      "i" : "AIOZ_USDT",
      "m" : "4611686018430914418"
    }, {
      "d" : "1756456619939117797",
      "t" : 1756456619939,
      "tn" : 1756456619939117797,
      "q" : "354.6",
      "p" : "0.3229",
      "s" : "sell",
      "i" : "AIOZ_USDT",
      "m" : "4611686018430914417"
    }, {
      "d" : "1756454483671463952",
      "t" : 1756454483671,
      "tn" : 1756454483671463952,
      "q" : "149.3",
      "p" : "0.3251",
      "s" : "sell",
      "i" : "AIOZ_USDT",
      "m" : "4611686018430914416"
    }, {
      "d" : "1756453438831633060",
      "t" : 1756453438831,
      "tn" : 1756453438831633060,
      "q" : "160.0",
      "p" : "0.3256",
      "s" : "sell",
      "i" : "AIOZ_USDT",
      "m" : "4611686018430914415"
    }, {
      "d" : "1756453438811588436",
      "t" : 1756453438811,
      "tn" : 1756453438811588436,
      "q" : "184.4",
      "p" : "0.3256",
      "s" : "sell",
      "i" : "AIOZ_USDT",
      "m" : "4611686018430914414"
    }, {
      "d" : "1756453438804785024",
      "t" : 1756453438804,
      "tn" : 1756453438804785024,
      "q" : "3.8",
      "p" : "0.3255",
      "s" : "sell",
      "i" : "AIOZ_USDT",
      "m" : "4611686018430914413"
    }, {
      "d" : "1756453438798659175",
      "t" : 1756453438798,
      "tn" : 1756453438798659175,
      "q" : "180.5",
      "p" : "0.3255",
      "s" : "sell",
      "i" : "AIOZ_USDT",
      "m" : "4611686018430914412"
    }, {
      "d" : "1756453399330579639",
      "t" : 1756453399330,
      "tn" : 1756453399330579639,
      "q" : "3.7",
      "p" : "0.3259",
      "s" : "sell",
      "i" : "AIOZ_USDT",
      "m" : "4611686018430914411"
    }, {
      "d" : "1756453399325912149",
      "t" : 1756453399325,
      "tn" : 1756453399325912149,
      "q" : "180.5",
      "p" : "0.3259",
      "s" : "sell",
      "i" : "AIOZ_USDT",
      "m" : "4611686018430914410"
    }, {
      "d" : "1756453195120859196",
      "t" : 1756453195120,
      "tn" : 1756453195120859196,
      "q" : "90.1",
      "p" : "0.3257",
      "s" : "buy",
      "i" : "AIOZ_USDT",
      "m" : "4611686018430914409"
    }, {
      "d" : "1756453115306408288",
      "t" : 1756453115306,
      "tn" : 1756453115306408288,
      "q" : "185.3",
      "p" : "0.3251",
      "s" : "sell",
      "i" : "AIOZ_USDT",
      "m" : "4611686018430914408"
    }, {
      "d" : "1756453115286423408",
      "t" : 1756453115286,
      "tn" : 1756453115286423408,
      "q" : "185.3",
      "p" : "0.3251",
      "s" : "sell",
      "i" : "AIOZ_USDT",
      "m" : "4611686018430914407"
    }, {
      "d" : "1756453115268850255",
      "t" : 1756453115268,
      "tn" : 1756453115268850255,
      "q" : "97.4",
      "p" : "0.3249",
      "s" : "sell",
      "i" : "AIOZ_USDT",
      "m" : "4611686018430914406"
    }, {
      "d" : "1756453115266386986",
      "t" : 1756453115266,
      "tn" : 1756453115266386986,
      "q" : "87.9",
      "p" : "0.3249",
      "s" : "sell",
      "i" : "AIOZ_USDT",
      "m" : "4611686018430914405"
    }, {
      "d" : "1756453115266385426",
      "t" : 1756453115266,
      "tn" : 1756453115266385426,
      "q" : "97.4",
      "p" : "0.3250",
      "s" : "sell",
      "i" : "AIOZ_USDT",
      "m" : "4611686018430914404"
    }, {
      "d" : "1756453115246384819",
      "t" : 1756453115246,
      "tn" : 1756453115246384819,
      "q" : "185.3",
      "p" : "0.3249",
      "s" : "sell",
      "i" : "AIOZ_USDT",
      "m" : "4611686018430914403"
    }, {
      "d" : "1756453115201318264",
      "t" : 1756453115201,
      "tn" : 1756453115201318264,
      "q" : "9.5",
      "p" : "0.3247",
      "s" : "sell",
      "i" : "AIOZ_USDT",
      "m" : "4611686018430914402"
    }, {
      "d" : "1756453115176307945",
      "t" : 1756453115176,
      "tn" : 1756453115176307945,
      "q" : "185.3",
      "p" : "0.3247",
      "s" : "sell",
      "i" : "AIOZ_USDT",
      "m" : "4611686018430914401"
    }, {
      "d" : "1756453115161302984",
      "t" : 1756453115161,
      "tn" : 1756453115161302984,
      "q" : "46.3",
      "p" : "0.3248",
      "s" : "sell",
      "i" : "AIOZ_USDT",
      "m" : "4611686018430914400"
    }, {
      "d" : "1756453115156454690",
      "t" : 1756453115156,
      "tn" : 1756453115156454690,
      "q" : "185.3",
      "p" : "0.3247",
      "s" : "sell",
      "i" : "AIOZ_USDT",
      "m" : "4611686018430914399"
    }, {
      "d" : "1756453115156452855",
      "t" : 1756453115156,
      "tn" : 1756453115156452855,
      "q" : "46.3",
      "p" : "0.3248",
      "s" : "sell",
      "i" : "AIOZ_USDT",
      "m" : "4611686018430914398"
    }, {
      "d" : "1756453115130972561",
      "t" : 1756453115130,
      "tn" : 1756453115130972561,
      "q" : "171.6",
      "p" : "0.3244",
      "s" : "buy",
      "i" : "AIOZ_USDT",
      "m" : "4611686018430914397"
    }, {
      "d" : "1756453108166334335",
      "t" : 1756453108166,
      "tn" : 1756453108166334335,
      "q" : "1783.7",
      "p" : "0.3243",
      "s" : "buy",
      "i" : "AIOZ_USDT",
      "m" : "4611686018430914396"
    }, {
      "d" : "1756453108166332044",
      "t" : 1756453108166,
      "tn" : 1756453108166332044,
      "q" : "103.7",
      "p" : "0.3242",
      "s" : "buy",
      "i" : "AIOZ_USDT",
      "m" : "4611686018430914395"
    }, {
      "d" : "1756452186342833001",
      "t" : 1756452186342,
      "tn" : 1756452186342833001,
      "q" : "77.4",
      "p" : "0.3230",
      "s" : "sell",
      "i" : "AIOZ_USDT",
      "m" : "4611686018430914394"
    }, {
      "d" : "1756451367413724044",
      "t" : 1756451367413,
      "tn" : 1756451367413724044,
      "q" : "540.6",
      "p" : "0.3243",
      "s" : "buy",
      "i" : "AIOZ_USDT",
      "m" : "4611686018430914393"
    }, {
      "d" : "1756451363141982861",
      "t" : 1756451363141,
      "tn" : 1756451363141982861,
      "q" : "601.9",
      "p" : "0.3243",
      "s" : "buy",
      "i" : "AIOZ_USDT",
      "m" : "4611686018430914392"
    }, {
      "d" : "1756451363141955518",
      "t" : 1756451363141,
      "tn" : 1756451363141955518,
      "q" : "1487.3",
      "p" : "0.3243",
      "s" : "buy",
      "i" : "AIOZ_USDT",
      "m" : "4611686018430914391"
    }, {
      "d" : "1756451361075460638",
      "t" : 1756451361075,
      "tn" : 1756451361075460638,
      "q" : "129.0",
      "p" : "0.3237",
      "s" : "buy",
      "i" : "AIOZ_USDT",
      "m" : "4611686018430914390"
    }, {
      "d" : "1756451361068316884",
      "t" : 1756451361068,
      "tn" : 1756451361068316884,
      "q" : "1359.9",
      "p" : "0.3238",
      "s" : "buy",
      "i" : "AIOZ_USDT",
      "m" : "4611686018430914389"
    }, {
      "d" : "1756451361068315033",
      "t" : 1756451361068,
      "tn" : 1756451361068315033,
      "q" : "127.6",
      "p" : "0.3237",
      "s" : "buy",
      "i" : "AIOZ_USDT",
      "m" : "4611686018430914388"
    }, {
      "d" : "1756451258250459202",
      "t" : 1756451258250,
      "tn" : 1756451258250459202,
      "q" : "123.8",
      "p" : "0.3232",
      "s" : "sell",
      "i" : "AIOZ_USDT",
      "m" : "4611686018430914387"
    }, {
      "d" : "1756451253553107616",
      "t" : 1756451253553,
      "tn" : 1756451253553107616,
      "q" : "62.0",
      "p" : "0.3227",
      "s" : "sell",
      "i" : "AIOZ_USDT",
      "m" : "4611686018430914386"
    }, {
      "d" : "1756451253528178467",
      "t" : 1756451253528,
      "tn" : 1756451253528178467,
      "q" : "124.0",
      "p" : "0.3227",
      "s" : "sell",
      "i" : "AIOZ_USDT",
      "m" : "4611686018430914385"
    }, {
      "d" : "1756451240544067509",
      "t" : 1756451240544,
      "tn" : 1756451240544067509,
      "q" : "1852.8",
      "p" : "0.3230",
      "s" : "sell",
      "i" : "AIOZ_USDT",
      "m" : "4611686018430914384"
    }, {
      "d" : "1756451240514673651",
      "t" : 1756451240514,
      "tn" : 1756451240514673651,
      "q" : "237.0",
      "p" : "0.3230",
      "s" : "sell",
      "i" : "AIOZ_USDT",
      "m" : "4611686018430914383"
    }, {
      "d" : "1756451240514671276",
      "t" : 1756451240514,
      "tn" : 1756451240514671276,
      "q" : "1799.1",
      "p" : "0.3231",
      "s" : "sell",
      "i" : "AIOZ_USDT",
      "m" : "4611686018430914382"
    }, {
      "d" : "1756450540719811867",
      "t" : 1756450540719,
      "tn" : 1756450540719811867,
      "q" : "142.7",
      "p" : "0.3260",
      "s" : "buy",
      "i" : "AIOZ_USDT",
      "m" : "4611686018430914381"
    }, {
      "d" : "1756449871510075652",
      "t" : 1756449871510,
      "tn" : 1756449871510075652,
      "q" : "173.1",
      "p" : "0.3260",
      "s" : "buy",
      "i" : "AIOZ_USDT",
      "m" : "4611686018430914380"
    }, {
      "d" : "1756448394261765283",
      "t" : 1756448394261,
      "tn" : 1756448394261765283,
      "q" : "190.2",
      "p" : "0.3279",
      "s" : "buy",
      "i" : "AIOZ_USDT",
      "m" : "4611686018430914379"
    }, {
      "d" : "1756448321558258353",
      "t" : 1756448321558,
      "tn" : 1756448321558258353,
      "q" : "183.5",
      "p" : "0.3277",
      "s" : "sell",
      "i" : "AIOZ_USDT",
      "m" : "4611686018430914378"
    }, {
      "d" : "1756448321538245885",
      "t" : 1756448321538,
      "tn" : 1756448321538245885,
      "q" : "183.5",
      "p" : "0.3277",
      "s" : "sell",
      "i" : "AIOZ_USDT",
      "m" : "4611686018430914377"
    }, {
      "d" : "1756448321518213193",
      "t" : 1756448321518,
      "tn" : 1756448321518213193,
      "q" : "183.5",
      "p" : "0.3277",
      "s" : "sell",
      "i" : "AIOZ_USDT",
      "m" : "4611686018430914376"
    }, {
      "d" : "1756448321498312038",
      "t" : 1756448321498,
      "tn" : 1756448321498312038,
      "q" : "183.5",
      "p" : "0.3277",
      "s" : "sell",
      "i" : "AIOZ_USDT",
      "m" : "4611686018430914375"
    }, {
      "d" : "1756446640008809237",
      "t" : 1756446640008,
      "tn" : 1756446640008809237,
      "q" : "183.7",
      "p" : "0.3271",
      "s" : "buy",
      "i" : "AIOZ_USDT",
      "m" : "4611686018430914374"
    }, {
      "d" : "1756445531580536332",
      "t" : 1756445531580,
      "tn" : 1756445531580536332,
      "q" : "227.8",
      "p" : "0.3250",
      "s" : "sell",
      "i" : "AIOZ_USDT",
      "m" : "4611686018430914373"
    }, {
      "d" : "1756445531580535002",
      "t" : 1756445531580,
      "tn" : 1756445531580535002,
      "q" : "184.2",
      "p" : "0.3256",
      "s" : "sell",
      "i" : "AIOZ_USDT",
      "m" : "4611686018430914372"
    }, {
      "d" : "1756443535406839718",
      "t" : 1756443535406,
      "tn" : 1756443535406839718,
      "q" : "100.0",
      "p" : "0.3256",
      "s" : "sell",
      "i" : "AIOZ_USDT",
      "m" : "4611686018430914371"
    }, {
      "d" : "1756443472864751268",
      "t" : 1756443472864,
      "tn" : 1756443472864751268,
      "q" : "44.9",
      "p" : "0.3244",
      "s" : "sell",
      "i" : "AIOZ_USDT",
      "m" : "4611686018430914370"
    }, {
      "d" : "1756443434603262458",
      "t" : 1756443434603,
      "tn" : 1756443434603262458,
      "q" : "11.9",
      "p" : "0.3249",
      "s" : "sell",
      "i" : "AIOZ_USDT",
      "m" : "4611686018430914369"
    }, {
      "d" : "1756443039259702075",
      "t" : 1756443039259,
      "tn" : 1756443039259702075,
      "q" : "85.6",
      "p" : "0.3272",
      "s" : "sell",
      "i" : "AIOZ_USDT",
      "m" : "4611686018430914368"
    }, {
      "d" : "1756442601782930247",
      "t" : 1756442601782,
      "tn" : 1756442601782930247,
      "q" : "140.0",
      "p" : "0.3264",
      "s" : "sell",
      "i" : "AIOZ_USDT",
      "m" : "4611686018430914367"
    }, {
      "d" : "1756442600089486284",
      "t" : 1756442600089,
      "tn" : 1756442600089486284,
      "q" : "140.0",
      "p" : "0.3263",
      "s" : "sell",
      "i" : "AIOZ_USDT",
      "m" : "4611686018430914366"
    }, {
      "d" : "1756442463665809685",
      "t" : 1756442463665,
      "tn" : 1756442463665809685,
      "q" : "84.3",
      "p" : "0.3264",
      "s" : "sell",
      "i" : "AIOZ_USDT",
      "m" : "4611686018430914365"
    }, {
      "d" : "1756442463665682105",
      "t" : 1756442463665,
      "tn" : 1756442463665682105,
      "q" : "100.0",
      "p" : "0.3264",
      "s" : "sell",
      "i" : "AIOZ_USDT",
      "m" : "4611686018430914364"
    }, {
      "d" : "1756442463484848979",
      "t" : 1756442463484,
      "tn" : 1756442463484848979,
      "q" : "180.5",
      "p" : "0.3261",
      "s" : "buy",
      "i" : "AIOZ_USDT",
      "m" : "4611686018430914363"
    }, {
      "d" : "1756442382128999305",
      "t" : 1756442382128,
      "tn" : 1756442382128999304,
      "q" : "79.9",
      "p" : "0.3260",
      "s" : "sell",
      "i" : "AIOZ_USDT",
      "m" : "4611686018430914362"
    }, {
      "d" : "1756442382128999304",
      "t" : 1756442382128,
      "tn" : 1756442382128999304,
      "q" : "20.1",
      "p" : "0.3260",
      "s" : "sell",
      "i" : "AIOZ_USDT",
      "m" : "4611686018430914362"
    }, {
      "d" : "1756442381121808307",
      "t" : 1756442381121,
      "tn" : 1756442381121808306,
      "q" : "15.7",
      "p" : "0.3260",
      "s" : "sell",
      "i" : "AIOZ_USDT",
      "m" : "4611686018430914361"
    }, {
      "d" : "1756442381121808306",
      "t" : 1756442381121,
      "tn" : 1756442381121808306,
      "q" : "64.2",
      "p" : "0.3260",
      "s" : "sell",
      "i" : "AIOZ_USDT",
      "m" : "4611686018430914361"
    }, {
      "d" : "1756442381116589796",
      "t" : 1756442381116,
      "tn" : 1756442381116589796,
      "q" : "20.1",
      "p" : "0.3260",
      "s" : "sell",
      "i" : "AIOZ_USDT",
      "m" : "4611686018430914360"
    }, {
      "d" : "1756442380108882775",
      "t" : 1756442380108,
      "tn" : 1756442380108882775,
      "q" : "100.0",
      "p" : "0.3260",
      "s" : "sell",
      "i" : "AIOZ_USDT",
      "m" : "4611686018430914359"
    }, {
      "d" : "1756442304512590495",
      "t" : 1756442304512,
      "tn" : 1756442304512590495,
      "q" : "35.8",
      "p" : "0.3260",
      "s" : "sell",
      "i" : "AIOZ_USDT",
      "m" : "4611686018430914358"
    }, {
      "d" : "1756442304511352330",
      "t" : 1756442304511,
      "tn" : 1756442304511352330,
      "q" : "118.0",
      "p" : "0.3260",
      "s" : "sell",
      "i" : "AIOZ_USDT",
      "m" : "4611686018430914357"
    }, {
      "d" : "1756442304508766931",
      "t" : 1756442304508,
      "tn" : 1756442304508766931,
      "q" : "30.5",
      "p" : "0.3260",
      "s" : "sell",
      "i" : "AIOZ_USDT",
      "m" : "4611686018430914356"
    }, {
      "d" : "1756442304491154637",
      "t" : 1756442304491,
      "tn" : 1756442304491154637,
      "q" : "184.3",
      "p" : "0.3260",
      "s" : "sell",
      "i" : "AIOZ_USDT",
      "m" : "4611686018430914355"
    }, {
      "d" : "1756442304470565882",
      "t" : 1756442304470,
      "tn" : 1756442304470565882,
      "q" : "184.3",
      "p" : "0.3260",
      "s" : "sell",
      "i" : "AIOZ_USDT",
      "m" : "4611686018430914354"
    }, {
      "d" : "1756442304450376586",
      "t" : 1756442304450,
      "tn" : 1756442304450376586,
      "q" : "184.3",
      "p" : "0.3260",
      "s" : "sell",
      "i" : "AIOZ_USDT",
      "m" : "4611686018430914353"
    }, {
      "d" : "1756442304421551256",
      "t" : 1756442304421,
      "tn" : 1756442304421551256,
      "q" : "3.7",
      "p" : "0.3261",
      "s" : "sell",
      "i" : "AIOZ_USDT",
      "m" : "4611686018430914352"
    }, {
      "d" : "1756442304415360092",
      "t" : 1756442304415,
      "tn" : 1756442304415360092,
      "q" : "180.6",
      "p" : "0.3261",
      "s" : "sell",
      "i" : "AIOZ_USDT",
      "m" : "4611686018430914351"
    }, {
      "d" : "1756442302381613908",
      "t" : 1756442302381,
      "tn" : 1756442302381613908,
      "q" : "1.8",
      "p" : "0.3261",
      "s" : "sell",
      "i" : "AIOZ_USDT",
      "m" : "4611686018430914350"
    }, {
      "d" : "1756442298954704264",
      "t" : 1756442298954,
      "tn" : 1756442298954704264,
      "q" : "182.5",
      "p" : "0.3261",
      "s" : "sell",
      "i" : "AIOZ_USDT",
      "m" : "4611686018430914349"
    }, {
      "d" : "1756442298952787530",
      "t" : 1756442298952,
      "tn" : 1756442298952787530,
      "q" : "1.7",
      "p" : "0.3261",
      "s" : "sell",
      "i" : "AIOZ_USDT",
      "m" : "4611686018430914348"
    }, {
      "d" : "1756442298948006774",
      "t" : 1756442298948,
      "tn" : 1756442298948006774,
      "q" : "182.6",
      "p" : "0.3261",
      "s" : "sell",
      "i" : "AIOZ_USDT",
      "m" : "4611686018430914347"
    }, {
      "d" : "1756441616490911705",
      "t" : 1756441616490,
      "tn" : 1756441616490911705,
      "q" : "302.8",
      "p" : "0.3262",
      "s" : "sell",
      "i" : "AIOZ_USDT",
      "m" : "4611686018430914346"
    }, {
      "d" : "1756441538046380638",
      "t" : 1756441538046,
      "tn" : 1756441538046380638,
      "q" : "2035.6",
      "p" : "0.3271",
      "s" : "buy",
      "i" : "AIOZ_USDT",
      "m" : "4611686018430914345"
    }, {
      "d" : "1756440331029561312",
      "t" : 1756440331029,
      "tn" : 1756440331029561312,
      "q" : "121.9",
      "p" : "0.3282",
      "s" : "sell",
      "i" : "AIOZ_USDT",
      "m" : "4611686018430914344"
    }, {
      "d" : "1756440140072871826",
      "t" : 1756440140072,
      "tn" : 1756440140072871826,
      "q" : "139.1",
      "p" : "0.3282",
      "s" : "sell",
      "i" : "AIOZ_USDT",
      "m" : "4611686018430914343"
    }, {
      "d" : "1756440134493526891",
      "t" : 1756440134493,
      "tn" : 1756440134493526891,
      "q" : "114.2",
      "p" : "0.3284",
      "s" : "sell",
      "i" : "AIOZ_USDT",
      "m" : "4611686018430914342"
    }, {
      "d" : "1756438186726806785",
      "t" : 1756438186726,
      "tn" : 1756438186726806785,
      "q" : "76.1",
      "p" : "0.3285",
      "s" : "sell",
      "i" : "AIOZ_USDT",
      "m" : "4611686018430914341"
    }, {
      "d" : "1756437840767381723",
      "t" : 1756437840767,
      "tn" : 1756437840767381723,
      "q" : "103.6",
      "p" : "0.3285",
      "s" : "buy",
      "i" : "AIOZ_USDT",
      "m" : "4611686018430914340"
    }, {
      "d" : "1756431618547807252",
      "t" : 1756431618547,
      "tn" : 1756431618547807252,
      "q" : "325.8",
      "p" : "0.3277",
      "s" : "sell",
      "i" : "AIOZ_USDT",
      "m" : "4611686018430914339"
    }, {
      "d" : "1756431618544001721",
      "t" : 1756431618544,
      "tn" : 1756431618544001721,
      "q" : "4810.5",
      "p" : "0.3277",
      "s" : "sell",
      "i" : "AIOZ_USDT",
      "m" : "4611686018430914338"
    }, {
      "d" : "1756431618544000119",
      "t" : 1756431618544,
      "tn" : 1756431618544000119,
      "q" : "3.7",
      "p" : "0.3285",
      "s" : "sell",
      "i" : "AIOZ_USDT",
      "m" : "4611686018430914337"
    }, {
      "d" : "1756431618538312444",
      "t" : 1756431618538,
      "tn" : 1756431618538312444,
      "q" : "179.3",
      "p" : "0.3285",
      "s" : "sell",
      "i" : "AIOZ_USDT",
      "m" : "4611686018430914336"
    }, {
      "d" : "1756430350396872888",
      "t" : 1756430350396,
      "tn" : 1756430350396872888,
      "q" : "181.3",
      "p" : "0.3283",
      "s" : "sell",
      "i" : "AIOZ_USDT",
      "m" : "4611686018430914335"
    }, {
      "d" : "1756430002763542446",
      "t" : 1756430002763,
      "tn" : 1756430002763542446,
      "q" : "23.8",
      "p" : "0.3285",
      "s" : "sell",
      "i" : "AIOZ_USDT",
      "m" : "4611686018430914334"
    }, {
      "d" : "1756428360131635283",
      "t" : 1756428360131,
      "tn" : 1756428360131635283,
      "q" : "529.5",
      "p" : "0.3290",
      "s" : "buy",
      "i" : "AIOZ_USDT",
      "m" : "4611686018430914333"
    }, {
      "d" : "1756428312008031300",
      "t" : 1756428312008,
      "tn" : 1756428312008031300,
      "q" : "182.1",
      "p" : "0.3295",
      "s" : "sell",
      "i" : "AIOZ_USDT",
      "m" : "4611686018430914332"
    }, {
      "d" : "1756428312008028476",
      "t" : 1756428312008,
      "tn" : 1756428312008028476,
      "q" : "36.3",
      "p" : "0.3296",
      "s" : "sell",
      "i" : "AIOZ_USDT",
      "m" : "4611686018430914331"
    }, {
      "d" : "1756428287373230642",
      "t" : 1756428287373,
      "tn" : 1756428287373230642,
      "q" : "268.4",
      "p" : "0.3304",
      "s" : "sell",
      "i" : "AIOZ_USDT",
      "m" : "4611686018430914330"
    }, {
      "d" : "1756428287373228640",
      "t" : 1756428287373,
      "tn" : 1756428287373228640,
      "q" : "54.9",
      "p" : "0.3306",
      "s" : "sell",
      "i" : "AIOZ_USDT",
      "m" : "4611686018430914329"
    }, {
      "d" : "1756428287369667413",
      "t" : 1756428287369,
      "tn" : 1756428287369667413,
      "q" : "647.4",
      "p" : "0.3306",
      "s" : "buy",
      "i" : "AIOZ_USDT",
      "m" : "4611686018430914328"
    }, {
      "d" : "1756428287369274549",
      "t" : 1756428287369,
      "tn" : 1756428287369274549,
      "q" : "1388.2",
      "p" : "0.3306",
      "s" : "buy",
      "i" : "AIOZ_USDT",
      "m" : "4611686018430914327"
    }, {
      "d" : "1756428287369272881",
      "t" : 1756428287369,
      "tn" : 1756428287369272880,
      "q" : "46.5",
      "p" : "0.3305",
      "s" : "buy",
      "i" : "AIOZ_USDT",
      "m" : "4611686018430914326"
    }, {
      "d" : "1756428287369272880",
      "t" : 1756428287369,
      "tn" : 1756428287369272880,
      "q" : "182.0",
      "p" : "0.3305",
      "s" : "buy",
      "i" : "AIOZ_USDT",
      "m" : "4611686018430914326"
    }, {
      "d" : "1756428287367079039",
      "t" : 1756428287367,
      "tn" : 1756428287367079039,
      "q" : "46.5",
      "p" : "0.3305",
      "s" : "buy",
      "i" : "AIOZ_USDT",
      "m" : "4611686018430914325"
    }, {
      "d" : "1756428287337409284",
      "t" : 1756428287337,
      "tn" : 1756428287337409284,
      "q" : "99.8",
      "p" : "0.3304",
      "s" : "sell",
      "i" : "AIOZ_USDT",
      "m" : "4611686018430914324"
    }, {
      "d" : "1756428287326861443",
      "t" : 1756428287326,
      "tn" : 1756428287326861443,
      "q" : "1447.7",
      "p" : "0.3304",
      "s" : "sell",
      "i" : "AIOZ_USDT",
      "m" : "4611686018430914323"
    }, {
      "d" : "1756428287326859368",
      "t" : 1756428287326,
      "tn" : 1756428287326859368,
      "q" : "8.4",
      "p" : "0.3306",
      "s" : "sell",
      "i" : "AIOZ_USDT",
      "m" : "4611686018430914322"
    }, {
      "d" : "1756428182883939236",
      "t" : 1756428182883,
      "tn" : 1756428182883939236,
      "q" : "60.5",
      "p" : "0.3306",
      "s" : "sell",
      "i" : "AIOZ_USDT",
      "m" : "4611686018430914321"
    }, {
      "d" : "1756428182769404785",
      "t" : 1756428182769,
      "tn" : 1756428182769404785,
      "q" : "64.3",
      "p" : "0.3306",
      "s" : "sell",
      "i" : "AIOZ_USDT",
      "m" : "4611686018430914320"
    }, {
      "d" : "1756428182702866158",
      "t" : 1756428182702,
      "tn" : 1756428182702866158,
      "q" : "48.5",
      "p" : "0.3305",
      "s" : "buy",
      "i" : "AIOZ_USDT",
      "m" : "4611686018430914319"
    }, {
      "d" : "1756428182701837826",
      "t" : 1756428182701,
      "tn" : 1756428182701837826,
      "q" : "48.5",
      "p" : "0.3306",
      "s" : "buy",
      "i" : "AIOZ_USDT",
      "m" : "4611686018430914318"
    }, {
      "d" : "1756428182700225412",
      "t" : 1756428182700,
      "tn" : 1756428182700225412,
      "q" : "0.5",
      "p" : "0.3305",
      "s" : "buy",
      "i" : "AIOZ_USDT",
      "m" : "4611686018430914317"
    }, {
      "d" : "1756428182696489965",
      "t" : 1756428182696,
      "tn" : 1756428182696489965,
      "q" : "181.5",
      "p" : "0.3305",
      "s" : "buy",
      "i" : "AIOZ_USDT",
      "m" : "4611686018430914316"
    }, {
      "d" : "1756428182693389041",
      "t" : 1756428182693,
      "tn" : 1756428182693389041,
      "q" : "99.8",
      "p" : "0.3304",
      "s" : "sell",
      "i" : "AIOZ_USDT",
      "m" : "4611686018430914315"
    }, {
      "d" : "1756427991213723926",
      "t" : 1756427991213,
      "tn" : 1756427991213723926,
      "q" : "1455.4",
      "p" : "0.3313",
      "s" : "buy",
      "i" : "AIOZ_USDT",
      "m" : "4611686018430914314"
    }, {
      "d" : "1756427771267324258",
      "t" : 1756427771267,
      "tn" : 1756427771267324258,
      "q" : "75.6",
      "p" : "0.3307",
      "s" : "sell",
      "i" : "AIOZ_USDT",
      "m" : "4611686018430914313"
    }, {
      "d" : "1756427561923433158",
      "t" : 1756427561923,
      "tn" : 1756427561923433158,
      "q" : "60.4",
      "p" : "0.3311",
      "s" : "sell",
      "i" : "AIOZ_USDT",
      "m" : "4611686018430914312"
    }, {
      "d" : "1756427529524853381",
      "t" : 1756427529524,
      "tn" : 1756427529524853381,
      "q" : "120.7",
      "p" : "0.3313",
      "s" : "sell",
      "i" : "AIOZ_USDT",
      "m" : "4611686018430914311"
    }, {
      "d" : "1756427481201374350",
      "t" : 1756427481201,
      "tn" : 1756427481201374350,
      "q" : "75.4",
      "p" : "0.3316",
      "s" : "sell",
      "i" : "AIOZ_USDT",
      "m" : "4611686018430914310"
    }, {
      "d" : "1756427354068219257",
      "t" : 1756427354068,
      "tn" : 1756427354068219257,
      "q" : "75.2",
      "p" : "0.3323",
      "s" : "sell",
      "i" : "AIOZ_USDT",
      "m" : "4611686018430914309"
    }, {
      "d" : "1756427284436814761",
      "t" : 1756427284436,
      "tn" : 1756427284436814761,
      "q" : "75.5",
      "p" : "0.3312",
      "s" : "sell",
      "i" : "AIOZ_USDT",
      "m" : "4611686018430914308"
    }, {
      "d" : "1756427257281809098",
      "t" : 1756427257281,
      "tn" : 1756427257281809098,
      "q" : "99.8",
      "p" : "0.3310",
      "s" : "sell",
      "i" : "AIOZ_USDT",
      "m" : "4611686018430914307"
    }, {
      "d" : "1756427214841060427",
      "t" : 1756427214841,
      "tn" : 1756427214841060427,
      "q" : "60.4",
      "p" : "0.3309",
      "s" : "sell",
      "i" : "AIOZ_USDT",
      "m" : "4611686018430914306"
    }, {
      "d" : "1756425544245890596",
      "t" : 1756425544245,
      "tn" : 1756425544245890596,
      "q" : "75.0",
      "p" : "0.3334",
      "s" : "sell",
      "i" : "AIOZ_USDT",
      "m" : "4611686018430914305"
    }, {
      "d" : "1756425058937959389",
      "t" : 1756425058937,
      "tn" : 1756425058937959389,
      "q" : "75.0",
      "p" : "0.3332",
      "s" : "sell",
      "i" : "AIOZ_USDT",
      "m" : "4611686018430914304"
    }, {
      "d" : "1756425058855938261",
      "t" : 1756425058855,
      "tn" : 1756425058855938261,
      "q" : "99.8",
      "p" : "0.3332",
      "s" : "sell",
      "i" : "AIOZ_USDT",
      "m" : "4611686018430914303"
    }, {
      "d" : "1756424950688833415",
      "t" : 1756424950688,
      "tn" : 1756424950688833415,
      "q" : "75.0",
      "p" : "0.3333",
      "s" : "sell",
      "i" : "AIOZ_USDT",
      "m" : "4611686018430914302"
    }, {
      "d" : "1756424797806253732",
      "t" : 1756424797806,
      "tn" : 1756424797806253732,
      "q" : "1444.5",
      "p" : "0.3335",
      "s" : "buy",
      "i" : "AIOZ_USDT",
      "m" : "4611686018430914301"
    }, {
      "d" : "1756424795806765673",
      "t" : 1756424795806,
      "tn" : 1756424795806765673,
      "q" : "75.1",
      "p" : "0.3331",
      "s" : "sell",
      "i" : "AIOZ_USDT",
      "m" : "4611686018430914300"
    }, {
      "d" : "1756424757358181738",
      "t" : 1756424757358,
      "tn" : 1756424757358181738,
      "q" : "240.0",
      "p" : "0.3334",
      "s" : "sell",
      "i" : "AIOZ_USDT",
      "m" : "4611686018430914299"
    }, {
      "d" : "1756424757051594926",
      "t" : 1756424757051,
      "tn" : 1756424757051594926,
      "q" : "410.5",
      "p" : "0.3334",
      "s" : "sell",
      "i" : "AIOZ_USDT",
      "m" : "4611686018430914298"
    }, {
      "d" : "1756424752625249835",
      "t" : 1756424752625,
      "tn" : 1756424752625249835,
      "q" : "75.1",
      "p" : "0.3330",
      "s" : "sell",
      "i" : "AIOZ_USDT",
      "m" : "4611686018430914297"
    }, {
      "d" : "1756424745331684092",
      "t" : 1756424745331,
      "tn" : 1756424745331684092,
      "q" : "75.1",
      "p" : "0.3329",
      "s" : "sell",
      "i" : "AIOZ_USDT",
      "m" : "4611686018430914296"
    }, {
      "d" : "1756424717557294355",
      "t" : 1756424717557,
      "tn" : 1756424717557294355,
      "q" : "120.0",
      "p" : "0.3333",
      "s" : "sell",
      "i" : "AIOZ_USDT",
      "m" : "4611686018430914295"
    }, {
      "d" : "1756424715838117530",
      "t" : 1756424715838,
      "tn" : 1756424715838117530,
      "q" : "75.0",
      "p" : "0.3334",
      "s" : "sell",
      "i" : "AIOZ_USDT",
      "m" : "4611686018430914294"
    }, {
      "d" : "1756424165422399496",
      "t" : 1756424165422,
      "tn" : 1756424165422399496,
      "q" : "119.9",
      "p" : "0.3331",
      "s" : "sell",
      "i" : "AIOZ_USDT",
      "m" : "4611686018430914293"
    }, {
      "d" : "1756424165412262642",
      "t" : 1756424165412,
      "tn" : 1756424165412262642,
      "q" : "119.9",
      "p" : "0.3336",
      "s" : "buy",
      "i" : "AIOZ_USDT",
      "m" : "4611686018430914292"
    }, {
      "d" : "1756424165407879177",
      "t" : 1756424165407,
      "tn" : 1756424165407879177,
      "q" : "53.9",
      "p" : "0.3336",
      "s" : "buy",
      "i" : "AIOZ_USDT",
      "m" : "4611686018430914291"
    }, {
      "d" : "1756423914348976208",
      "t" : 1756423914348,
      "tn" : 1756423914348976208,
      "q" : "856.7",
      "p" : "0.3343",
      "s" : "buy",
      "i" : "AIOZ_USDT",
      "m" : "4611686018430914290"
    }, {
      "d" : "1756421398818637709",
      "t" : 1756421398818,
      "tn" : 1756421398818637709,
      "q" : "1435.8",
      "p" : "0.3355",
      "s" : "buy",
      "i" : "AIOZ_USDT",
      "m" : "4611686018430914289"
    }, {
      "d" : "1756420969118847885",
      "t" : 1756420969118,
      "tn" : 1756420969118847885,
      "q" : "115.0",
      "p" : "0.3366",
      "s" : "sell",
      "i" : "AIOZ_USDT",
      "m" : "4611686018430914288"
    }, {
      "d" : "1756420968970430659",
      "t" : 1756420968970,
      "tn" : 1756420968970430658,
      "q" : "63.7",
      "p" : "0.3366",
      "s" : "sell",
      "i" : "AIOZ_USDT",
      "m" : "4611686018430914287"
    }, {
      "d" : "1756420968970430658",
      "t" : 1756420968970,
      "tn" : 1756420968970430658,
      "q" : "36.0",
      "p" : "0.3366",
      "s" : "sell",
      "i" : "AIOZ_USDT",
      "m" : "4611686018430914287"
    }, {
      "d" : "1756420968931329107",
      "t" : 1756420968931,
      "tn" : 1756420968931329107,
      "q" : "142.5",
      "p" : "0.3366",
      "s" : "sell",
      "i" : "AIOZ_USDT",
      "m" : "4611686018430914286"
    }, {
      "d" : "1756420959152880944",
      "t" : 1756420959152,
      "tn" : 1756420959152880944,
      "q" : "178.8",
      "p" : "0.3368",
      "s" : "buy",
      "i" : "AIOZ_USDT",
      "m" : "4611686018430914285"
    }, {
      "d" : "1756420959132842179",
      "t" : 1756420959132,
      "tn" : 1756420959132842179,
      "q" : "178.8",
      "p" : "0.3368",
      "s" : "buy",
      "i" : "AIOZ_USDT",
      "m" : "4611686018430914284"
    }, {
      "d" : "1756420959112814035",
      "t" : 1756420959112,
      "tn" : 1756420959112814035,
      "q" : "178.8",
      "p" : "0.3368",
      "s" : "buy",
      "i" : "AIOZ_USDT",
      "m" : "4611686018430914283"
    } ]
  }
}