{
  "id" : -1,
  "method" : "public/get-trades",
  "code" : 0,
  "result" : {
    "data" : [ {
      "d" : "1756459944435518125",
      "t" : 1756459944435,
      "tn" : 1756459944435518125,
      "q" : "205.2",
      "p" : "0.3201",
      "s" : "buy",
      "i" : "AIOZ_USD",
      "m" : "4611686018431036643"
    }, {
      "d" : "1756459944433126529",
      "t" : 1756459944433,
      "tn" : 1756459944433126529,
      "q" : "187.4",
      "p" : "0.3201",
      "s" : "buy",
      "i" : "AIOZ_USD",
      "m" : "4611686018431036642"
    }, {
      "d" : "1756459944430319040",
      "t" : 1756459944430,
      "tn" : 1756459944430319040,
      "q" : "36.1",
      "p" : "0.3201",
      "s" : "sell",
      "i" : "AIOZ_USD",
      "m" : "4611686018431036641"
    }, {
      "d" : "1756458117274605500",
      "t" : 1756458117274,
      "tn" : 1756458117274605500,
      "q" : "492.8",
      "p" : "0.3215",
      "s" : "sell",
      "i" : "AIOZ_USD",
      "m" : "4611686018431036640"
    }, {
      "d" : "1756457578112982873",
      "t" : 1756457578112,
      "tn" : 1756457578112982873,
      "q" : "600.0",
      "p" : "0.3205",
      "s" : "sell",
      "i" : "AIOZ_USD",
      "m" : "4611686018431036639"
    }, {
      "d" : "1756457578110110923",
      "t" : 1756457578110,
      "tn" : 1756457578110110923,
      "q" : "246.0",
      "p" : "0.3205",
      "s" : "sell",
      "i" : "AIOZ_USD",
      "m" : "4611686018431036638"
    }, {
      "d" : "1756457578110108668",
      "t" : 1756457578110,
      "tn" : 1756457578110108668,
      "q" : "36.1",
      "p" : "0.3209",
      "s" : "sell",
      "i" : "AIOZ_USD",
      "m" : "4611686018431036637"
    }, {
      "d" : "1756457578110106212",
      "t" : 1756457578110,
      "tn" : 1756457578110106212,
      "q" : "1717.9",
      "p" : "0.3210",
      "s" : "sell",
      "i" : "AIOZ_USD",
      "m" : "4611686018431036636"
    }, {
      "d" : "1756454483671478466",
      "t" : 1756454483671,
      "tn" : 1756454483671478466,
      "q" : "149.3",
      "p" : "0.3248",
      "s" : "buy",
      "i" : "AIOZ_USD",
      "m" : "4611686018431036635"
    }, {
      "d" : "1756453438831628120",
      "t" : 1756453438831,
      "tn" : 1756453438831628120,
      "q" : "160.0",
      "p" : "0.3252",
      "s" : "buy",
      "i" : "AIOZ_USD",
      "m" : "4611686018431036634"
    }, {
      "d" : "1756453438811585520",
      "t" : 1756453438811,
      "tn" : 1756453438811585520,
      "q" : "184.6",
      "p" : "0.3252",
      "s" : "buy",
      "i" : "AIOZ_USD",
      "m" : "4611686018431036633"
    }, {
      "d" : "1756453438804757443",
      "t" : 1756453438804,
      "tn" : 1756453438804757443,
      "q" : "3.8",
      "p" : "0.3252",
      "s" : "buy",
      "i" : "AIOZ_USD",
      "m" : "4611686018431036632"
    }, {
      "d" : "1756453438797860461",
      "t" : 1756453438797,
      "tn" : 1756453438797860461,
      "q" : "180.5",
      "p" : "0.3252",
      "s" : "sell",
      "i" : "AIOZ_USD",
      "m" : "4611686018431036631"
    }, {
      "d" : "1756453399329382661",
      "t" : 1756453399329,
      "tn" : 1756453399329382661,
      "q" : "153.0",
      "p" : "0.3250",
      "s" : "buy",
      "i" : "AIOZ_USD",
      "m" : "4611686018431036630"
    }, {
      "d" : "1756453399325015427",
      "t" : 1756453399325,
      "tn" : 1756453399325015427,
      "q" : "180.5",
      "p" : "0.3250",
      "s" : "sell",
      "i" : "AIOZ_USD",
      "m" : "4611686018431036629"
    }, {
      "d" : "1756453396076346782",
      "t" : 1756453396076,
      "tn" : 1756453396076346782,
      "q" : "185.5",
      "p" : "0.3261",
      "s" : "sell",
      "i" : "AIOZ_USD",
      "m" : "4611686018431036628"
    }, {
      "d" : "1756453115287292977",
      "t" : 1756453115287,
      "tn" : 1756453115287292977,
      "q" : "185.6",
      "p" : "0.3245",
      "s" : "buy",
      "i" : "AIOZ_USD",
      "m" : "4611686018431036627"
    }, {
      "d" : "1756453115269849561",
      "t" : 1756453115269,
      "tn" : 1756453115269849561,
      "q" : "97.5",
      "p" : "0.3245",
      "s" : "buy",
      "i" : "AIOZ_USD",
      "m" : "4611686018431036626"
    }, {
      "d" : "1756453115267522501",
      "t" : 1756453115267,
      "tn" : 1756453115267522501,
      "q" : "185.5",
      "p" : "0.3245",
      "s" : "buy",
      "i" : "AIOZ_USD",
      "m" : "4611686018431036625"
    }, {
      "d" : "1756453115247431390",
      "t" : 1756453115247,
      "tn" : 1756453115247431390,
      "q" : "185.5",
      "p" : "0.3245",
      "s" : "buy",
      "i" : "AIOZ_USD",
      "m" : "4611686018431036624"
    }, {
      "d" : "1756453115202348185",
      "t" : 1756453115202,
      "tn" : 1756453115202348185,
      "q" : "9.5",
      "p" : "0.3244",
      "s" : "buy",
      "i" : "AIOZ_USD",
      "m" : "4611686018431036623"
    }, {
      "d" : "1756453115189907199",
      "t" : 1756453115189,
      "tn" : 1756453115189907199,
      "q" : "64.4",
      "p" : "0.3244",
      "s" : "buy",
      "i" : "AIOZ_USD",
      "m" : "4611686018431036622"
    }, {
      "d" : "1756453115177361281",
      "t" : 1756453115177,
      "tn" : 1756453115177361281,
      "q" : "185.5",
      "p" : "0.3244",
      "s" : "buy",
      "i" : "AIOZ_USD",
      "m" : "4611686018431036621"
    }, {
      "d" : "1756453115162361284",
      "t" : 1756453115162,
      "tn" : 1756453115162361284,
      "q" : "46.3",
      "p" : "0.3244",
      "s" : "buy",
      "i" : "AIOZ_USD",
      "m" : "4611686018431036620"
    }, {
      "d" : "1756453115157758040",
      "t" : 1756453115157,
      "tn" : 1756453115157758040,
      "q" : "231.8",
      "p" : "0.3244",
      "s" : "buy",
      "i" : "AIOZ_USD",
      "m" : "4611686018431036619"
    }, {
      "d" : "1756453115157526981",
      "t" : 1756453115157,
      "tn" : 1756453115157526981,
      "q" : "64.4",
      "p" : "0.3244",
      "s" : "buy",
      "i" : "AIOZ_USD",
      "m" : "4611686018431036618"
    }, {
      "d" : "1756452998144555988",
      "t" : 1756452998144,
      "tn" : 1756452998144555988,
      "q" : "1031.8",
      "p" : "0.3244",
      "s" : "buy",
      "i" : "AIOZ_USD",
      "m" : "4611686018431036617"
    }, {
      "d" : "1756452395408392520",
      "t" : 1756452395408,
      "tn" : 1756452395408392520,
      "q" : "100.0",
      "p" : "0.3227",
      "s" : "buy",
      "i" : "AIOZ_USD",
      "m" : "4611686018431036616"
    }, {
      "d" : "1756451253349166848",
      "t" : 1756451253349,
      "tn" : 1756451253349166848,
      "q" : "77.0",
      "p" : "0.3226",
      "s" : "sell",
      "i" : "AIOZ_USD",
      "m" : "4611686018431036615"
    }, {
      "d" : "1756451253348082067",
      "t" : 1756451253348,
      "tn" : 1756451253348082067,
      "q" : "76.0",
      "p" : "0.3226",
      "s" : "sell",
      "i" : "AIOZ_USD",
      "m" : "4611686018431036614"
    }, {
      "d" : "1756451253238818353",
      "t" : 1756451253238,
      "tn" : 1756451253238818353,
      "q" : "59.0",
      "p" : "0.3226",
      "s" : "sell",
      "i" : "AIOZ_USD",
      "m" : "4611686018431036613"
    }, {
      "d" : "1756451253238816157",
      "t" : 1756451253238,
      "tn" : 1756451253238816157,
      "q" : "1.0",
      "p" : "0.3250",
      "s" : "sell",
      "i" : "AIOZ_USD",
      "m" : "4611686018431036612"
    }, {
      "d" : "1756450554340234825",
      "t" : 1756450554340,
      "tn" : 1756450554340234825,
      "q" : "427.2",
      "p" : "0.3266",
      "s" : "buy",
      "i" : "AIOZ_USD",
      "m" : "4611686018431036611"
    }, {
      "d" : "1756449779932554698",
      "t" : 1756449779932,
      "tn" : 1756449779932554698,
      "q" : "48.0",
      "p" : "0.3251",
      "s" : "sell",
      "i" : "AIOZ_USD",
      "m" : "4611686018431036610"
    }, {
      "d" : "1756449779816711721",
      "t" : 1756449779816,
      "tn" : 1756449779816711721,
      "q" : "100.0",
      "p" : "0.3251",
      "s" : "sell",
      "i" : "AIOZ_USD",
      "m" : "4611686018431036609"
    }, {
      "d" : "1756449779810237686",
      "t" : 1756449779810,
      "tn" : 1756449779810237686,
      "q" : "102.0",
      "p" : "0.3251",
      "s" : "sell",
      "i" : "AIOZ_USD",
      "m" : "4611686018431036608"
    }, {
      "d" : "1756449779805714579",
      "t" : 1756449779805,
      "tn" : 1756449779805714579,
      "q" : "248.0",
      "p" : "0.3251",
      "s" : "sell",
      "i" : "AIOZ_USD",
      "m" : "4611686018431036607"
    }, {
      "d" : "1756449779805378528",
      "t" : 1756449779805,
      "tn" : 1756449779805378528,
      "q" : "240.0",
      "p" : "0.3251",
      "s" : "sell",
      "i" : "AIOZ_USD",
      "m" : "4611686018431036606"
    }, {
      "d" : "1756449779788614896",
      "t" : 1756449779788,
      "tn" : 1756449779788614896,
      "q" : "380.0",
      "p" : "0.3251",
      "s" : "sell",
      "i" : "AIOZ_USD",
      "m" : "4611686018431036605"
    }, {
      "d" : "1756449779786372323",
      "t" : 1756449779786,
      "tn" : 1756449779786372323,
      "q" : "390.0",
      "p" : "0.3251",
      "s" : "sell",
      "i" : "AIOZ_USD",
      "m" : "4611686018431036604"
    }, {
      "d" : "1756449716607020127",
      "t" : 1756449716607,
      "tn" : 1756449716607020127,
      "q" : "531.7",
      "p" : "0.3253",
      "s" : "buy",
      "i" : "AIOZ_USD",
      "m" : "4611686018431036603"
    }, {
      "d" : "1756448321559102177",
      "t" : 1756448321559,
      "tn" : 1756448321559102177,
      "q" : "183.7",
      "p" : "0.3273",
      "s" : "buy",
      "i" : "AIOZ_USD",
      "m" : "4611686018431036602"
    }, {
      "d" : "1756448321539182995",
      "t" : 1756448321539,
      "tn" : 1756448321539182995,
      "q" : "183.7",
      "p" : "0.3273",
      "s" : "buy",
      "i" : "AIOZ_USD",
      "m" : "4611686018431036601"
    }, {
      "d" : "1756448321519102047",
      "t" : 1756448321519,
      "tn" : 1756448321519102047,
      "q" : "183.7",
      "p" : "0.3273",
      "s" : "buy",
      "i" : "AIOZ_USD",
      "m" : "4611686018431036600"
    }, {
      "d" : "1756448321501134677",
      "t" : 1756448321501,
      "tn" : 1756448321501134677,
      "q" : "183.5",
      "p" : "0.3273",
      "s" : "buy",
      "i" : "AIOZ_USD",
      "m" : "4611686018431036599"
    }, {
      "d" : "1756447949484430381",
      "t" : 1756447949484,
      "tn" : 1756447949484430381,
      "q" : "305.7",
      "p" : "0.3269",
      "s" : "sell",
      "i" : "AIOZ_USD",
      "m" : "4611686018431036598"
    }, {
      "d" : "1756447949461059190",
      "t" : 1756447949461,
      "tn" : 1756447949461059190,
      "q" : "620.0",
      "p" : "0.3270",
      "s" : "sell",
      "i" : "AIOZ_USD",
      "m" : "4611686018431036597"
    }, {
      "d" : "1756447949224524835",
      "t" : 1756447949224,
      "tn" : 1756447949224524835,
      "q" : "617.0",
      "p" : "0.3270",
      "s" : "sell",
      "i" : "AIOZ_USD",
      "m" : "4611686018431036596"
    }, {
      "d" : "1756447948903696499",
      "t" : 1756447948903,
      "tn" : 1756447948903696499,
      "q" : "609.0",
      "p" : "0.3270",
      "s" : "sell",
      "i" : "AIOZ_USD",
      "m" : "4611686018431036595"
    }, {
      "d" : "1756447948669593841",
      "t" : 1756447948669,
      "tn" : 1756447948669593841,
      "q" : "609.0",
      "p" : "0.3270",
      "s" : "sell",
      "i" : "AIOZ_USD",
      "m" : "4611686018431036594"
    }, {
      "d" : "1756447948398607790",
      "t" : 1756447948398,
      "tn" : 1756447948398607790,
      "q" : "610.0",
      "p" : "0.3270",
      "s" : "sell",
      "i" : "AIOZ_USD",
      "m" : "4611686018431036593"
    }, {
      "d" : "1756446640008657157",
      "t" : 1756446640008,
      "tn" : 1756446640008657157,
      "q" : "121.7",
      "p" : "0.3275",
      "s" : "sell",
      "i" : "AIOZ_USD",
      "m" : "4611686018431036592"
    }, {
      "d" : "1756446640007853573",
      "t" : 1756446640007,
      "tn" : 1756446640007853573,
      "q" : "183.7",
      "p" : "0.3275",
      "s" : "sell",
      "i" : "AIOZ_USD",
      "m" : "4611686018431036591"
    }, {
      "d" : "1756446640006098085",
      "t" : 1756446640006,
      "tn" : 1756446640006098085,
      "q" : "221.3",
      "p" : "0.3275",
      "s" : "buy",
      "i" : "AIOZ_USD",
      "m" : "4611686018431036590"
    }, {
      "d" : "1756445209379060865",
      "t" : 1756445209379,
      "tn" : 1756445209379060865,
      "q" : "315.3",
      "p" : "0.3265",
      "s" : "buy",
      "i" : "AIOZ_USD",
      "m" : "4611686018431036589"
    }, {
      "d" : "1756444378315053329",
      "t" : 1756444378315,
      "tn" : 1756444378315053329,
      "q" : "200.0",
      "p" : "0.3275",
      "s" : "buy",
      "i" : "AIOZ_USD",
      "m" : "4611686018431036588"
    }, {
      "d" : "1756443746156943570",
      "t" : 1756443746156,
      "tn" : 1756443746156943570,
      "q" : "656.7",
      "p" : "0.3264",
      "s" : "buy",
      "i" : "AIOZ_USD",
      "m" : "4611686018431036587"
    }, {
      "d" : "1756443472865633953",
      "t" : 1756443472865,
      "tn" : 1756443472865633953,
      "q" : "44.9",
      "p" : "0.3250",
      "s" : "sell",
      "i" : "AIOZ_USD",
      "m" : "4611686018431036586"
    }, {
      "d" : "1756443039259734046",
      "t" : 1756443039259,
      "tn" : 1756443039259734046,
      "q" : "85.6",
      "p" : "0.3269",
      "s" : "buy",
      "i" : "AIOZ_USD",
      "m" : "4611686018431036585"
    }, {
      "d" : "1756442467236676777",
      "t" : 1756442467236,
      "tn" : 1756442467236676777,
      "q" : "98.9",
      "p" : "0.3262",
      "s" : "sell",
      "i" : "AIOZ_USD",
      "m" : "4611686018431036584"
    }, {
      "d" : "1756442463665672355",
      "t" : 1756442463665,
      "tn" : 1756442463665672355,
      "q" : "100.0",
      "p" : "0.3261",
      "s" : "buy",
      "i" : "AIOZ_USD",
      "m" : "4611686018431036583"
    }, {
      "d" : "1756442382134573504",
      "t" : 1756442382134,
      "tn" : 1756442382134573504,
      "q" : "98.9",
      "p" : "0.3258",
      "s" : "buy",
      "i" : "AIOZ_USD",
      "m" : "4611686018431036582"
    }, {
      "d" : "1756442382130015764",
      "t" : 1756442382130,
      "tn" : 1756442382130015764,
      "q" : "100.0",
      "p" : "0.3257",
      "s" : "buy",
      "i" : "AIOZ_USD",
      "m" : "4611686018431036581"
    }, {
      "d" : "1756442381122681862",
      "t" : 1756442381122,
      "tn" : 1756442381122681862,
      "q" : "79.9",
      "p" : "0.3257",
      "s" : "buy",
      "i" : "AIOZ_USD",
      "m" : "4611686018431036580"
    }, {
      "d" : "1756442381117427275",
      "t" : 1756442381117,
      "tn" : 1756442381117427275,
      "q" : "20.1",
      "p" : "0.3257",
      "s" : "buy",
      "i" : "AIOZ_USD",
      "m" : "4611686018431036579"
    }, {
      "d" : "1756442380109774910",
      "t" : 1756442380109,
      "tn" : 1756442380109774910,
      "q" : "100.0",
      "p" : "0.3257",
      "s" : "buy",
      "i" : "AIOZ_USD",
      "m" : "4611686018431036578"
    }, {
      "d" : "1756442304516738021",
      "t" : 1756442304516,
      "tn" : 1756442304516738021,
      "q" : "35.8",
      "p" : "0.3271",
      "s" : "buy",
      "i" : "AIOZ_USD",
      "m" : "4611686018431036577"
    }, {
      "d" : "1756442304510382955",
      "t" : 1756442304510,
      "tn" : 1756442304510382955,
      "q" : "118.0",
      "p" : "0.3251",
      "s" : "buy",
      "i" : "AIOZ_USD",
      "m" : "4611686018431036576"
    }, {
      "d" : "1756442304500221003",
      "t" : 1756442304500,
      "tn" : 1756442304500221003,
      "q" : "30.7",
      "p" : "0.3251",
      "s" : "buy",
      "i" : "AIOZ_USD",
      "m" : "4611686018431036575"
    }, {
      "d" : "1756442304490337449",
      "t" : 1756442304490,
      "tn" : 1756442304490337449,
      "q" : "184.8",
      "p" : "0.3251",
      "s" : "buy",
      "i" : "AIOZ_USD",
      "m" : "4611686018431036574"
    }, {
      "d" : "1756442304469518965",
      "t" : 1756442304469,
      "tn" : 1756442304469518965,
      "q" : "184.8",
      "p" : "0.3251",
      "s" : "buy",
      "i" : "AIOZ_USD",
      "m" : "4611686018431036573"
    }, {
      "d" : "1756442304460637750",
      "t" : 1756442304460,
      "tn" : 1756442304460637750,
      "q" : "30.7",
      "p" : "0.3251",
      "s" : "buy",
      "i" : "AIOZ_USD",
      "m" : "4611686018431036572"
    }, {
      "d" : "1756442304449472691",
      "t" : 1756442304449,
      "tn" : 1756442304449472691,
      "q" : "184.8",
      "p" : "0.3251",
      "s" : "buy",
      "i" : "AIOZ_USD",
      "m" : "4611686018431036571"
    }, {
      "d" : "1756442304421062427",
      "t" : 1756442304421,
      "tn" : 1756442304421062427,
      "q" : "184.3",
      "p" : "0.3251",
      "s" : "buy",
      "i" : "AIOZ_USD",
      "m" : "4611686018431036570"
    }, {
      "d" : "1756442304420541194",
      "t" : 1756442304420,
      "tn" : 1756442304420541194,
      "q" : "184.8",
      "p" : "0.3251",
      "s" : "buy",
      "i" : "AIOZ_USD",
      "m" : "4611686018431036569"
    }, {
      "d" : "1756442304414515393",
      "t" : 1756442304414,
      "tn" : 1756442304414515393,
      "q" : "180.6",
      "p" : "0.3251",
      "s" : "sell",
      "i" : "AIOZ_USD",
      "m" : "4611686018431036568"
    }, {
      "d" : "1756442301672870417",
      "t" : 1756442301672,
      "tn" : 1756442301672870417,
      "q" : "140.0",
      "p" : "0.3251",
      "s" : "buy",
      "i" : "AIOZ_USD",
      "m" : "4611686018431036567"
    }, {
      "d" : "1756442301172039906",
      "t" : 1756442301172,
      "tn" : 1756442301172039906,
      "q" : "140.0",
      "p" : "0.3251",
      "s" : "buy",
      "i" : "AIOZ_USD",
      "m" : "4611686018431036566"
    }, {
      "d" : "1756442300671174810",
      "t" : 1756442300671,
      "tn" : 1756442300671174810,
      "q" : "140.0",
      "p" : "0.3251",
      "s" : "buy",
      "i" : "AIOZ_USD",
      "m" : "4611686018431036565"
    }, {
      "d" : "1756442300170353473",
      "t" : 1756442300170,
      "tn" : 1756442300170353473,
      "q" : "140.0",
      "p" : "0.3251",
      "s" : "buy",
      "i" : "AIOZ_USD",
      "m" : "4611686018431036564"
    }, {
      "d" : "1756442299669505090",
      "t" : 1756442299669,
      "tn" : 1756442299669505090,
      "q" : "140.0",
      "p" : "0.3251",
      "s" : "buy",
      "i" : "AIOZ_USD",
      "m" : "4611686018431036563"
    }, {
      "d" : "1756442299168508760",
      "t" : 1756442299168,
      "tn" : 1756442299168508760,
      "q" : "140.0",
      "p" : "0.3251",
      "s" : "buy",
      "i" : "AIOZ_USD",
      "m" : "4611686018431036562"
    }, {
      "d" : "1756442298952752869",
      "t" : 1756442298952,
      "tn" : 1756442298952752869,
      "q" : "184.8",
      "p" : "0.3251",
      "s" : "buy",
      "i" : "AIOZ_USD",
      "m" : "4611686018431036561"
    }, {
      "d" : "1756442298947155885",
      "t" : 1756442298947,
      "tn" : 1756442298947155885,
      "q" : "182.6",
      "p" : "0.3251",
      "s" : "sell",
      "i" : "AIOZ_USD",
      "m" : "4611686018431036560"
    }, {
      "d" : "1756441616553538815",
      "t" : 1756441616553,
      "tn" : 1756441616553538815,
      "q" : "356.0",
      "p" : "0.3263",
      "s" : "sell",
      "i" : "AIOZ_USD",
      "m" : "4611686018431036559"
    }, {
      "d" : "1756441616553505340",
      "t" : 1756441616553,
      "tn" : 1756441616553505340,
      "q" : "2488.9",
      "p" : "0.3263",
      "s" : "sell",
      "i" : "AIOZ_USD",
      "m" : "4611686018431036558"
    }, {
      "d" : "1756441616553502969",
      "t" : 1756441616553,
      "tn" : 1756441616553502969,
      "q" : "3.1",
      "p" : "0.3268",
      "s" : "sell",
      "i" : "AIOZ_USD",
      "m" : "4611686018431036557"
    }, {
      "d" : "1756441616492239892",
      "t" : 1756441616492,
      "tn" : 1756441616492239892,
      "q" : "302.8",
      "p" : "0.3268",
      "s" : "sell",
      "i" : "AIOZ_USD",
      "m" : "4611686018431036556"
    }, {
      "d" : "1756441275819938151",
      "t" : 1756441275819,
      "tn" : 1756441275819938151,
      "q" : "1149.9",
      "p" : "0.3285",
      "s" : "buy",
      "i" : "AIOZ_USD",
      "m" : "4611686018431036555"
    }, {
      "d" : "1756440279360287354",
      "t" : 1756440279360,
      "tn" : 1756440279360287353,
      "q" : "2335.7",
      "p" : "0.3295",
      "s" : "buy",
      "i" : "AIOZ_USD",
      "m" : "4611686018431036554"
    }, {
      "d" : "1756440279360287353",
      "t" : 1756440279360,
      "tn" : 1756440279360287353,
      "q" : "243.9",
      "p" : "0.3295",
      "s" : "buy",
      "i" : "AIOZ_USD",
      "m" : "4611686018431036554"
    }, {
      "d" : "1756437311371238489",
      "t" : 1756437311371,
      "tn" : 1756437311371238489,
      "q" : "316.9",
      "p" : "0.3298",
      "s" : "buy",
      "i" : "AIOZ_USD",
      "m" : "4611686018431036553"
    }, {
      "d" : "1756435718962982571",
      "t" : 1756435718962,
      "tn" : 1756435718962982571,
      "q" : "60.5",
      "p" : "0.3303",
      "s" : "sell",
      "i" : "AIOZ_USD",
      "m" : "4611686018431036552"
    }, {
      "d" : "1756435718962907548",
      "t" : 1756435718962,
      "tn" : 1756435718962907548,
      "q" : "100.0",
      "p" : "0.3303",
      "s" : "sell",
      "i" : "AIOZ_USD",
      "m" : "4611686018431036551"
    }, {
      "d" : "1756435718953297854",
      "t" : 1756435718953,
      "tn" : 1756435718953297854,
      "q" : "190.0",
      "p" : "0.3303",
      "s" : "sell",
      "i" : "AIOZ_USD",
      "m" : "4611686018431036550"
    }, {
      "d" : "1756435718952218417",
      "t" : 1756435718952,
      "tn" : 1756435718952218417,
      "q" : "180.0",
      "p" : "0.3303",
      "s" : "sell",
      "i" : "AIOZ_USD",
      "m" : "4611686018431036549"
    }, {
      "d" : "1756435718947941646",
      "t" : 1756435718947,
      "tn" : 1756435718947941646,
      "q" : "227.0",
      "p" : "0.3303",
      "s" : "sell",
      "i" : "AIOZ_USD",
      "m" : "4611686018431036548"
    }, {
      "d" : "1756435718934877908",
      "t" : 1756435718934,
      "tn" : 1756435718934877908,
      "q" : "220.0",
      "p" : "0.3303",
      "s" : "sell",
      "i" : "AIOZ_USD",
      "m" : "4611686018431036547"
    }, {
      "d" : "1756435718917063409",
      "t" : 1756435718917,
      "tn" : 1756435718917063409,
      "q" : "2015.3",
      "p" : "0.3303",
      "s" : "buy",
      "i" : "AIOZ_USD",
      "m" : "4611686018431036546"
    }, {
      "d" : "1756434213169024901",
      "t" : 1756434213169,
      "tn" : 1756434213169024901,
      "q" : "100.0",
      "p" : "0.3310",
      "s" : "buy",
      "i" : "AIOZ_USD",
      "m" : "4611686018431036545"
    }, {
      "d" : "1756433223788099759",
      "t" : 1756433223788,
      "tn" : 1756433223788099759,
      "q" : "318.1",
      "p" : "0.3293",
      "s" : "buy",
      "i" : "AIOZ_USD",
      "m" : "4611686018431036544"
    }, {
      "d" : "1756431618544064440",
      "t" : 1756431618544,
      "tn" : 1756431618544064440,
      "q" : "0.1",
      "p" : "0.3274",
      "s" : "buy",
      "i" : "AIOZ_USD",
      "m" : "4611686018431036543"
    }, {
      "d" : "1756431618543280897",
      "t" : 1756431618543,
      "tn" : 1756431618543280897,
      "q" : "4815.5",
      "p" : "0.3274",
      "s" : "buy",
      "i" : "AIOZ_USD",
      "m" : "4611686018431036542"
    }, {
      "d" : "1756431618537474999",
      "t" : 1756431618537,
      "tn" : 1756431618537474999,
      "q" : "179.3",
      "p" : "0.3274",
      "s" : "sell",
      "i" : "AIOZ_USD",
      "m" : "4611686018431036541"
    }, {
      "d" : "1756430468594533580",
      "t" : 1756430468594,
      "tn" : 1756430468594533580,
      "q" : "243.9",
      "p" : "0.3280",
      "s" : "sell",
      "i" : "AIOZ_USD",
      "m" : "4611686018431036540"
    }, {
      "d" : "1756430463846073440",
      "t" : 1756430463846,
      "tn" : 1756430463846073440,
      "q" : "45.0",
      "p" : "0.3281",
      "s" : "sell",
      "i" : "AIOZ_USD",
      "m" : "4611686018431036539"
    }, {
      "d" : "1756430463834629679",
      "t" : 1756430463834,
      "tn" : 1756430463834629679,
      "q" : "45.0",
      "p" : "0.3281",
      "s" : "sell",
      "i" : "AIOZ_USD",
      "m" : "4611686018431036538"
    }, {
      "d" : "1756430463704465620",
      "t" : 1756430463704,
      "tn" : 1756430463704465620,
      "q" : "45.0",
      "p" : "0.3281",
      "s" : "sell",
      "i" : "AIOZ_USD",
      "m" : "4611686018431036537"
    }, {
      "d" : "1756430463704459473",
      "t" : 1756430463704,
      "tn" : 1756430463704459473,
      "q" : "57.0",
      "p" : "0.3281",
      "s" : "sell",
      "i" : "AIOZ_USD",
      "m" : "4611686018431036536"
    }, {
      "d" : "1756430463704449581",
      "t" : 1756430463704,
      "tn" : 1756430463704449581,
      "q" : "45.0",
      "p" : "0.3281",
      "s" : "sell",
      "i" : "AIOZ_USD",
      "m" : "4611686018431036535"
    }, {
      "d" : "1756430463690598074",
      "t" : 1756430463690,
      "tn" : 1756430463690598074,
      "q" : "67.0",
      "p" : "0.3281",
      "s" : "sell",
      "i" : "AIOZ_USD",
      "m" : "4611686018431036534"
    }, {
      "d" : "1756430463643756203",
      "t" : 1756430463643,
      "tn" : 1756430463643756203,
      "q" : "58.0",
      "p" : "0.3281",
      "s" : "sell",
      "i" : "AIOZ_USD",
      "m" : "4611686018431036533"
    }, {
      "d" : "1756430463105017032",
      "t" : 1756430463105,
      "tn" : 1756430463105017032,
      "q" : "64.1",
      "p" : "0.3281",
      "s" : "sell",
      "i" : "AIOZ_USD",
      "m" : "4611686018431036532"
    }, {
      "d" : "1756430350396065917",
      "t" : 1756430350396,
      "tn" : 1756430350396065916,
      "q" : "1810.3",
      "p" : "0.3271",
      "s" : "sell",
      "i" : "AIOZ_USD",
      "m" : "4611686018431036531"
    }, {
      "d" : "1756430350396065916",
      "t" : 1756430350396,
      "tn" : 1756430350396065916,
      "q" : "181.3",
      "p" : "0.3271",
      "s" : "sell",
      "i" : "AIOZ_USD",
      "m" : "4611686018431036531"
    }, {
      "d" : "1756430050678885627",
      "t" : 1756430050678,
      "tn" : 1756430050678885627,
      "q" : "196.9",
      "p" : "0.3281",
      "s" : "sell",
      "i" : "AIOZ_USD",
      "m" : "4611686018431036530"
    }, {
      "d" : "1756428287373996980",
      "t" : 1756428287373,
      "tn" : 1756428287373996979,
      "q" : "27.0",
      "p" : "0.3300",
      "s" : "sell",
      "i" : "AIOZ_USD",
      "m" : "4611686018431036529"
    }, {
      "d" : "1756428287373996979",
      "t" : 1756428287373,
      "tn" : 1756428287373996979,
      "q" : "44.6",
      "p" : "0.3300",
      "s" : "sell",
      "i" : "AIOZ_USD",
      "m" : "4611686018431036529"
    }, {
      "d" : "1756428287369979655",
      "t" : 1756428287369,
      "tn" : 1756428287369979655,
      "q" : "868.3",
      "p" : "0.3310",
      "s" : "sell",
      "i" : "AIOZ_USD",
      "m" : "4611686018431036528"
    }, {
      "d" : "1756428287368723443",
      "t" : 1756428287368,
      "tn" : 1756428287368723443,
      "q" : "701.6",
      "p" : "0.3310",
      "s" : "sell",
      "i" : "AIOZ_USD",
      "m" : "4611686018431036527"
    }, {
      "d" : "1756428287367812484",
      "t" : 1756428287367,
      "tn" : 1756428287367812484,
      "q" : "46.4",
      "p" : "0.3310",
      "s" : "sell",
      "i" : "AIOZ_USD",
      "m" : "4611686018431036526"
    }, {
      "d" : "1756428287338148075",
      "t" : 1756428287338,
      "tn" : 1756428287338148075,
      "q" : "99.8",
      "p" : "0.3310",
      "s" : "sell",
      "i" : "AIOZ_USD",
      "m" : "4611686018431036525"
    }, {
      "d" : "1756428287327701088",
      "t" : 1756428287327,
      "tn" : 1756428287327701088,
      "q" : "1447.7",
      "p" : "0.3310",
      "s" : "sell",
      "i" : "AIOZ_USD",
      "m" : "4611686018431036524"
    }, {
      "d" : "1756428250648693926",
      "t" : 1756428250648,
      "tn" : 1756428250648693926,
      "q" : "7.6",
      "p" : "0.3310",
      "s" : "sell",
      "i" : "AIOZ_USD",
      "m" : "4611686018431036523"
    }, {
      "d" : "1756428220648178356",
      "t" : 1756428220648,
      "tn" : 1756428220648178356,
      "q" : "6.6",
      "p" : "0.3311",
      "s" : "buy",
      "i" : "AIOZ_USD",
      "m" : "4611686018431036522"
    }, {
      "d" : "1756428182700937810",
      "t" : 1756428182700,
      "tn" : 1756428182700937810,
      "q" : "230.5",
      "p" : "0.3310",
      "s" : "sell",
      "i" : "AIOZ_USD",
      "m" : "4611686018431036521"
    }, {
      "d" : "1756428182698178498",
      "t" : 1756428182698,
      "tn" : 1756428182698178498,
      "q" : "181.5",
      "p" : "0.3310",
      "s" : "sell",
      "i" : "AIOZ_USD",
      "m" : "4611686018431036520"
    }, {
      "d" : "1756428182694444434",
      "t" : 1756428182694,
      "tn" : 1756428182694444434,
      "q" : "99.8",
      "p" : "0.3310",
      "s" : "sell",
      "i" : "AIOZ_USD",
      "m" : "4611686018431036519"
    }, {
      "d" : "1756424330527142627",
      "t" : 1756424330527,
      "tn" : 1756424330527142627,
      "q" : "123.6",
      "p" : "0.3338",
      "s" : "buy",
      "i" : "AIOZ_USD",
      "m" : "4611686018431036518"
    }, {
      "d" : "1756424165421743945",
      "t" : 1756424165421,
      "tn" : 1756424165421743945,
      "q" : "119.9",
      "p" : "0.3327",
      "s" : "sell",
      "i" : "AIOZ_USD",
      "m" : "4611686018431036517"
    }, {
      "d" : "1756424165406753828",
      "t" : 1756424165406,
      "tn" : 1756424165406753828,
      "q" : "54.0",
      "p" : "0.3342",
      "s" : "sell",
      "i" : "AIOZ_USD",
      "m" : "4611686018431036516"
    }, {
      "d" : "1756424165406705399",
      "t" : 1756424165406,
      "tn" : 1756424165406705399,
      "q" : "598.4",
      "p" : "0.3342",
      "s" : "sell",
      "i" : "AIOZ_USD",
      "m" : "4611686018431036515"
    }, {
      "d" : "1756424165396554825",
      "t" : 1756424165396,
      "tn" : 1756424165396554825,
      "q" : "2183.3",
      "p" : "0.3342",
      "s" : "buy",
      "i" : "AIOZ_USD",
      "m" : "4611686018431036514"
    }, {
      "d" : "1756424116097337232",
      "t" : 1756424116097,
      "tn" : 1756424116097337232,
      "q" : "429.0",
      "p" : "0.3342",
      "s" : "buy",
      "i" : "AIOZ_USD",
      "m" : "4611686018431036513"
    }, {
      "d" : "1756423934570836973",
      "t" : 1756423934570,
      "tn" : 1756423934570836973,
      "q" : "64.1",
      "p" : "0.3347",
      "s" : "sell",
      "i" : "AIOZ_USD",
      "m" : "4611686018431036512"
    }, {
      "d" : "1756423934510114204",
      "t" : 1756423934510,
      "tn" : 1756423934510114204,
      "q" : "74.7",
      "p" : "0.3347",
      "s" : "sell",
      "i" : "AIOZ_USD",
      "m" : "4611686018431036511"
    }, {
      "d" : "1756423931419284516",
      "t" : 1756423931419,
      "tn" : 1756423931419284516,
      "q" : "143.6",
      "p" : "0.3347",
      "s" : "sell",
      "i" : "AIOZ_USD",
      "m" : "4611686018431036510"
    }, {
      "d" : "1756423931323166845",
      "t" : 1756423931323,
      "tn" : 1756423931323166845,
      "q" : "74.7",
      "p" : "0.3347",
      "s" : "sell",
      "i" : "AIOZ_USD",
      "m" : "4611686018431036509"
    }, {
      "d" : "1756423931299671316",
      "t" : 1756423931299,
      "tn" : 1756423931299671316,
      "q" : "74.7",
      "p" : "0.3346",
      "s" : "sell",
      "i" : "AIOZ_USD",
      "m" : "4611686018431036508"
    }, {
      "d" : "1756423926516168990",
      "t" : 1756423926516,
      "tn" : 1756423926516168990,
      "q" : "79.8",
      "p" : "0.3345",
      "s" : "sell",
      "i" : "AIOZ_USD",
      "m" : "4611686018431036507"
    }, {
      "d" : "1756423926310357012",
      "t" : 1756423926310,
      "tn" : 1756423926310357012,
      "q" : "64.1",
      "p" : "0.3345",
      "s" : "sell",
      "i" : "AIOZ_USD",
      "m" : "4611686018431036506"
    }, {
      "d" : "1756423926281109417",
      "t" : 1756423926281,
      "tn" : 1756423926281109417,
      "q" : "64.3",
      "p" : "0.3345",
      "s" : "sell",
      "i" : "AIOZ_USD",
      "m" : "4611686018431036505"
    }, {
      "d" : "1756423926229790593",
      "t" : 1756423926229,
      "tn" : 1756423926229790593,
      "q" : "79.9",
      "p" : "0.3345",
      "s" : "sell",
      "i" : "AIOZ_USD",
      "m" : "4611686018431036504"
    }, {
      "d" : "1756423926099366517",
      "t" : 1756423926099,
      "tn" : 1756423926099366517,
      "q" : "64.1",
      "p" : "0.3345",
      "s" : "sell",
      "i" : "AIOZ_USD",
      "m" : "4611686018431036503"
    }, {
      "d" : "1756423926069353323",
      "t" : 1756423926069,
      "tn" : 1756423926069353323,
      "q" : "64.4",
      "p" : "0.3345",
      "s" : "sell",
      "i" : "AIOZ_USD",
      "m" : "4611686018431036502"
    }, {
      "d" : "1756423926036992059",
      "t" : 1756423926036,
      "tn" : 1756423926036992059,
      "q" : "143.7",
      "p" : "0.3345",
      "s" : "sell",
      "i" : "AIOZ_USD",
      "m" : "4611686018431036501"
    }, {
      "d" : "1756423914535855190",
      "t" : 1756423914535,
      "tn" : 1756423914535855190,
      "q" : "1813.8",
      "p" : "0.3357",
      "s" : "buy",
      "i" : "AIOZ_USD",
      "m" : "4611686018431036500"
    }, {
      "d" : "1756422439506289102",
      "t" : 1756422439506,
      "tn" : 1756422439506289102,
      "q" : "594.4",
      "p" : "0.3354",
      "s" : "buy",
      "i" : "AIOZ_USD",
      "m" : "4611686018431036499"
    }, {
      "d" : "1756421742883584939",
      "t" : 1756421742883,
      "tn" : 1756421742883584939,
      "q" : "5.1",
      "p" : "0.3344",
      "s" : "sell",
      "i" : "AIOZ_USD",
      "m" : "4611686018431036498"
    }, {
      "d" : "1756420963849935541",
      "t" : 1756420963849,
      "tn" : 1756420963849935541,
      "q" : "1126.5",
      "p" : "0.3386",
      "s" : "buy",
      "i" : "AIOZ_USD",
      "m" : "4611686018431036497"
    } ]
  }
}