{
  "id" : -1,
  "method" : "public/get-trades",
  "code" : 0,
  "result" : {
    "data" : [ {
      "d" : "1756452366048462925",
      "t" : 1756452366048,
      "tn" : 1756452366048462925,
      "q" : "1",
      "p" : "0.10688",
      "s" : "sell",
      "i" : "AIXBTUSD-PERP",
      "m" : "4611686018427456891"
    }, {
      "d" : "1756452366048461534",
      "t" : 1756452366048,
      "tn" : 1756452366048461534,
      "q" : "1",
      "p" : "0.10689",
      "s" : "sell",
      "i" : "AIXBTUSD-PERP",
      "m" : "4611686018427456890"
    }, {
      "d" : "1756452281661990162",
      "t" : 1756452281661,
      "tn" : 1756452281661990162,
      "q" : "1",
      "p" : "0.10758",
      "s" : "sell",
      "i" : "AIXBTUSD-PERP",
      "m" : "4611686018427456889"
    }, {
      "d" : "1756452281661987184",
      "t" : 1756452281661,
      "tn" : 1756452281661987184,
      "q" : "1",
      "p" : "0.10759",
      "s" : "sell",
      "i" : "AIXBTUSD-PERP",
      "m" : "4611686018427456888"
    }, {
      "d" : "1756452265036675564",
      "t" : 1756452265036,
      "tn" : 1756452265036675564,
      "q" : "1",
      "p" : "0.10758",
      "s" : "sell",
      "i" : "AIXBTUSD-PERP",
      "m" : "4611686018427456887"
    }, {
      "d" : "1756451678160753333",
      "t" : 1756451678160,
      "tn" : 1756451678160753333,
      "q" : "1",
      "p" : "0.10806",
      "s" : "sell",
      "i" : "AIXBTUSD-PERP",
      "m" : "4611686018427456886"
    }, {
      "d" : "1756451529040885808",
      "t" : 1756451529040,
      "tn" : 1756451529040885808,
      "q" : "1380",
      "p" : "0.10852",
      "s" : "sell",
      "i" : "AIXBTUSD-PERP",
      "m" : "4611686018427456885"
    }, {
      "d" : "1756451529028274328",
      "t" : 1756451529028,
      "tn" : 1756451529028274328,
      "q" : "460",
      "p" : "0.10864",
      "s" : "sell",
      "i" : "AIXBTUSD-PERP",
      "m" : "4611686018427456884"
    }, {
      "d" : "1756451529028270674",
      "t" : 1756451529028,
      "tn" : 1756451529028270674,
      "q" : "460",
      "p" : "0.10866",
      "s" : "sell",
      "i" : "AIXBTUSD-PERP",
      "m" : "4611686018427456883"
    }, {
      "d" : "1756451529028268297",
      "t" : 1756451529028,
      "tn" : 1756451529028268297,
      "q" : "460",
      "p" : "0.10868",
      "s" : "sell",
      "i" : "AIXBTUSD-PERP",
      "m" : "4611686018427456882"
    }, {
      "d" : "1756451529028265468",
      "t" : 1756451529028,
      "tn" : 1756451529028265468,
      "q" : "452",
      "p" : "0.10876",
      "s" : "sell",
      "i" : "AIXBTUSD-PERP",
      "m" : "4611686018427456881"
    }, {
      "d" : "1756451529028263241",
      "t" : 1756451529028,
      "tn" : 1756451529028263241,
      "q" : "1",
      "p" : "0.10884",
      "s" : "sell",
      "i" : "AIXBTUSD-PERP",
      "m" : "4611686018427456880"
    }, {
      "d" : "1756451527182775029",
      "t" : 1756451527182,
      "tn" : 1756451527182775029,
      "q" : "1",
      "p" : "0.10895",
      "s" : "sell",
      "i" : "AIXBTUSD-PERP",
      "m" : "4611686018427456879"
    }, {
      "d" : "1756451527182772348",
      "t" : 1756451527182,
      "tn" : 1756451527182772348,
      "q" : "1",
      "p" : "0.10896",
      "s" : "sell",
      "i" : "AIXBTUSD-PERP",
      "m" : "4611686018427456878"
    }, {
      "d" : "1756451364347438929",
      "t" : 1756451364347,
      "tn" : 1756451364347438929,
      "q" : "1",
      "p" : "0.10936",
      "s" : "sell",
      "i" : "AIXBTUSD-PERP",
      "m" : "4611686018427456877"
    }, {
      "d" : "1756451321878643935",
      "t" : 1756451321878,
      "tn" : 1756451321878643935,
      "q" : "1",
      "p" : "0.10931",
      "s" : "sell",
      "i" : "AIXBTUSD-PERP",
      "m" : "4611686018427456876"
    }, {
      "d" : "1756451253584203083",
      "t" : 1756451253584,
      "tn" : 1756451253584203083,
      "q" : "1",
      "p" : "0.10950",
      "s" : "sell",
      "i" : "AIXBTUSD-PERP",
      "m" : "4611686018427456875"
    }, {
      "d" : "1756449806272104297",
      "t" : 1756449806272,
      "tn" : 1756449806272104297,
      "q" : "452",
      "p" : "0.11056",
      "s" : "buy",
      "i" : "AIXBTUSD-PERP",
      "m" : "4611686018427456874"
    }, {
      "d" : "1756447901392924936",
      "t" : 1756447901392,
      "tn" : 1756447901392924936,
      "q" : "1",
      "p" : "0.11174",
      "s" : "sell",
      "i" : "AIXBTUSD-PERP",
      "m" : "4611686018427456873"
    }, {
      "d" : "1756447901392922450",
      "t" : 1756447901392,
      "tn" : 1756447901392922450,
      "q" : "1",
      "p" : "0.11175",
      "s" : "sell",
      "i" : "AIXBTUSD-PERP",
      "m" : "4611686018427456872"
    }, {
      "d" : "1756447874750450196",
      "t" : 1756447874750,
      "tn" : 1756447874750450196,
      "q" : "1",
      "p" : "0.11198",
      "s" : "sell",
      "i" : "AIXBTUSD-PERP",
      "m" : "4611686018427456871"
    }, {
      "d" : "1756447804032149128",
      "t" : 1756447804032,
      "tn" : 1756447804032149128,
      "q" : "1",
      "p" : "0.11201",
      "s" : "sell",
      "i" : "AIXBTUSD-PERP",
      "m" : "4611686018427456870"
    }, {
      "d" : "1756447678394027778",
      "t" : 1756447678394,
      "tn" : 1756447678394027778,
      "q" : "1",
      "p" : "0.11241",
      "s" : "sell",
      "i" : "AIXBTUSD-PERP",
      "m" : "4611686018427456869"
    }, {
      "d" : "1756446111957634776",
      "t" : 1756446111957,
      "tn" : 1756446111957634776,
      "q" : "1",
      "p" : "0.11195",
      "s" : "sell",
      "i" : "AIXBTUSD-PERP",
      "m" : "4611686018427456868"
    }, {
      "d" : "1756445971563370718",
      "t" : 1756445971563,
      "tn" : 1756445971563370718,
      "q" : "1",
      "p" : "0.11237",
      "s" : "sell",
      "i" : "AIXBTUSD-PERP",
      "m" : "4611686018427456867"
    }, {
      "d" : "1756444642990966510",
      "t" : 1756444642990,
      "tn" : 1756444642990966510,
      "q" : "1",
      "p" : "0.11198",
      "s" : "sell",
      "i" : "AIXBTUSD-PERP",
      "m" : "4611686018427456866"
    }, {
      "d" : "1756444642990963024",
      "t" : 1756444642990,
      "tn" : 1756444642990963024,
      "q" : "1",
      "p" : "0.11199",
      "s" : "sell",
      "i" : "AIXBTUSD-PERP",
      "m" : "4611686018427456865"
    }, {
      "d" : "1756442696938106593",
      "t" : 1756442696938,
      "tn" : 1756442696938106593,
      "q" : "1",
      "p" : "0.11285",
      "s" : "sell",
      "i" : "AIXBTUSD-PERP",
      "m" : "4611686018427456864"
    }, {
      "d" : "1756442696938104713",
      "t" : 1756442696938,
      "tn" : 1756442696938104713,
      "q" : "1",
      "p" : "0.11286",
      "s" : "sell",
      "i" : "AIXBTUSD-PERP",
      "m" : "4611686018427456863"
    }, {
      "d" : "1756441396850671904",
      "t" : 1756441396850,
      "tn" : 1756441396850671904,
      "q" : "1",
      "p" : "0.11318",
      "s" : "sell",
      "i" : "AIXBTUSD-PERP",
      "m" : "4611686018427456862"
    }, {
      "d" : "1756440984887023137",
      "t" : 1756440984887,
      "tn" : 1756440984887023137,
      "q" : "1",
      "p" : "0.11281",
      "s" : "sell",
      "i" : "AIXBTUSD-PERP",
      "m" : "4611686018427456861"
    }, {
      "d" : "1756440133113717037",
      "t" : 1756440133113,
      "tn" : 1756440133113717037,
      "q" : "1",
      "p" : "0.11321",
      "s" : "sell",
      "i" : "AIXBTUSD-PERP",
      "m" : "4611686018427456860"
    }, {
      "d" : "1756439474412824119",
      "t" : 1756439474412,
      "tn" : 1756439474412824119,
      "q" : "1",
      "p" : "0.11312",
      "s" : "sell",
      "i" : "AIXBTUSD-PERP",
      "m" : "4611686018427456859"
    }, {
      "d" : "1756435446368078676",
      "t" : 1756435446368,
      "tn" : 1756435446368078676,
      "q" : "1",
      "p" : "0.11160",
      "s" : "sell",
      "i" : "AIXBTUSD-PERP",
      "m" : "4611686018427456858"
    }, {
      "d" : "1756435394552029591",
      "t" : 1756435394552,
      "tn" : 1756435394552029591,
      "q" : "1",
      "p" : "0.11174",
      "s" : "sell",
      "i" : "AIXBTUSD-PERP",
      "m" : "4611686018427456857"
    }, {
      "d" : "1756435394552027856",
      "t" : 1756435394552,
      "tn" : 1756435394552027856,
      "q" : "1",
      "p" : "0.11175",
      "s" : "sell",
      "i" : "AIXBTUSD-PERP",
      "m" : "4611686018427456856"
    }, {
      "d" : "1756435066307029495",
      "t" : 1756435066307,
      "tn" : 1756435066307029495,
      "q" : "1",
      "p" : "0.11165",
      "s" : "sell",
      "i" : "AIXBTUSD-PERP",
      "m" : "4611686018427456855"
    }, {
      "d" : "1756435066307026893",
      "t" : 1756435066307,
      "tn" : 1756435066307026893,
      "q" : "1",
      "p" : "0.11166",
      "s" : "sell",
      "i" : "AIXBTUSD-PERP",
      "m" : "4611686018427456854"
    }, {
      "d" : "1756434687550177430",
      "t" : 1756434687550,
      "tn" : 1756434687550177430,
      "q" : "1",
      "p" : "0.11204",
      "s" : "sell",
      "i" : "AIXBTUSD-PERP",
      "m" : "4611686018427456853"
    }, {
      "d" : "1756434687550175363",
      "t" : 1756434687550,
      "tn" : 1756434687550175363,
      "q" : "1",
      "p" : "0.11205",
      "s" : "sell",
      "i" : "AIXBTUSD-PERP",
      "m" : "4611686018427456852"
    }, {
      "d" : "1756433786821394276",
      "t" : 1756433786821,
      "tn" : 1756433786821394276,
      "q" : "1",
      "p" : "0.11190",
      "s" : "sell",
      "i" : "AIXBTUSD-PERP",
      "m" : "4611686018427456851"
    }, {
      "d" : "1756433343883951990",
      "t" : 1756433343883,
      "tn" : 1756433343883951990,
      "q" : "1",
      "p" : "0.11167",
      "s" : "sell",
      "i" : "AIXBTUSD-PERP",
      "m" : "4611686018427456850"
    }, {
      "d" : "1756433343883949152",
      "t" : 1756433343883,
      "tn" : 1756433343883949152,
      "q" : "1",
      "p" : "0.11168",
      "s" : "sell",
      "i" : "AIXBTUSD-PERP",
      "m" : "4611686018427456849"
    }, {
      "d" : "1756431492486276754",
      "t" : 1756431492486,
      "tn" : 1756431492486276754,
      "q" : "1",
      "p" : "0.11110",
      "s" : "sell",
      "i" : "AIXBTUSD-PERP",
      "m" : "4611686018427456848"
    }, {
      "d" : "1756431492486272724",
      "t" : 1756431492486,
      "tn" : 1756431492486272724,
      "q" : "1",
      "p" : "0.11111",
      "s" : "sell",
      "i" : "AIXBTUSD-PERP",
      "m" : "4611686018427456847"
    }, {
      "d" : "1756430718924099799",
      "t" : 1756430718924,
      "tn" : 1756430718924099799,
      "q" : "1",
      "p" : "0.11089",
      "s" : "sell",
      "i" : "AIXBTUSD-PERP",
      "m" : "4611686018427456846"
    }, {
      "d" : "1756430423036132878",
      "t" : 1756430423036,
      "tn" : 1756430423036132878,
      "q" : "1",
      "p" : "0.11111",
      "s" : "sell",
      "i" : "AIXBTUSD-PERP",
      "m" : "4611686018427456845"
    }, {
      "d" : "1756430179486776556",
      "t" : 1756430179486,
      "tn" : 1756430179486776556,
      "q" : "1",
      "p" : "0.11149",
      "s" : "sell",
      "i" : "AIXBTUSD-PERP",
      "m" : "4611686018427456844"
    }, {
      "d" : "1756429953861806322",
      "t" : 1756429953861,
      "tn" : 1756429953861806322,
      "q" : "1",
      "p" : "0.11151",
      "s" : "sell",
      "i" : "AIXBTUSD-PERP",
      "m" : "4611686018427456843"
    }, {
      "d" : "1756427711962430685",
      "t" : 1756427711962,
      "tn" : 1756427711962430685,
      "q" : "1",
      "p" : "0.11270",
      "s" : "sell",
      "i" : "AIXBTUSD-PERP",
      "m" : "4611686018427456842"
    }, {
      "d" : "1756427711962426067",
      "t" : 1756427711962,
      "tn" : 1756427711962426067,
      "q" : "1",
      "p" : "0.11271",
      "s" : "sell",
      "i" : "AIXBTUSD-PERP",
      "m" : "4611686018427456841"
    }, {
      "d" : "1756427708759380005",
      "t" : 1756427708759,
      "tn" : 1756427708759380005,
      "q" : "1",
      "p" : "0.11272",
      "s" : "sell",
      "i" : "AIXBTUSD-PERP",
      "m" : "4611686018427456840"
    }, {
      "d" : "1756427708759377110",
      "t" : 1756427708759,
      "tn" : 1756427708759377110,
      "q" : "1",
      "p" : "0.11273",
      "s" : "sell",
      "i" : "AIXBTUSD-PERP",
      "m" : "4611686018427456839"
    }, {
      "d" : "1756427549381835553",
      "t" : 1756427549381,
      "tn" : 1756427549381835553,
      "q" : "1",
      "p" : "0.11312",
      "s" : "sell",
      "i" : "AIXBTUSD-PERP",
      "m" : "4611686018427456838"
    }, {
      "d" : "1756427429800547316",
      "t" : 1756427429800,
      "tn" : 1756427429800547316,
      "q" : "1",
      "p" : "0.11316",
      "s" : "sell",
      "i" : "AIXBTUSD-PERP",
      "m" : "4611686018427456837"
    }, {
      "d" : "1756426800650985739",
      "t" : 1756426800650,
      "tn" : 1756426800650985739,
      "q" : "1",
      "p" : "0.11298",
      "s" : "sell",
      "i" : "AIXBTUSD-PERP",
      "m" : "4611686018427456836"
    }, {
      "d" : "1756426768540542793",
      "t" : 1756426768540,
      "tn" : 1756426768540542793,
      "q" : "1",
      "p" : "0.11302",
      "s" : "sell",
      "i" : "AIXBTUSD-PERP",
      "m" : "4611686018427456835"
    }, {
      "d" : "1756426603094615578",
      "t" : 1756426603094,
      "tn" : 1756426603094615578,
      "q" : "1",
      "p" : "0.11279",
      "s" : "sell",
      "i" : "AIXBTUSD-PERP",
      "m" : "4611686018427456834"
    }, {
      "d" : "1756426446972690926",
      "t" : 1756426446972,
      "tn" : 1756426446972690926,
      "q" : "1",
      "p" : "0.11322",
      "s" : "sell",
      "i" : "AIXBTUSD-PERP",
      "m" : "4611686018427456833"
    }, {
      "d" : "1756426446972687882",
      "t" : 1756426446972,
      "tn" : 1756426446972687882,
      "q" : "1",
      "p" : "0.11323",
      "s" : "sell",
      "i" : "AIXBTUSD-PERP",
      "m" : "4611686018427456832"
    }, {
      "d" : "1756426162443691264",
      "t" : 1756426162443,
      "tn" : 1756426162443691264,
      "q" : "1",
      "p" : "0.11344",
      "s" : "sell",
      "i" : "AIXBTUSD-PERP",
      "m" : "4611686018427456831"
    }, {
      "d" : "1756425609581657760",
      "t" : 1756425609581,
      "tn" : 1756425609581657760,
      "q" : "1",
      "p" : "0.11373",
      "s" : "sell",
      "i" : "AIXBTUSD-PERP",
      "m" : "4611686018427456830"
    }, {
      "d" : "1756425477246787864",
      "t" : 1756425477246,
      "tn" : 1756425477246787864,
      "q" : "1",
      "p" : "0.11363",
      "s" : "sell",
      "i" : "AIXBTUSD-PERP",
      "m" : "4611686018427456829"
    }, {
      "d" : "1756424807689326014",
      "t" : 1756424807689,
      "tn" : 1756424807689326014,
      "q" : "1",
      "p" : "0.11403",
      "s" : "sell",
      "i" : "AIXBTUSD-PERP",
      "m" : "4611686018427456828"
    }, {
      "d" : "1756424807689323853",
      "t" : 1756424807689,
      "tn" : 1756424807689323853,
      "q" : "1",
      "p" : "0.11404",
      "s" : "sell",
      "i" : "AIXBTUSD-PERP",
      "m" : "4611686018427456827"
    }, {
      "d" : "1756424639631595430",
      "t" : 1756424639631,
      "tn" : 1756424639631595430,
      "q" : "1",
      "p" : "0.11377",
      "s" : "sell",
      "i" : "AIXBTUSD-PERP",
      "m" : "4611686018427456826"
    }, {
      "d" : "1756424592769948493",
      "t" : 1756424592769,
      "tn" : 1756424592769948493,
      "q" : "1",
      "p" : "0.11363",
      "s" : "sell",
      "i" : "AIXBTUSD-PERP",
      "m" : "4611686018427456825"
    }, {
      "d" : "1756424523886839451",
      "t" : 1756424523886,
      "tn" : 1756424523886839451,
      "q" : "1",
      "p" : "0.11405",
      "s" : "sell",
      "i" : "AIXBTUSD-PERP",
      "m" : "4611686018427456824"
    }, {
      "d" : "1756424523886837010",
      "t" : 1756424523886,
      "tn" : 1756424523886837010,
      "q" : "1",
      "p" : "0.11406",
      "s" : "sell",
      "i" : "AIXBTUSD-PERP",
      "m" : "4611686018427456823"
    }, {
      "d" : "1756424314764048341",
      "t" : 1756424314764,
      "tn" : 1756424314764048341,
      "q" : "1",
      "p" : "0.11376",
      "s" : "sell",
      "i" : "AIXBTUSD-PERP",
      "m" : "4611686018427456822"
    }, {
      "d" : "1756424214083003437",
      "t" : 1756424214083,
      "tn" : 1756424214083003437,
      "q" : "1",
      "p" : "0.11397",
      "s" : "sell",
      "i" : "AIXBTUSD-PERP",
      "m" : "4611686018427456821"
    }, {
      "d" : "1756424153123689560",
      "t" : 1756424153123,
      "tn" : 1756424153123689560,
      "q" : "1",
      "p" : "0.11348",
      "s" : "sell",
      "i" : "AIXBTUSD-PERP",
      "m" : "4611686018427456820"
    }, {
      "d" : "1756423985587230435",
      "t" : 1756423985587,
      "tn" : 1756423985587230435,
      "q" : "1",
      "p" : "0.11336",
      "s" : "sell",
      "i" : "AIXBTUSD-PERP",
      "m" : "4611686018427456819"
    }, {
      "d" : "1756423876908952238",
      "t" : 1756423876908,
      "tn" : 1756423876908952238,
      "q" : "1",
      "p" : "0.11299",
      "s" : "sell",
      "i" : "AIXBTUSD-PERP",
      "m" : "4611686018427456818"
    }, {
      "d" : "1756423790790698861",
      "t" : 1756423790790,
      "tn" : 1756423790790698861,
      "q" : "1",
      "p" : "0.11307",
      "s" : "sell",
      "i" : "AIXBTUSD-PERP",
      "m" : "4611686018427456817"
    }, {
      "d" : "1756423515427201766",
      "t" : 1756423515427,
      "tn" : 1756423515427201766,
      "q" : "1",
      "p" : "0.11332",
      "s" : "sell",
      "i" : "AIXBTUSD-PERP",
      "m" : "4611686018427456816"
    }, {
      "d" : "1756423288386478579",
      "t" : 1756423288386,
      "tn" : 1756423288386478579,
      "q" : "1",
      "p" : "0.11316",
      "s" : "sell",
      "i" : "AIXBTUSD-PERP",
      "m" : "4611686018427456815"
    }, {
      "d" : "1756422803991695651",
      "t" : 1756422803991,
      "tn" : 1756422803991695651,
      "q" : "1",
      "p" : "0.11320",
      "s" : "sell",
      "i" : "AIXBTUSD-PERP",
      "m" : "4611686018427456814"
    }, {
      "d" : "1756422669439381623",
      "t" : 1756422669439,
      "tn" : 1756422669439381623,
      "q" : "1",
      "p" : "0.11344",
      "s" : "sell",
      "i" : "AIXBTUSD-PERP",
      "m" : "4611686018427456813"
    }, {
      "d" : "1756422664229629181",
      "t" : 1756422664229,
      "tn" : 1756422664229629181,
      "q" : "1",
      "p" : "0.11364",
      "s" : "sell",
      "i" : "AIXBTUSD-PERP",
      "m" : "4611686018427456812"
    }, {
      "d" : "1756422633562068496",
      "t" : 1756422633562,
      "tn" : 1756422633562068496,
      "q" : "1",
      "p" : "0.11368",
      "s" : "sell",
      "i" : "AIXBTUSD-PERP",
      "m" : "4611686018427456811"
    }, {
      "d" : "1756422415554233704",
      "t" : 1756422415554,
      "tn" : 1756422415554233704,
      "q" : "1",
      "p" : "0.11312",
      "s" : "sell",
      "i" : "AIXBTUSD-PERP",
      "m" : "4611686018427456810"
    }, {
      "d" : "1756422331916608181",
      "t" : 1756422331916,
      "tn" : 1756422331916608181,
      "q" : "1",
      "p" : "0.11283",
      "s" : "sell",
      "i" : "AIXBTUSD-PERP",
      "m" : "4611686018427456809"
    }, {
      "d" : "1756422205037271922",
      "t" : 1756422205037,
      "tn" : 1756422205037271922,
      "q" : "1",
      "p" : "0.11290",
      "s" : "sell",
      "i" : "AIXBTUSD-PERP",
      "m" : "4611686018427456808"
    }, {
      "d" : "1756422203001025457",
      "t" : 1756422203001,
      "tn" : 1756422203001025457,
      "q" : "1",
      "p" : "0.11291",
      "s" : "sell",
      "i" : "AIXBTUSD-PERP",
      "m" : "4611686018427456807"
    }, {
      "d" : "1756422203001021355",
      "t" : 1756422203001,
      "tn" : 1756422203001021355,
      "q" : "1",
      "p" : "0.11292",
      "s" : "sell",
      "i" : "AIXBTUSD-PERP",
      "m" : "4611686018427456806"
    }, {
      "d" : "1756422172576125708",
      "t" : 1756422172576,
      "tn" : 1756422172576125708,
      "q" : "1",
      "p" : "0.11318",
      "s" : "sell",
      "i" : "AIXBTUSD-PERP",
      "m" : "4611686018427456805"
    }, {
      "d" : "1756422159568586056",
      "t" : 1756422159568,
      "tn" : 1756422159568586056,
      "q" : "1",
      "p" : "0.11336",
      "s" : "sell",
      "i" : "AIXBTUSD-PERP",
      "m" : "4611686018427456804"
    }, {
      "d" : "1756421927733622730",
      "t" : 1756421927733,
      "tn" : 1756421927733622730,
      "q" : "1",
      "p" : "0.11378",
      "s" : "sell",
      "i" : "AIXBTUSD-PERP",
      "m" : "4611686018427456803"
    }, {
      "d" : "1756421927733619924",
      "t" : 1756421927733,
      "tn" : 1756421927733619924,
      "q" : "1",
      "p" : "0.11379",
      "s" : "sell",
      "i" : "AIXBTUSD-PERP",
      "m" : "4611686018427456802"
    }, {
      "d" : "1756421805021716953",
      "t" : 1756421805021,
      "tn" : 1756421805021716953,
      "q" : "1",
      "p" : "0.11335",
      "s" : "sell",
      "i" : "AIXBTUSD-PERP",
      "m" : "4611686018427456801"
    }, {
      "d" : "1756421714814240294",
      "t" : 1756421714814,
      "tn" : 1756421714814240294,
      "q" : "1",
      "p" : "0.11308",
      "s" : "sell",
      "i" : "AIXBTUSD-PERP",
      "m" : "4611686018427456800"
    }, {
      "d" : "1756421714814236672",
      "t" : 1756421714814,
      "tn" : 1756421714814236672,
      "q" : "1",
      "p" : "0.11309",
      "s" : "sell",
      "i" : "AIXBTUSD-PERP",
      "m" : "4611686018427456799"
    }, {
      "d" : "1756421234402315219",
      "t" : 1756421234402,
      "tn" : 1756421234402315219,
      "q" : "1",
      "p" : "0.11265",
      "s" : "sell",
      "i" : "AIXBTUSD-PERP",
      "m" : "4611686018427456798"
    }, {
      "d" : "1756421100019907772",
      "t" : 1756421100019,
      "tn" : 1756421100019907772,
      "q" : "1",
      "p" : "0.11234",
      "s" : "sell",
      "i" : "AIXBTUSD-PERP",
      "m" : "4611686018427456797"
    }, {
      "d" : "1756420623232193484",
      "t" : 1756420623232,
      "tn" : 1756420623232193484,
      "q" : "1",
      "p" : "0.11242",
      "s" : "sell",
      "i" : "AIXBTUSD-PERP",
      "m" : "4611686018427456796"
    }, {
      "d" : "1756420541396220701",
      "t" : 1756420541396,
      "tn" : 1756420541396220701,
      "q" : "1",
      "p" : "0.11257",
      "s" : "sell",
      "i" : "AIXBTUSD-PERP",
      "m" : "4611686018427456795"
    }, {
      "d" : "1756420539510715114",
      "t" : 1756420539510,
      "tn" : 1756420539510715114,
      "q" : "1",
      "p" : "0.11265",
      "s" : "sell",
      "i" : "AIXBTUSD-PERP",
      "m" : "4611686018427456794"
    }, {
      "d" : "1756420516133945845",
      "t" : 1756420516133,
      "tn" : 1756420516133945845,
      "q" : "1",
      "p" : "0.11267",
      "s" : "sell",
      "i" : "AIXBTUSD-PERP",
      "m" : "4611686018427456793"
    }, {
      "d" : "1756420367043891642",
      "t" : 1756420367043,
      "tn" : 1756420367043891642,
      "q" : "1",
      "p" : "0.11321",
      "s" : "sell",
      "i" : "AIXBTUSD-PERP",
      "m" : "4611686018427456792"
    }, {
      "d" : "1756419734409561458",
      "t" : 1756419734409,
      "tn" : 1756419734409561458,
      "q" : "1",
      "p" : "0.11251",
      "s" : "sell",
      "i" : "AIXBTUSD-PERP",
      "m" : "4611686018427456791"
    }, {
      "d" : "1756419575837191972",
      "t" : 1756419575837,
      "tn" : 1756419575837191972,
      "q" : "1",
      "p" : "0.11223",
      "s" : "sell",
      "i" : "AIXBTUSD-PERP",
      "m" : "4611686018427456790"
    }, {
      "d" : "1756419194469962276",
      "t" : 1756419194469,
      "tn" : 1756419194469962276,
      "q" : "1",
      "p" : "0.11151",
      "s" : "sell",
      "i" : "AIXBTUSD-PERP",
      "m" : "4611686018427456789"
    }, {
      "d" : "1756418999247661914",
      "t" : 1756418999247,
      "tn" : 1756418999247661914,
      "q" : "1",
      "p" : "0.11137",
      "s" : "sell",
      "i" : "AIXBTUSD-PERP",
      "m" : "4611686018427456788"
    }, {
      "d" : "1756418999247658737",
      "t" : 1756418999247,
      "tn" : 1756418999247658737,
      "q" : "1",
      "p" : "0.11138",
      "s" : "sell",
      "i" : "AIXBTUSD-PERP",
      "m" : "4611686018427456787"
    }, {
      "d" : "1756418964404022579",
      "t" : 1756418964404,
      "tn" : 1756418964404022579,
      "q" : "1",
      "p" : "0.11122",
      "s" : "sell",
      "i" : "AIXBTUSD-PERP",
      "m" : "4611686018427456786"
    }, {
      "d" : "1756418939745558489",
      "t" : 1756418939745,
      "tn" : 1756418939745558489,
      "q" : "1",
      "p" : "0.11137",
      "s" : "sell",
      "i" : "AIXBTUSD-PERP",
      "m" : "4611686018427456785"
    }, {
      "d" : "1756418541341384296",
      "t" : 1756418541341,
      "tn" : 1756418541341384296,
      "q" : "1",
      "p" : "0.11118",
      "s" : "sell",
      "i" : "AIXBTUSD-PERP",
      "m" : "4611686018427456784"
    }, {
      "d" : "1756418541341381562",
      "t" : 1756418541341,
      "tn" : 1756418541341381562,
      "q" : "1",
      "p" : "0.11119",
      "s" : "sell",
      "i" : "AIXBTUSD-PERP",
      "m" : "4611686018427456783"
    }, {
      "d" : "1756418461896270035",
      "t" : 1756418461896,
      "tn" : 1756418461896270035,
      "q" : "1",
      "p" : "0.11144",
      "s" : "sell",
      "i" : "AIXBTUSD-PERP",
      "m" : "4611686018427456782"
    }, {
      "d" : "1756418101386701002",
      "t" : 1756418101386,
      "tn" : 1756418101386701002,
      "q" : "1",
      "p" : "0.11080",
      "s" : "sell",
      "i" : "AIXBTUSD-PERP",
      "m" : "4611686018427456781"
    }, {
      "d" : "1756417318041156695",
      "t" : 1756417318041,
      "tn" : 1756417318041156695,
      "q" : "1",
      "p" : "0.11007",
      "s" : "sell",
      "i" : "AIXBTUSD-PERP",
      "m" : "4611686018427456780"
    }, {
      "d" : "1756417274869913139",
      "t" : 1756417274869,
      "tn" : 1756417274869913139,
      "q" : "1",
      "p" : "0.11030",
      "s" : "sell",
      "i" : "AIXBTUSD-PERP",
      "m" : "4611686018427456779"
    }, {
      "d" : "1756417200417066257",
      "t" : 1756417200417,
      "tn" : 1756417200417066257,
      "q" : "1",
      "p" : "0.11033",
      "s" : "sell",
      "i" : "AIXBTUSD-PERP",
      "m" : "4611686018427456778"
    }, {
      "d" : "1756416627418726445",
      "t" : 1756416627418,
      "tn" : 1756416627418726445,
      "q" : "463",
      "p" : "0.10996",
      "s" : "sell",
      "i" : "AIXBTUSD-PERP",
      "m" : "4611686018427456777"
    }, {
      "d" : "1756416627418723590",
      "t" : 1756416627418,
      "tn" : 1756416627418723590,
      "q" : "1",
      "p" : "0.11006",
      "s" : "sell",
      "i" : "AIXBTUSD-PERP",
      "m" : "4611686018427456776"
    }, {
      "d" : "1756416627418721220",
      "t" : 1756416627418,
      "tn" : 1756416627418721220,
      "q" : "1",
      "p" : "0.11007",
      "s" : "sell",
      "i" : "AIXBTUSD-PERP",
      "m" : "4611686018427456775"
    }, {
      "d" : "1756416084270457854",
      "t" : 1756416084270,
      "tn" : 1756416084270457854,
      "q" : "1",
      "p" : "0.11020",
      "s" : "sell",
      "i" : "AIXBTUSD-PERP",
      "m" : "4611686018427456774"
    }, {
      "d" : "1756415906503708156",
      "t" : 1756415906503,
      "tn" : 1756415906503708156,
      "q" : "1",
      "p" : "0.11023",
      "s" : "sell",
      "i" : "AIXBTUSD-PERP",
      "m" : "4611686018427456773"
    }, {
      "d" : "1756415683659396010",
      "t" : 1756415683659,
      "tn" : 1756415683659396010,
      "q" : "1",
      "p" : "0.10968",
      "s" : "sell",
      "i" : "AIXBTUSD-PERP",
      "m" : "4611686018427456772"
    }, {
      "d" : "1756415233647305649",
      "t" : 1756415233647,
      "tn" : 1756415233647305649,
      "q" : "1",
      "p" : "0.10967",
      "s" : "sell",
      "i" : "AIXBTUSD-PERP",
      "m" : "4611686018427456771"
    }, {
      "d" : "1756415058299500523",
      "t" : 1756415058299,
      "tn" : 1756415058299500523,
      "q" : "1",
      "p" : "0.10954",
      "s" : "sell",
      "i" : "AIXBTUSD-PERP",
      "m" : "4611686018427456770"
    }, {
      "d" : "1756414124397784619",
      "t" : 1756414124397,
      "tn" : 1756414124397784619,
      "q" : "1",
      "p" : "0.10968",
      "s" : "sell",
      "i" : "AIXBTUSD-PERP",
      "m" : "4611686018427456769"
    }, {
      "d" : "1756413231623488304",
      "t" : 1756413231623,
      "tn" : 1756413231623488304,
      "q" : "1",
      "p" : "0.10925",
      "s" : "sell",
      "i" : "AIXBTUSD-PERP",
      "m" : "4611686018427456768"
    }, {
      "d" : "1756412786967831983",
      "t" : 1756412786967,
      "tn" : 1756412786967831983,
      "q" : "1",
      "p" : "0.10952",
      "s" : "sell",
      "i" : "AIXBTUSD-PERP",
      "m" : "4611686018427456767"
    }, {
      "d" : "1756412786967829052",
      "t" : 1756412786967,
      "tn" : 1756412786967829052,
      "q" : "1",
      "p" : "0.10953",
      "s" : "sell",
      "i" : "AIXBTUSD-PERP",
      "m" : "4611686018427456766"
    }, {
      "d" : "1756412523711811805",
      "t" : 1756412523711,
      "tn" : 1756412523711811805,
      "q" : "1",
      "p" : "0.10928",
      "s" : "sell",
      "i" : "AIXBTUSD-PERP",
      "m" : "4611686018427456765"
    }, {
      "d" : "1756412480991984593",
      "t" : 1756412480991,
      "tn" : 1756412480991984593,
      "q" : "1",
      "p" : "0.10927",
      "s" : "sell",
      "i" : "AIXBTUSD-PERP",
      "m" : "4611686018427456764"
    }, {
      "d" : "1756412480991980974",
      "t" : 1756412480991,
      "tn" : 1756412480991980974,
      "q" : "1",
      "p" : "0.10928",
      "s" : "sell",
      "i" : "AIXBTUSD-PERP",
      "m" : "4611686018427456763"
    }, {
      "d" : "1756411776385998865",
      "t" : 1756411776385,
      "tn" : 1756411776385998865,
      "q" : "1",
      "p" : "0.10845",
      "s" : "sell",
      "i" : "AIXBTUSD-PERP",
      "m" : "4611686018427456762"
    }, {
      "d" : "1756411776385994189",
      "t" : 1756411776385,
      "tn" : 1756411776385994189,
      "q" : "1",
      "p" : "0.10846",
      "s" : "sell",
      "i" : "AIXBTUSD-PERP",
      "m" : "4611686018427456761"
    }, {
      "d" : "1756411507042766554",
      "t" : 1756411507042,
      "tn" : 1756411507042766554,
      "q" : "1",
      "p" : "0.10879",
      "s" : "sell",
      "i" : "AIXBTUSD-PERP",
      "m" : "4611686018427456760"
    }, {
      "d" : "1756411130515571470",
      "t" : 1756411130515,
      "tn" : 1756411130515571470,
      "q" : "1",
      "p" : "0.10847",
      "s" : "sell",
      "i" : "AIXBTUSD-PERP",
      "m" : "4611686018427456759"
    }, {
      "d" : "1756410619045883707",
      "t" : 1756410619045,
      "tn" : 1756410619045883707,
      "q" : "1",
      "p" : "0.10889",
      "s" : "sell",
      "i" : "AIXBTUSD-PERP",
      "m" : "4611686018427456758"
    }, {
      "d" : "1756410531226723340",
      "t" : 1756410531226,
      "tn" : 1756410531226723340,
      "q" : "1",
      "p" : "0.10908",
      "s" : "sell",
      "i" : "AIXBTUSD-PERP",
      "m" : "4611686018427456757"
    }, {
      "d" : "1756410430356825672",
      "t" : 1756410430356,
      "tn" : 1756410430356825672,
      "q" : "1",
      "p" : "0.10925",
      "s" : "sell",
      "i" : "AIXBTUSD-PERP",
      "m" : "4611686018427456756"
    }, {
      "d" : "1756410198086004250",
      "t" : 1756410198086,
      "tn" : 1756410198086004250,
      "q" : "1",
      "p" : "0.10898",
      "s" : "sell",
      "i" : "AIXBTUSD-PERP",
      "m" : "4611686018427456755"
    }, {
      "d" : "1756410189656454608",
      "t" : 1756410189656,
      "tn" : 1756410189656454608,
      "q" : "1",
      "p" : "0.10898",
      "s" : "sell",
      "i" : "AIXBTUSD-PERP",
      "m" : "4611686018427456754"
    }, {
      "d" : "1756410187156407314",
      "t" : 1756410187156,
      "tn" : 1756410187156407314,
      "q" : "1",
      "p" : "0.10904",
      "s" : "sell",
      "i" : "AIXBTUSD-PERP",
      "m" : "4611686018427456753"
    }, {
      "d" : "1756410185306635431",
      "t" : 1756410185306,
      "tn" : 1756410185306635431,
      "q" : "1",
      "p" : "0.10913",
      "s" : "sell",
      "i" : "AIXBTUSD-PERP",
      "m" : "4611686018427456752"
    }, {
      "d" : "1756410182496771303",
      "t" : 1756410182496,
      "tn" : 1756410182496771303,
      "q" : "1",
      "p" : "0.10950",
      "s" : "buy",
      "i" : "AIXBTUSD-PERP",
      "m" : "4611686018427456751"
    }, {
      "d" : "1756410182496769026",
      "t" : 1756410182496,
      "tn" : 1756410182496769026,
      "q" : "456",
      "p" : "0.10948",
      "s" : "buy",
      "i" : "AIXBTUSD-PERP",
      "m" : "4611686018427456750"
    }, {
      "d" : "1756410182496766819",
      "t" : 1756410182496,
      "tn" : 1756410182496766819,
      "q" : "1",
      "p" : "0.10926",
      "s" : "buy",
      "i" : "AIXBTUSD-PERP",
      "m" : "4611686018427456749"
    }, {
      "d" : "1756410182496764998",
      "t" : 1756410182496,
      "tn" : 1756410182496764998,
      "q" : "1",
      "p" : "0.10918",
      "s" : "buy",
      "i" : "AIXBTUSD-PERP",
      "m" : "4611686018427456748"
    }, {
      "d" : "1756410180970617627",
      "t" : 1756410180970,
      "tn" : 1756410180970617627,
      "q" : "452",
      "p" : "0.10936",
      "s" : "buy",
      "i" : "AIXBTUSD-PERP",
      "m" : "4611686018427456747"
    }, {
      "d" : "1756410180964800891",
      "t" : 1756410180964,
      "tn" : 1756410180964800891,
      "q" : "1374",
      "p" : "0.10936",
      "s" : "buy",
      "i" : "AIXBTUSD-PERP",
      "m" : "4611686018427456746"
    }, {
      "d" : "1756410180949192834",
      "t" : 1756410180949,
      "tn" : 1756410180949192834,
      "q" : "170",
      "p" : "0.10936",
      "s" : "buy",
      "i" : "AIXBTUSD-PERP",
      "m" : "4611686018427456745"
    }, {
      "d" : "1756410180948689657",
      "t" : 1756410180948,
      "tn" : 1756410180948689657,
      "q" : "1658",
      "p" : "0.10936",
      "s" : "buy",
      "i" : "AIXBTUSD-PERP",
      "m" : "4611686018427456744"
    }, {
      "d" : "1756410180947942795",
      "t" : 1756410180947,
      "tn" : 1756410180947942795,
      "q" : "4",
      "p" : "0.10910",
      "s" : "buy",
      "i" : "AIXBTUSD-PERP",
      "m" : "4611686018427456743"
    }, {
      "d" : "1756410180947940604",
      "t" : 1756410180947,
      "tn" : 1756410180947940604,
      "q" : "1",
      "p" : "0.10893",
      "s" : "buy",
      "i" : "AIXBTUSD-PERP",
      "m" : "4611686018427456742"
    } ]
  }
}