{
  "id" : -1,
  "method" : "public/get-trades",
  "code" : 0,
  "result" : {
    "data" : [ {
      "d" : "1756458342529075563",
      "t" : 1756458342529,
      "tn" : 1756458342529075563,
      "q" : "1.0",
      "p" : "1.1569",
      "s" : "sell",
      "i" : "AKT_USDT",
      "m" : "4611686018428943227"
    }, {
      "d" : "1756458342484119293",
      "t" : 1756458342484,
      "tn" : 1756458342484119293,
      "q" : "1.0",
      "p" : "1.1569",
      "s" : "sell",
      "i" : "AKT_USDT",
      "m" : "4611686018428943226"
    }, {
      "d" : "1756458339707013501",
      "t" : 1756458339707,
      "tn" : 1756458339707013501,
      "q" : "1.0",
      "p" : "1.1568",
      "s" : "sell",
      "i" : "AKT_USDT",
      "m" : "4611686018428943225"
    }, {
      "d" : "1756458339656765002",
      "t" : 1756458339656,
      "tn" : 1756458339656765002,
      "q" : "1.0",
      "p" : "1.1570",
      "s" : "sell",
      "i" : "AKT_USDT",
      "m" : "4611686018428943224"
    }, {
      "d" : "1756458339647004564",
      "t" : 1756458339647,
      "tn" : 1756458339647004564,
      "q" : "1.0",
      "p" : "1.1570",
      "s" : "sell",
      "i" : "AKT_USDT",
      "m" : "4611686018428943223"
    }, {
      "d" : "1756458337736651600",
      "t" : 1756458337736,
      "tn" : 1756458337736651600,
      "q" : "1.0",
      "p" : "1.1559",
      "s" : "sell",
      "i" : "AKT_USDT",
      "m" : "4611686018428943222"
    }, {
      "d" : "1756458336273010996",
      "t" : 1756458336273,
      "tn" : 1756458336273010996,
      "q" : "1.0",
      "p" : "1.1575",
      "s" : "sell",
      "i" : "AKT_USDT",
      "m" : "4611686018428943221"
    }, {
      "d" : "1756458336257992691",
      "t" : 1756458336257,
      "tn" : 1756458336257992691,
      "q" : "1.0",
      "p" : "1.1575",
      "s" : "sell",
      "i" : "AKT_USDT",
      "m" : "4611686018428943220"
    }, {
      "d" : "1756458336246248402",
      "t" : 1756458336246,
      "tn" : 1756458336246248402,
      "q" : "1.0",
      "p" : "1.1569",
      "s" : "sell",
      "i" : "AKT_USDT",
      "m" : "4611686018428943219"
    }, {
      "d" : "1756458147529112745",
      "t" : 1756458147529,
      "tn" : 1756458147529112745,
      "q" : "1.0",
      "p" : "1.1571",
      "s" : "sell",
      "i" : "AKT_USDT",
      "m" : "4611686018428943218"
    }, {
      "d" : "1756458146546584003",
      "t" : 1756458146546,
      "tn" : 1756458146546584003,
      "q" : "1.0",
      "p" : "1.1563",
      "s" : "sell",
      "i" : "AKT_USDT",
      "m" : "4611686018428943217"
    }, {
      "d" : "1756458146310988532",
      "t" : 1756458146310,
      "tn" : 1756458146310988532,
      "q" : "1.0",
      "p" : "1.1564",
      "s" : "sell",
      "i" : "AKT_USDT",
      "m" : "4611686018428943216"
    }, {
      "d" : "1756458142575900190",
      "t" : 1756458142575,
      "tn" : 1756458142575900190,
      "q" : "1.0",
      "p" : "1.1584",
      "s" : "sell",
      "i" : "AKT_USDT",
      "m" : "4611686018428943215"
    }, {
      "d" : "1756458142525829372",
      "t" : 1756458142525,
      "tn" : 1756458142525829372,
      "q" : "1.0",
      "p" : "1.1584",
      "s" : "sell",
      "i" : "AKT_USDT",
      "m" : "4611686018428943214"
    }, {
      "d" : "1756457726108217326",
      "t" : 1756457726108,
      "tn" : 1756457726108217326,
      "q" : "1.0",
      "p" : "1.1622",
      "s" : "buy",
      "i" : "AKT_USDT",
      "m" : "4611686018428943213"
    }, {
      "d" : "1756457497622487546",
      "t" : 1756457497622,
      "tn" : 1756457497622487546,
      "q" : "1.0",
      "p" : "1.1630",
      "s" : "sell",
      "i" : "AKT_USDT",
      "m" : "4611686018428943212"
    }, {
      "d" : "1756457497527379638",
      "t" : 1756457497527,
      "tn" : 1756457497527379638,
      "q" : "1.0",
      "p" : "1.1630",
      "s" : "sell",
      "i" : "AKT_USDT",
      "m" : "4611686018428943211"
    }, {
      "d" : "1756457496524995684",
      "t" : 1756457496524,
      "tn" : 1756457496524995684,
      "q" : "1.0",
      "p" : "1.1630",
      "s" : "sell",
      "i" : "AKT_USDT",
      "m" : "4611686018428943210"
    }, {
      "d" : "1756457496464764279",
      "t" : 1756457496464,
      "tn" : 1756457496464764279,
      "q" : "1.0",
      "p" : "1.1630",
      "s" : "sell",
      "i" : "AKT_USDT",
      "m" : "4611686018428943209"
    }, {
      "d" : "1756457496364668010",
      "t" : 1756457496364,
      "tn" : 1756457496364668010,
      "q" : "1.0",
      "p" : "1.1630",
      "s" : "sell",
      "i" : "AKT_USDT",
      "m" : "4611686018428943208"
    }, {
      "d" : "1756457496244387556",
      "t" : 1756457496244,
      "tn" : 1756457496244387556,
      "q" : "1.0",
      "p" : "1.1630",
      "s" : "sell",
      "i" : "AKT_USDT",
      "m" : "4611686018428943207"
    }, {
      "d" : "1756457496043285686",
      "t" : 1756457496043,
      "tn" : 1756457496043285686,
      "q" : "1.0",
      "p" : "1.1630",
      "s" : "sell",
      "i" : "AKT_USDT",
      "m" : "4611686018428943206"
    }, {
      "d" : "1756457495958102674",
      "t" : 1756457495958,
      "tn" : 1756457495958102674,
      "q" : "1.0",
      "p" : "1.1630",
      "s" : "sell",
      "i" : "AKT_USDT",
      "m" : "4611686018428943205"
    }, {
      "d" : "1756457495943070832",
      "t" : 1756457495943,
      "tn" : 1756457495943070832,
      "q" : "1.0",
      "p" : "1.1630",
      "s" : "sell",
      "i" : "AKT_USDT",
      "m" : "4611686018428943204"
    }, {
      "d" : "1756457495873009532",
      "t" : 1756457495873,
      "tn" : 1756457495873009532,
      "q" : "1.0",
      "p" : "1.1630",
      "s" : "sell",
      "i" : "AKT_USDT",
      "m" : "4611686018428943203"
    }, {
      "d" : "1756457495842996953",
      "t" : 1756457495842,
      "tn" : 1756457495842996953,
      "q" : "1.0",
      "p" : "1.1630",
      "s" : "sell",
      "i" : "AKT_USDT",
      "m" : "4611686018428943202"
    }, {
      "d" : "1756457495803011050",
      "t" : 1756457495803,
      "tn" : 1756457495803011050,
      "q" : "1.0",
      "p" : "1.1630",
      "s" : "sell",
      "i" : "AKT_USDT",
      "m" : "4611686018428943201"
    }, {
      "d" : "1756457495717845144",
      "t" : 1756457495717,
      "tn" : 1756457495717845144,
      "q" : "1.0",
      "p" : "1.1630",
      "s" : "sell",
      "i" : "AKT_USDT",
      "m" : "4611686018428943200"
    }, {
      "d" : "1756457495597401701",
      "t" : 1756457495597,
      "tn" : 1756457495597401701,
      "q" : "1.0",
      "p" : "1.1630",
      "s" : "sell",
      "i" : "AKT_USDT",
      "m" : "4611686018428943199"
    }, {
      "d" : "1756457495567369082",
      "t" : 1756457495567,
      "tn" : 1756457495567369082,
      "q" : "1.0",
      "p" : "1.1630",
      "s" : "sell",
      "i" : "AKT_USDT",
      "m" : "4611686018428943198"
    }, {
      "d" : "1756457495527344885",
      "t" : 1756457495527,
      "tn" : 1756457495527344885,
      "q" : "1.0",
      "p" : "1.1630",
      "s" : "sell",
      "i" : "AKT_USDT",
      "m" : "4611686018428943197"
    }, {
      "d" : "1756457495075756849",
      "t" : 1756457495075,
      "tn" : 1756457495075756849,
      "q" : "1.0",
      "p" : "1.1630",
      "s" : "sell",
      "i" : "AKT_USDT",
      "m" : "4611686018428943196"
    }, {
      "d" : "1756457495040792072",
      "t" : 1756457495040,
      "tn" : 1756457495040792072,
      "q" : "1.0",
      "p" : "1.1630",
      "s" : "sell",
      "i" : "AKT_USDT",
      "m" : "4611686018428943195"
    }, {
      "d" : "1756457494985627601",
      "t" : 1756457494985,
      "tn" : 1756457494985627601,
      "q" : "1.0",
      "p" : "1.1630",
      "s" : "sell",
      "i" : "AKT_USDT",
      "m" : "4611686018428943194"
    }, {
      "d" : "1756457494955593815",
      "t" : 1756457494955,
      "tn" : 1756457494955593815,
      "q" : "1.0",
      "p" : "1.1630",
      "s" : "sell",
      "i" : "AKT_USDT",
      "m" : "4611686018428943193"
    }, {
      "d" : "1756457494925572699",
      "t" : 1756457494925,
      "tn" : 1756457494925572699,
      "q" : "1.0",
      "p" : "1.1630",
      "s" : "sell",
      "i" : "AKT_USDT",
      "m" : "4611686018428943192"
    }, {
      "d" : "1756457494910563080",
      "t" : 1756457494910,
      "tn" : 1756457494910563080,
      "q" : "1.0",
      "p" : "1.1630",
      "s" : "sell",
      "i" : "AKT_USDT",
      "m" : "4611686018428943191"
    }, {
      "d" : "1756457494885548751",
      "t" : 1756457494885,
      "tn" : 1756457494885548751,
      "q" : "1.0",
      "p" : "1.1630",
      "s" : "sell",
      "i" : "AKT_USDT",
      "m" : "4611686018428943190"
    }, {
      "d" : "1756457494860838176",
      "t" : 1756457494860,
      "tn" : 1756457494860838176,
      "q" : "1.0",
      "p" : "1.1630",
      "s" : "sell",
      "i" : "AKT_USDT",
      "m" : "4611686018428943189"
    }, {
      "d" : "1756457494815491446",
      "t" : 1756457494815,
      "tn" : 1756457494815491446,
      "q" : "1.0",
      "p" : "1.1630",
      "s" : "sell",
      "i" : "AKT_USDT",
      "m" : "4611686018428943188"
    }, {
      "d" : "1756457494780454026",
      "t" : 1756457494780,
      "tn" : 1756457494780454026,
      "q" : "1.0",
      "p" : "1.1630",
      "s" : "sell",
      "i" : "AKT_USDT",
      "m" : "4611686018428943187"
    }, {
      "d" : "1756457494751412060",
      "t" : 1756457494751,
      "tn" : 1756457494751412060,
      "q" : "1.0",
      "p" : "1.1630",
      "s" : "sell",
      "i" : "AKT_USDT",
      "m" : "4611686018428943186"
    }, {
      "d" : "1756457494544898810",
      "t" : 1756457494544,
      "tn" : 1756457494544898810,
      "q" : "1.0",
      "p" : "1.1630",
      "s" : "sell",
      "i" : "AKT_USDT",
      "m" : "4611686018428943185"
    }, {
      "d" : "1756457494529985206",
      "t" : 1756457494529,
      "tn" : 1756457494529985206,
      "q" : "1.0",
      "p" : "1.1630",
      "s" : "sell",
      "i" : "AKT_USDT",
      "m" : "4611686018428943184"
    }, {
      "d" : "1756457494235426357",
      "t" : 1756457494235,
      "tn" : 1756457494235426357,
      "q" : "3.5",
      "p" : "1.1637",
      "s" : "sell",
      "i" : "AKT_USDT",
      "m" : "4611686018428943183"
    }, {
      "d" : "1756457379422632539",
      "t" : 1756457379422,
      "tn" : 1756457379422632539,
      "q" : "1.0",
      "p" : "1.1639",
      "s" : "sell",
      "i" : "AKT_USDT",
      "m" : "4611686018428943182"
    }, {
      "d" : "1756457379160598336",
      "t" : 1756457379160,
      "tn" : 1756457379160598336,
      "q" : "13.6",
      "p" : "1.1637",
      "s" : "sell",
      "i" : "AKT_USDT",
      "m" : "4611686018428943181"
    }, {
      "d" : "1756457379160596609",
      "t" : 1756457379160,
      "tn" : 1756457379160596609,
      "q" : "1.0",
      "p" : "1.1638",
      "s" : "sell",
      "i" : "AKT_USDT",
      "m" : "4611686018428943180"
    }, {
      "d" : "1756456377305013566",
      "t" : 1756456377305,
      "tn" : 1756456377305013566,
      "q" : "1.0",
      "p" : "1.1667",
      "s" : "sell",
      "i" : "AKT_USDT",
      "m" : "4611686018428943179"
    }, {
      "d" : "1756456377141826333",
      "t" : 1756456377141,
      "tn" : 1756456377141826333,
      "q" : "1.0",
      "p" : "1.1667",
      "s" : "sell",
      "i" : "AKT_USDT",
      "m" : "4611686018428943178"
    }, {
      "d" : "1756455961582482472",
      "t" : 1756455961582,
      "tn" : 1756455961582482472,
      "q" : "1.0",
      "p" : "1.1666",
      "s" : "sell",
      "i" : "AKT_USDT",
      "m" : "4611686018428943177"
    }, {
      "d" : "1756455960544294005",
      "t" : 1756455960544,
      "tn" : 1756455960544294005,
      "q" : "1.0",
      "p" : "1.1666",
      "s" : "sell",
      "i" : "AKT_USDT",
      "m" : "4611686018428943176"
    }, {
      "d" : "1756455960529492612",
      "t" : 1756455960529,
      "tn" : 1756455960529492612,
      "q" : "1.0",
      "p" : "1.1666",
      "s" : "sell",
      "i" : "AKT_USDT",
      "m" : "4611686018428943175"
    }, {
      "d" : "1756455958363418770",
      "t" : 1756455958363,
      "tn" : 1756455958363418770,
      "q" : "1.0",
      "p" : "1.1666",
      "s" : "sell",
      "i" : "AKT_USDT",
      "m" : "4611686018428943174"
    }, {
      "d" : "1756455945523083390",
      "t" : 1756455945523,
      "tn" : 1756455945523083390,
      "q" : "1.0",
      "p" : "1.1665",
      "s" : "sell",
      "i" : "AKT_USDT",
      "m" : "4611686018428943173"
    }, {
      "d" : "1756455945462955739",
      "t" : 1756455945462,
      "tn" : 1756455945462955739,
      "q" : "1.0",
      "p" : "1.1665",
      "s" : "sell",
      "i" : "AKT_USDT",
      "m" : "4611686018428943172"
    }, {
      "d" : "1756455945362962341",
      "t" : 1756455945362,
      "tn" : 1756455945362962341,
      "q" : "1.0",
      "p" : "1.1665",
      "s" : "sell",
      "i" : "AKT_USDT",
      "m" : "4611686018428943171"
    }, {
      "d" : "1756455944530585475",
      "t" : 1756455944530,
      "tn" : 1756455944530585475,
      "q" : "1.0",
      "p" : "1.1665",
      "s" : "sell",
      "i" : "AKT_USDT",
      "m" : "4611686018428943170"
    }, {
      "d" : "1756455943522726568",
      "t" : 1756455943522,
      "tn" : 1756455943522726568,
      "q" : "1.0",
      "p" : "1.1665",
      "s" : "sell",
      "i" : "AKT_USDT",
      "m" : "4611686018428943169"
    }, {
      "d" : "1756455942944889455",
      "t" : 1756455942944,
      "tn" : 1756455942944889455,
      "q" : "1.0",
      "p" : "1.1665",
      "s" : "sell",
      "i" : "AKT_USDT",
      "m" : "4611686018428943168"
    }, {
      "d" : "1756455942708833675",
      "t" : 1756455942708,
      "tn" : 1756455942708833675,
      "q" : "1.0",
      "p" : "1.1665",
      "s" : "sell",
      "i" : "AKT_USDT",
      "m" : "4611686018428943167"
    }, {
      "d" : "1756455941125808970",
      "t" : 1756455941125,
      "tn" : 1756455941125808970,
      "q" : "1.0",
      "p" : "1.1666",
      "s" : "sell",
      "i" : "AKT_USDT",
      "m" : "4611686018428943166"
    }, {
      "d" : "1756455941004603491",
      "t" : 1756455941004,
      "tn" : 1756455941004603491,
      "q" : "1.0",
      "p" : "1.1666",
      "s" : "sell",
      "i" : "AKT_USDT",
      "m" : "4611686018428943165"
    }, {
      "d" : "1756455939525283079",
      "t" : 1756455939525,
      "tn" : 1756455939525283079,
      "q" : "1.0",
      "p" : "1.1665",
      "s" : "sell",
      "i" : "AKT_USDT",
      "m" : "4611686018428943164"
    }, {
      "d" : "1756455939445207915",
      "t" : 1756455939445,
      "tn" : 1756455939445207915,
      "q" : "1.0",
      "p" : "1.1665",
      "s" : "sell",
      "i" : "AKT_USDT",
      "m" : "4611686018428943163"
    }, {
      "d" : "1756455939320116944",
      "t" : 1756455939320,
      "tn" : 1756455939320116944,
      "q" : "1.0",
      "p" : "1.1666",
      "s" : "sell",
      "i" : "AKT_USDT",
      "m" : "4611686018428943162"
    }, {
      "d" : "1756455938528038904",
      "t" : 1756455938528,
      "tn" : 1756455938528038904,
      "q" : "1.0",
      "p" : "1.1665",
      "s" : "sell",
      "i" : "AKT_USDT",
      "m" : "4611686018428943161"
    }, {
      "d" : "1756455937945658507",
      "t" : 1756455937945,
      "tn" : 1756455937945658507,
      "q" : "1.0",
      "p" : "1.1665",
      "s" : "sell",
      "i" : "AKT_USDT",
      "m" : "4611686018428943160"
    }, {
      "d" : "1756455937850638661",
      "t" : 1756455937850,
      "tn" : 1756455937850638661,
      "q" : "1.0",
      "p" : "1.1665",
      "s" : "sell",
      "i" : "AKT_USDT",
      "m" : "4611686018428943159"
    }, {
      "d" : "1756454269373764189",
      "t" : 1756454269373,
      "tn" : 1756454269373764189,
      "q" : "1.0",
      "p" : "1.1690",
      "s" : "sell",
      "i" : "AKT_USDT",
      "m" : "4611686018428943158"
    }, {
      "d" : "1756451715848782048",
      "t" : 1756451715848,
      "tn" : 1756451715848782048,
      "q" : "1.0",
      "p" : "1.1730",
      "s" : "sell",
      "i" : "AKT_USDT",
      "m" : "4611686018428943157"
    }, {
      "d" : "1756451704951920638",
      "t" : 1756451704951,
      "tn" : 1756451704951920638,
      "q" : "1.0",
      "p" : "1.1716",
      "s" : "sell",
      "i" : "AKT_USDT",
      "m" : "4611686018428943156"
    }, {
      "d" : "1756451704951918899",
      "t" : 1756451704951,
      "tn" : 1756451704951918899,
      "q" : "0.4",
      "p" : "1.1796",
      "s" : "sell",
      "i" : "AKT_USDT",
      "m" : "4611686018428943155"
    }, {
      "d" : "1756451579620751311",
      "t" : 1756451579620,
      "tn" : 1756451579620751311,
      "q" : "1.0",
      "p" : "1.1796",
      "s" : "sell",
      "i" : "AKT_USDT",
      "m" : "4611686018428943154"
    }, {
      "d" : "1756451579525586434",
      "t" : 1756451579525,
      "tn" : 1756451579525586434,
      "q" : "1.0",
      "p" : "1.1796",
      "s" : "sell",
      "i" : "AKT_USDT",
      "m" : "4611686018428943153"
    }, {
      "d" : "1756451578838777511",
      "t" : 1756451578838,
      "tn" : 1756451578838777511,
      "q" : "1.0",
      "p" : "1.1796",
      "s" : "sell",
      "i" : "AKT_USDT",
      "m" : "4611686018428943152"
    }, {
      "d" : "1756451578623156168",
      "t" : 1756451578623,
      "tn" : 1756451578623156168,
      "q" : "1.0",
      "p" : "1.1796",
      "s" : "sell",
      "i" : "AKT_USDT",
      "m" : "4611686018428943151"
    }, {
      "d" : "1756451578563323390",
      "t" : 1756451578563,
      "tn" : 1756451578563323390,
      "q" : "1.0",
      "p" : "1.1796",
      "s" : "sell",
      "i" : "AKT_USDT",
      "m" : "4611686018428943150"
    }, {
      "d" : "1756451578337935420",
      "t" : 1756451578337,
      "tn" : 1756451578337935420,
      "q" : "3.5",
      "p" : "1.1796",
      "s" : "sell",
      "i" : "AKT_USDT",
      "m" : "4611686018428943149"
    }, {
      "d" : "1756451564681763496",
      "t" : 1756451564681,
      "tn" : 1756451564681763496,
      "q" : "1.0",
      "p" : "1.1796",
      "s" : "sell",
      "i" : "AKT_USDT",
      "m" : "4611686018428943148"
    }, {
      "d" : "1756451564596358251",
      "t" : 1756451564596,
      "tn" : 1756451564596358251,
      "q" : "1.0",
      "p" : "1.1796",
      "s" : "sell",
      "i" : "AKT_USDT",
      "m" : "4611686018428943147"
    }, {
      "d" : "1756451564581463201",
      "t" : 1756451564581,
      "tn" : 1756451564581463201,
      "q" : "1.0",
      "p" : "1.1796",
      "s" : "sell",
      "i" : "AKT_USDT",
      "m" : "4611686018428943146"
    }, {
      "d" : "1756451564466096082",
      "t" : 1756451564466,
      "tn" : 1756451564466096082,
      "q" : "1.0",
      "p" : "1.1796",
      "s" : "sell",
      "i" : "AKT_USDT",
      "m" : "4611686018428943145"
    }, {
      "d" : "1756451564320949024",
      "t" : 1756451564320,
      "tn" : 1756451564320949024,
      "q" : "1.0",
      "p" : "1.1796",
      "s" : "sell",
      "i" : "AKT_USDT",
      "m" : "4611686018428943144"
    }, {
      "d" : "1756451564300944640",
      "t" : 1756451564300,
      "tn" : 1756451564300944640,
      "q" : "1.0",
      "p" : "1.1796",
      "s" : "sell",
      "i" : "AKT_USDT",
      "m" : "4611686018428943143"
    }, {
      "d" : "1756451564180770799",
      "t" : 1756451564180,
      "tn" : 1756451564180770799,
      "q" : "1.0",
      "p" : "1.1796",
      "s" : "sell",
      "i" : "AKT_USDT",
      "m" : "4611686018428943142"
    }, {
      "d" : "1756451564080813130",
      "t" : 1756451564080,
      "tn" : 1756451564080813130,
      "q" : "1.0",
      "p" : "1.1796",
      "s" : "sell",
      "i" : "AKT_USDT",
      "m" : "4611686018428943141"
    }, {
      "d" : "1756451279597460153",
      "t" : 1756451279597,
      "tn" : 1756451279597460153,
      "q" : "62.8",
      "p" : "1.1823",
      "s" : "sell",
      "i" : "AKT_USDT",
      "m" : "4611686018428943140"
    }, {
      "d" : "1756451279597458357",
      "t" : 1756451279597,
      "tn" : 1756451279597458357,
      "q" : "56.0",
      "p" : "1.1824",
      "s" : "sell",
      "i" : "AKT_USDT",
      "m" : "4611686018428943139"
    }, {
      "d" : "1756451279597454919",
      "t" : 1756451279597,
      "tn" : 1756451279597454919,
      "q" : "1.0",
      "p" : "1.1841",
      "s" : "sell",
      "i" : "AKT_USDT",
      "m" : "4611686018428943138"
    }, {
      "d" : "1756449599925054956",
      "t" : 1756449599925,
      "tn" : 1756449599925054956,
      "q" : "1.0",
      "p" : "1.1867",
      "s" : "buy",
      "i" : "AKT_USDT",
      "m" : "4611686018428943137"
    }, {
      "d" : "1756448678825516983",
      "t" : 1756448678825,
      "tn" : 1756448678825516983,
      "q" : "1.0",
      "p" : "1.1941",
      "s" : "buy",
      "i" : "AKT_USDT",
      "m" : "4611686018428943136"
    }, {
      "d" : "1756448678565075924",
      "t" : 1756448678565,
      "tn" : 1756448678565075924,
      "q" : "1.0",
      "p" : "1.1943",
      "s" : "buy",
      "i" : "AKT_USDT",
      "m" : "4611686018428943135"
    }, {
      "d" : "1756448678529885137",
      "t" : 1756448678529,
      "tn" : 1756448678529885137,
      "q" : "1.0",
      "p" : "1.1943",
      "s" : "buy",
      "i" : "AKT_USDT",
      "m" : "4611686018428943134"
    }, {
      "d" : "1756448678284629002",
      "t" : 1756448678284,
      "tn" : 1756448678284629002,
      "q" : "1.0",
      "p" : "1.1943",
      "s" : "buy",
      "i" : "AKT_USDT",
      "m" : "4611686018428943133"
    }, {
      "d" : "1756448678264682777",
      "t" : 1756448678264,
      "tn" : 1756448678264682777,
      "q" : "1.0",
      "p" : "1.1943",
      "s" : "buy",
      "i" : "AKT_USDT",
      "m" : "4611686018428943132"
    }, {
      "d" : "1756448677827806452",
      "t" : 1756448677827,
      "tn" : 1756448677827806452,
      "q" : "1.0",
      "p" : "1.1941",
      "s" : "buy",
      "i" : "AKT_USDT",
      "m" : "4611686018428943131"
    }, {
      "d" : "1756448677697858667",
      "t" : 1756448677697,
      "tn" : 1756448677697858667,
      "q" : "1.0",
      "p" : "1.1943",
      "s" : "buy",
      "i" : "AKT_USDT",
      "m" : "4611686018428943130"
    }, {
      "d" : "1756446113601645386",
      "t" : 1756446113601,
      "tn" : 1756446113601645386,
      "q" : "59.4",
      "p" : "1.1938",
      "s" : "sell",
      "i" : "AKT_USDT",
      "m" : "4611686018428943129"
    }, {
      "d" : "1756446113601643275",
      "t" : 1756446113601,
      "tn" : 1756446113601643275,
      "q" : "1.0",
      "p" : "1.1959",
      "s" : "sell",
      "i" : "AKT_USDT",
      "m" : "4611686018428943128"
    }, {
      "d" : "1756446061564922540",
      "t" : 1756446061564,
      "tn" : 1756446061564922540,
      "q" : "1.0",
      "p" : "1.1963",
      "s" : "buy",
      "i" : "AKT_USDT",
      "m" : "4611686018428943127"
    }, {
      "d" : "1756446061524750249",
      "t" : 1756446061524,
      "tn" : 1756446061524750249,
      "q" : "1.0",
      "p" : "1.1963",
      "s" : "buy",
      "i" : "AKT_USDT",
      "m" : "4611686018428943126"
    }, {
      "d" : "1756445537529388445",
      "t" : 1756445537529,
      "tn" : 1756445537529388445,
      "q" : "1.0",
      "p" : "1.1972",
      "s" : "sell",
      "i" : "AKT_USDT",
      "m" : "4611686018428943125"
    }, {
      "d" : "1756445536817785264",
      "t" : 1756445536817,
      "tn" : 1756445536817785264,
      "q" : "1.0",
      "p" : "1.1972",
      "s" : "sell",
      "i" : "AKT_USDT",
      "m" : "4611686018428943124"
    }, {
      "d" : "1756445536802655569",
      "t" : 1756445536802,
      "tn" : 1756445536802655569,
      "q" : "1.0",
      "p" : "1.1973",
      "s" : "sell",
      "i" : "AKT_USDT",
      "m" : "4611686018428943123"
    }, {
      "d" : "1756445536702603748",
      "t" : 1756445536702,
      "tn" : 1756445536702603748,
      "q" : "1.0",
      "p" : "1.1972",
      "s" : "sell",
      "i" : "AKT_USDT",
      "m" : "4611686018428943122"
    }, {
      "d" : "1756445536522106186",
      "t" : 1756445536522,
      "tn" : 1756445536522106186,
      "q" : "1.0",
      "p" : "1.1972",
      "s" : "sell",
      "i" : "AKT_USDT",
      "m" : "4611686018428943121"
    }, {
      "d" : "1756445535705321045",
      "t" : 1756445535705,
      "tn" : 1756445535705321045,
      "q" : "1.0",
      "p" : "1.1972",
      "s" : "sell",
      "i" : "AKT_USDT",
      "m" : "4611686018428943120"
    }, {
      "d" : "1756445535564930086",
      "t" : 1756445535564,
      "tn" : 1756445535564930086,
      "q" : "1.0",
      "p" : "1.1972",
      "s" : "sell",
      "i" : "AKT_USDT",
      "m" : "4611686018428943119"
    }, {
      "d" : "1756445535544727127",
      "t" : 1756445535544,
      "tn" : 1756445535544727127,
      "q" : "1.0",
      "p" : "1.1972",
      "s" : "sell",
      "i" : "AKT_USDT",
      "m" : "4611686018428943118"
    }, {
      "d" : "1756445535534728178",
      "t" : 1756445535534,
      "tn" : 1756445535534728178,
      "q" : "1.0",
      "p" : "1.1972",
      "s" : "sell",
      "i" : "AKT_USDT",
      "m" : "4611686018428943117"
    }, {
      "d" : "1756445535424715581",
      "t" : 1756445535424,
      "tn" : 1756445535424715581,
      "q" : "1.0",
      "p" : "1.1973",
      "s" : "sell",
      "i" : "AKT_USDT",
      "m" : "4611686018428943116"
    }, {
      "d" : "1756445535344601634",
      "t" : 1756445535344,
      "tn" : 1756445535344601634,
      "q" : "1.0",
      "p" : "1.1973",
      "s" : "sell",
      "i" : "AKT_USDT",
      "m" : "4611686018428943115"
    }, {
      "d" : "1756445535304547792",
      "t" : 1756445535304,
      "tn" : 1756445535304547792,
      "q" : "1.0",
      "p" : "1.1977",
      "s" : "sell",
      "i" : "AKT_USDT",
      "m" : "4611686018428943114"
    }, {
      "d" : "1756445535289202185",
      "t" : 1756445535289,
      "tn" : 1756445535289202185,
      "q" : "1.0",
      "p" : "1.1977",
      "s" : "sell",
      "i" : "AKT_USDT",
      "m" : "4611686018428943113"
    }, {
      "d" : "1756445507527144884",
      "t" : 1756445507527,
      "tn" : 1756445507527144884,
      "q" : "1.0",
      "p" : "1.1968",
      "s" : "sell",
      "i" : "AKT_USDT",
      "m" : "4611686018428943112"
    }, {
      "d" : "1756445506529742477",
      "t" : 1756445506529,
      "tn" : 1756445506529742477,
      "q" : "1.0",
      "p" : "1.1968",
      "s" : "sell",
      "i" : "AKT_USDT",
      "m" : "4611686018428943111"
    }, {
      "d" : "1756445506284468985",
      "t" : 1756445506284,
      "tn" : 1756445506284468985,
      "q" : "1.0",
      "p" : "1.1968",
      "s" : "sell",
      "i" : "AKT_USDT",
      "m" : "4611686018428943110"
    }, {
      "d" : "1756445506164491995",
      "t" : 1756445506164,
      "tn" : 1756445506164491995,
      "q" : "1.0",
      "p" : "1.1968",
      "s" : "sell",
      "i" : "AKT_USDT",
      "m" : "4611686018428943109"
    }, {
      "d" : "1756445505532476245",
      "t" : 1756445505532,
      "tn" : 1756445505532476245,
      "q" : "1.0",
      "p" : "1.1968",
      "s" : "sell",
      "i" : "AKT_USDT",
      "m" : "4611686018428943108"
    }, {
      "d" : "1756445504672494373",
      "t" : 1756445504672,
      "tn" : 1756445504672494373,
      "q" : "1.0",
      "p" : "1.1968",
      "s" : "sell",
      "i" : "AKT_USDT",
      "m" : "4611686018428943107"
    }, {
      "d" : "1756445451582193009",
      "t" : 1756445451582,
      "tn" : 1756445451582193009,
      "q" : "1.0",
      "p" : "1.1976",
      "s" : "sell",
      "i" : "AKT_USDT",
      "m" : "4611686018428943106"
    }, {
      "d" : "1756445451526983688",
      "t" : 1756445451526,
      "tn" : 1756445451526983688,
      "q" : "1.0",
      "p" : "1.1976",
      "s" : "sell",
      "i" : "AKT_USDT",
      "m" : "4611686018428943105"
    }, {
      "d" : "1756445451482000778",
      "t" : 1756445451482,
      "tn" : 1756445451482000778,
      "q" : "1.0",
      "p" : "1.1976",
      "s" : "sell",
      "i" : "AKT_USDT",
      "m" : "4611686018428943104"
    }, {
      "d" : "1756445451281772777",
      "t" : 1756445451281,
      "tn" : 1756445451281772777,
      "q" : "1.0",
      "p" : "1.1976",
      "s" : "sell",
      "i" : "AKT_USDT",
      "m" : "4611686018428943103"
    }, {
      "d" : "1756445450725153139",
      "t" : 1756445450725,
      "tn" : 1756445450725153139,
      "q" : "1.0",
      "p" : "1.1976",
      "s" : "sell",
      "i" : "AKT_USDT",
      "m" : "4611686018428943102"
    }, {
      "d" : "1756445450711797378",
      "t" : 1756445450711,
      "tn" : 1756445450711797378,
      "q" : "1.0",
      "p" : "1.1976",
      "s" : "sell",
      "i" : "AKT_USDT",
      "m" : "4611686018428943101"
    }, {
      "d" : "1756445374527204617",
      "t" : 1756445374527,
      "tn" : 1756445374527204617,
      "q" : "1.0",
      "p" : "1.1969",
      "s" : "sell",
      "i" : "AKT_USDT",
      "m" : "4611686018428943100"
    }, {
      "d" : "1756445373645246020",
      "t" : 1756445373645,
      "tn" : 1756445373645246020,
      "q" : "1.0",
      "p" : "1.1969",
      "s" : "sell",
      "i" : "AKT_USDT",
      "m" : "4611686018428943099"
    }, {
      "d" : "1756445373529860442",
      "t" : 1756445373529,
      "tn" : 1756445373529860442,
      "q" : "1.0",
      "p" : "1.1969",
      "s" : "sell",
      "i" : "AKT_USDT",
      "m" : "4611686018428943098"
    }, {
      "d" : "1756445373344619551",
      "t" : 1756445373344,
      "tn" : 1756445373344619551,
      "q" : "1.0",
      "p" : "1.1969",
      "s" : "sell",
      "i" : "AKT_USDT",
      "m" : "4611686018428943097"
    }, {
      "d" : "1756445373244649418",
      "t" : 1756445373244,
      "tn" : 1756445373244649418,
      "q" : "1.0",
      "p" : "1.1969",
      "s" : "sell",
      "i" : "AKT_USDT",
      "m" : "4611686018428943096"
    }, {
      "d" : "1756445372622802973",
      "t" : 1756445372622,
      "tn" : 1756445372622802973,
      "q" : "1.0",
      "p" : "1.1969",
      "s" : "sell",
      "i" : "AKT_USDT",
      "m" : "4611686018428943095"
    }, {
      "d" : "1756445372527656442",
      "t" : 1756445372527,
      "tn" : 1756445372527656442,
      "q" : "1.0",
      "p" : "1.1964",
      "s" : "sell",
      "i" : "AKT_USDT",
      "m" : "4611686018428943094"
    }, {
      "d" : "1756445311725004884",
      "t" : 1756445311725,
      "tn" : 1756445311725004884,
      "q" : "1.0",
      "p" : "1.1958",
      "s" : "sell",
      "i" : "AKT_USDT",
      "m" : "4611686018428943093"
    }, {
      "d" : "1756445311714977247",
      "t" : 1756445311714,
      "tn" : 1756445311714977247,
      "q" : "1.0",
      "p" : "1.1958",
      "s" : "sell",
      "i" : "AKT_USDT",
      "m" : "4611686018428943092"
    }, {
      "d" : "1756445311529384798",
      "t" : 1756445311529,
      "tn" : 1756445311529384798,
      "q" : "1.0",
      "p" : "1.1958",
      "s" : "sell",
      "i" : "AKT_USDT",
      "m" : "4611686018428943091"
    }, {
      "d" : "1756445311484479518",
      "t" : 1756445311484,
      "tn" : 1756445311484479518,
      "q" : "1.0",
      "p" : "1.1958",
      "s" : "sell",
      "i" : "AKT_USDT",
      "m" : "4611686018428943090"
    }, {
      "d" : "1756445309244408092",
      "t" : 1756445309244,
      "tn" : 1756445309244408092,
      "q" : "1.0",
      "p" : "1.1958",
      "s" : "sell",
      "i" : "AKT_USDT",
      "m" : "4611686018428943089"
    }, {
      "d" : "1756445309164289172",
      "t" : 1756445309164,
      "tn" : 1756445309164289172,
      "q" : "1.0",
      "p" : "1.1958",
      "s" : "sell",
      "i" : "AKT_USDT",
      "m" : "4611686018428943088"
    }, {
      "d" : "1756445309124388064",
      "t" : 1756445309124,
      "tn" : 1756445309124388064,
      "q" : "1.0",
      "p" : "1.1958",
      "s" : "sell",
      "i" : "AKT_USDT",
      "m" : "4611686018428943087"
    }, {
      "d" : "1756445308883091467",
      "t" : 1756445308883,
      "tn" : 1756445308883091467,
      "q" : "1.0",
      "p" : "1.1958",
      "s" : "sell",
      "i" : "AKT_USDT",
      "m" : "4611686018428943086"
    }, {
      "d" : "1756445308804285289",
      "t" : 1756445308804,
      "tn" : 1756445308804285289,
      "q" : "1.0",
      "p" : "1.1958",
      "s" : "sell",
      "i" : "AKT_USDT",
      "m" : "4611686018428943085"
    }, {
      "d" : "1756445299530936431",
      "t" : 1756445299530,
      "tn" : 1756445299530936431,
      "q" : "1.0",
      "p" : "1.1972",
      "s" : "sell",
      "i" : "AKT_USDT",
      "m" : "4611686018428943084"
    }, {
      "d" : "1756445299485922659",
      "t" : 1756445299485,
      "tn" : 1756445299485922659,
      "q" : "1.0",
      "p" : "1.1972",
      "s" : "sell",
      "i" : "AKT_USDT",
      "m" : "4611686018428943083"
    }, {
      "d" : "1756445299356321951",
      "t" : 1756445299356,
      "tn" : 1756445299356321951,
      "q" : "1.0",
      "p" : "1.1972",
      "s" : "sell",
      "i" : "AKT_USDT",
      "m" : "4611686018428943082"
    }, {
      "d" : "1756445298523661113",
      "t" : 1756445298523,
      "tn" : 1756445298523661113,
      "q" : "1.0",
      "p" : "1.1972",
      "s" : "sell",
      "i" : "AKT_USDT",
      "m" : "4611686018428943081"
    }, {
      "d" : "1756445298303409970",
      "t" : 1756445298303,
      "tn" : 1756445298303409970,
      "q" : "1.0",
      "p" : "1.1972",
      "s" : "sell",
      "i" : "AKT_USDT",
      "m" : "4611686018428943080"
    }, {
      "d" : "1756445298022222363",
      "t" : 1756445298022,
      "tn" : 1756445298022222363,
      "q" : "1.0",
      "p" : "1.1972",
      "s" : "sell",
      "i" : "AKT_USDT",
      "m" : "4611686018428943079"
    }, {
      "d" : "1756445297741815735",
      "t" : 1756445297741,
      "tn" : 1756445297741815735,
      "q" : "1.0",
      "p" : "1.1972",
      "s" : "sell",
      "i" : "AKT_USDT",
      "m" : "4611686018428943078"
    } ]
  }
}