{
  "id" : -1,
  "method" : "public/get-trades",
  "code" : 0,
  "result" : {
    "data" : [ {
      "d" : "1756460053201804570",
      "t" : 1756460053201,
      "tn" : 1756460053201804570,
      "q" : "1.0",
      "p" : "1.1607",
      "s" : "sell",
      "i" : "AKT_USD",
      "m" : "4611686018432086699"
    }, {
      "d" : "1756460041475888953",
      "t" : 1756460041475,
      "tn" : 1756460041475888953,
      "q" : "1.0",
      "p" : "1.1608",
      "s" : "buy",
      "i" : "AKT_USD",
      "m" : "4611686018432086698"
    }, {
      "d" : "1756460037408634636",
      "t" : 1756460037408,
      "tn" : 1756460037408634636,
      "q" : "1.0",
      "p" : "1.1606",
      "s" : "buy",
      "i" : "AKT_USD",
      "m" : "4611686018432086697"
    }, {
      "d" : "1756460037245273132",
      "t" : 1756460037245,
      "tn" : 1756460037245273132,
      "q" : "1.0",
      "p" : "1.1607",
      "s" : "buy",
      "i" : "AKT_USD",
      "m" : "4611686018432086696"
    }, {
      "d" : "1756460035056903623",
      "t" : 1756460035056,
      "tn" : 1756460035056903623,
      "q" : "1.0",
      "p" : "1.1606",
      "s" : "buy",
      "i" : "AKT_USD",
      "m" : "4611686018432086695"
    }, {
      "d" : "1756460034954272930",
      "t" : 1756460034954,
      "tn" : 1756460034954272930,
      "q" : "1.0",
      "p" : "1.1607",
      "s" : "buy",
      "i" : "AKT_USD",
      "m" : "4611686018432086694"
    }, {
      "d" : "1756460019942526540",
      "t" : 1756460019942,
      "tn" : 1756460019942526540,
      "q" : "1.0",
      "p" : "1.1610",
      "s" : "buy",
      "i" : "AKT_USD",
      "m" : "4611686018432086693"
    }, {
      "d" : "1756459994332815205",
      "t" : 1756459994332,
      "tn" : 1756459994332815205,
      "q" : "1.0",
      "p" : "1.1611",
      "s" : "sell",
      "i" : "AKT_USD",
      "m" : "4611686018432086692"
    }, {
      "d" : "1756459994236764149",
      "t" : 1756459994236,
      "tn" : 1756459994236764149,
      "q" : "1.0",
      "p" : "1.1612",
      "s" : "sell",
      "i" : "AKT_USD",
      "m" : "4611686018432086691"
    }, {
      "d" : "1756459993845798371",
      "t" : 1756459993845,
      "tn" : 1756459993845798371,
      "q" : "1.0",
      "p" : "1.1615",
      "s" : "sell",
      "i" : "AKT_USD",
      "m" : "4611686018432086690"
    }, {
      "d" : "1756459986114965246",
      "t" : 1756459986114,
      "tn" : 1756459986114965246,
      "q" : "1.0",
      "p" : "1.1613",
      "s" : "buy",
      "i" : "AKT_USD",
      "m" : "4611686018432086689"
    }, {
      "d" : "1756459955227549869",
      "t" : 1756459955227,
      "tn" : 1756459955227549869,
      "q" : "1.0",
      "p" : "1.1605",
      "s" : "buy",
      "i" : "AKT_USD",
      "m" : "4611686018432086688"
    }, {
      "d" : "1756459945240836730",
      "t" : 1756459945240,
      "tn" : 1756459945240836730,
      "q" : "1.0",
      "p" : "1.1617",
      "s" : "sell",
      "i" : "AKT_USD",
      "m" : "4611686018432086687"
    }, {
      "d" : "1756459945174485412",
      "t" : 1756459945174,
      "tn" : 1756459945174485412,
      "q" : "1.0",
      "p" : "1.1619",
      "s" : "sell",
      "i" : "AKT_USD",
      "m" : "4611686018432086686"
    }, {
      "d" : "1756459915445853610",
      "t" : 1756459915445,
      "tn" : 1756459915445853610,
      "q" : "1.0",
      "p" : "1.1621",
      "s" : "buy",
      "i" : "AKT_USD",
      "m" : "4611686018432086685"
    }, {
      "d" : "1756459905158013105",
      "t" : 1756459905158,
      "tn" : 1756459905158013105,
      "q" : "1.0",
      "p" : "1.1622",
      "s" : "sell",
      "i" : "AKT_USD",
      "m" : "4611686018432086684"
    }, {
      "d" : "1756459883065256395",
      "t" : 1756459883065,
      "tn" : 1756459883065256395,
      "q" : "1.0",
      "p" : "1.1622",
      "s" : "buy",
      "i" : "AKT_USD",
      "m" : "4611686018432086683"
    }, {
      "d" : "1756459880641924640",
      "t" : 1756459880641,
      "tn" : 1756459880641924640,
      "q" : "1.0",
      "p" : "1.1621",
      "s" : "buy",
      "i" : "AKT_USD",
      "m" : "4611686018432086682"
    }, {
      "d" : "1756459877941966626",
      "t" : 1756459877941,
      "tn" : 1756459877941966626,
      "q" : "1.0",
      "p" : "1.1620",
      "s" : "sell",
      "i" : "AKT_USD",
      "m" : "4611686018432086681"
    }, {
      "d" : "1756459873833915830",
      "t" : 1756459873833,
      "tn" : 1756459873833915830,
      "q" : "1.0",
      "p" : "1.1626",
      "s" : "sell",
      "i" : "AKT_USD",
      "m" : "4611686018432086680"
    }, {
      "d" : "1756459798954038749",
      "t" : 1756459798954,
      "tn" : 1756459798954038749,
      "q" : "1.0",
      "p" : "1.1620",
      "s" : "buy",
      "i" : "AKT_USD",
      "m" : "4611686018432086679"
    }, {
      "d" : "1756459798533973435",
      "t" : 1756459798533,
      "tn" : 1756459798533973435,
      "q" : "1.0",
      "p" : "1.1614",
      "s" : "buy",
      "i" : "AKT_USD",
      "m" : "4611686018432086678"
    }, {
      "d" : "1756459756260537047",
      "t" : 1756459756260,
      "tn" : 1756459756260537047,
      "q" : "1.0",
      "p" : "1.1611",
      "s" : "buy",
      "i" : "AKT_USD",
      "m" : "4611686018432086677"
    }, {
      "d" : "1756459746647377095",
      "t" : 1756459746647,
      "tn" : 1756459746647377095,
      "q" : "1.0",
      "p" : "1.1605",
      "s" : "buy",
      "i" : "AKT_USD",
      "m" : "4611686018432086676"
    }, {
      "d" : "1756459745386475164",
      "t" : 1756459745386,
      "tn" : 1756459745386475164,
      "q" : "1.0",
      "p" : "1.1606",
      "s" : "buy",
      "i" : "AKT_USD",
      "m" : "4611686018432086675"
    }, {
      "d" : "1756459699545703330",
      "t" : 1756459699545,
      "tn" : 1756459699545703330,
      "q" : "1.0",
      "p" : "1.1603",
      "s" : "buy",
      "i" : "AKT_USD",
      "m" : "4611686018432086674"
    }, {
      "d" : "1756459684462702173",
      "t" : 1756459684462,
      "tn" : 1756459684462702173,
      "q" : "1.0",
      "p" : "1.1601",
      "s" : "buy",
      "i" : "AKT_USD",
      "m" : "4611686018432086673"
    }, {
      "d" : "1756459650548073521",
      "t" : 1756459650548,
      "tn" : 1756459650548073521,
      "q" : "1.0",
      "p" : "1.1587",
      "s" : "buy",
      "i" : "AKT_USD",
      "m" : "4611686018432086672"
    }, {
      "d" : "1756459650365783434",
      "t" : 1756459650365,
      "tn" : 1756459650365783434,
      "q" : "1.0",
      "p" : "1.1588",
      "s" : "buy",
      "i" : "AKT_USD",
      "m" : "4611686018432086671"
    }, {
      "d" : "1756459649536023862",
      "t" : 1756459649536,
      "tn" : 1756459649536023862,
      "q" : "1.0",
      "p" : "1.1587",
      "s" : "buy",
      "i" : "AKT_USD",
      "m" : "4611686018432086670"
    }, {
      "d" : "1756459647904687527",
      "t" : 1756459647904,
      "tn" : 1756459647904687527,
      "q" : "1.0",
      "p" : "1.1591",
      "s" : "buy",
      "i" : "AKT_USD",
      "m" : "4611686018432086669"
    }, {
      "d" : "1756459647875161659",
      "t" : 1756459647875,
      "tn" : 1756459647875161659,
      "q" : "1.0",
      "p" : "1.1590",
      "s" : "buy",
      "i" : "AKT_USD",
      "m" : "4611686018432086668"
    }, {
      "d" : "1756459645290464873",
      "t" : 1756459645290,
      "tn" : 1756459645290464873,
      "q" : "1.0",
      "p" : "1.1598",
      "s" : "sell",
      "i" : "AKT_USD",
      "m" : "4611686018432086667"
    }, {
      "d" : "1756459644983138972",
      "t" : 1756459644983,
      "tn" : 1756459644983138972,
      "q" : "1.0",
      "p" : "1.1599",
      "s" : "buy",
      "i" : "AKT_USD",
      "m" : "4611686018432086666"
    }, {
      "d" : "1756459640748354890",
      "t" : 1756459640748,
      "tn" : 1756459640748354890,
      "q" : "1.0",
      "p" : "1.1601",
      "s" : "sell",
      "i" : "AKT_USD",
      "m" : "4611686018432086665"
    }, {
      "d" : "1756459639925404892",
      "t" : 1756459639925,
      "tn" : 1756459639925404892,
      "q" : "1.0",
      "p" : "1.1605",
      "s" : "sell",
      "i" : "AKT_USD",
      "m" : "4611686018432086664"
    }, {
      "d" : "1756459606021789731",
      "t" : 1756459606021,
      "tn" : 1756459606021789731,
      "q" : "1.0",
      "p" : "1.1605",
      "s" : "sell",
      "i" : "AKT_USD",
      "m" : "4611686018432086663"
    }, {
      "d" : "1756459601704308468",
      "t" : 1756459601704,
      "tn" : 1756459601704308468,
      "q" : "1.0",
      "p" : "1.1616",
      "s" : "sell",
      "i" : "AKT_USD",
      "m" : "4611686018432086662"
    }, {
      "d" : "1756459560425942990",
      "t" : 1756459560425,
      "tn" : 1756459560425942990,
      "q" : "1.0",
      "p" : "1.1615",
      "s" : "buy",
      "i" : "AKT_USD",
      "m" : "4611686018432086661"
    }, {
      "d" : "1756459559474774174",
      "t" : 1756459559474,
      "tn" : 1756459559474774174,
      "q" : "1.0",
      "p" : "1.1616",
      "s" : "buy",
      "i" : "AKT_USD",
      "m" : "4611686018432086660"
    }, {
      "d" : "1756459552545114389",
      "t" : 1756459552545,
      "tn" : 1756459552545114389,
      "q" : "1.0",
      "p" : "1.1606",
      "s" : "buy",
      "i" : "AKT_USD",
      "m" : "4611686018432086659"
    }, {
      "d" : "1756459551854720306",
      "t" : 1756459551854,
      "tn" : 1756459551854720306,
      "q" : "1.0",
      "p" : "1.1605",
      "s" : "buy",
      "i" : "AKT_USD",
      "m" : "4611686018432086658"
    }, {
      "d" : "1756459549820855009",
      "t" : 1756459549820,
      "tn" : 1756459549820855009,
      "q" : "1.0",
      "p" : "1.1606",
      "s" : "buy",
      "i" : "AKT_USD",
      "m" : "4611686018432086657"
    }, {
      "d" : "1756459549470610082",
      "t" : 1756459549470,
      "tn" : 1756459549470610082,
      "q" : "1.0",
      "p" : "1.1604",
      "s" : "buy",
      "i" : "AKT_USD",
      "m" : "4611686018432086656"
    }, {
      "d" : "1756459547281020753",
      "t" : 1756459547281,
      "tn" : 1756459547281020753,
      "q" : "1.0",
      "p" : "1.1605",
      "s" : "buy",
      "i" : "AKT_USD",
      "m" : "4611686018432086655"
    }, {
      "d" : "1756459546772805091",
      "t" : 1756459546772,
      "tn" : 1756459546772805091,
      "q" : "1.0",
      "p" : "1.1604",
      "s" : "buy",
      "i" : "AKT_USD",
      "m" : "4611686018432086654"
    }, {
      "d" : "1756459545758771391",
      "t" : 1756459545758,
      "tn" : 1756459545758771391,
      "q" : "1.0",
      "p" : "1.1605",
      "s" : "buy",
      "i" : "AKT_USD",
      "m" : "4611686018432086653"
    }, {
      "d" : "1756459545595011468",
      "t" : 1756459545595,
      "tn" : 1756459545595011468,
      "q" : "1.0",
      "p" : "1.1604",
      "s" : "buy",
      "i" : "AKT_USD",
      "m" : "4611686018432086652"
    }, {
      "d" : "1756459540651368062",
      "t" : 1756459540651,
      "tn" : 1756459540651368062,
      "q" : "1.0",
      "p" : "1.1603",
      "s" : "buy",
      "i" : "AKT_USD",
      "m" : "4611686018432086651"
    }, {
      "d" : "1756459519896855021",
      "t" : 1756459519896,
      "tn" : 1756459519896855021,
      "q" : "1.0",
      "p" : "1.1597",
      "s" : "sell",
      "i" : "AKT_USD",
      "m" : "4611686018432086650"
    }, {
      "d" : "1756459511424392818",
      "t" : 1756459511424,
      "tn" : 1756459511424392818,
      "q" : "1.0",
      "p" : "1.1599",
      "s" : "buy",
      "i" : "AKT_USD",
      "m" : "4611686018432086649"
    }, {
      "d" : "1756459507916545086",
      "t" : 1756459507916,
      "tn" : 1756459507916545086,
      "q" : "1.0",
      "p" : "1.1604",
      "s" : "sell",
      "i" : "AKT_USD",
      "m" : "4611686018432086648"
    }, {
      "d" : "1756459507724230874",
      "t" : 1756459507724,
      "tn" : 1756459507724230874,
      "q" : "1.0",
      "p" : "1.1608",
      "s" : "sell",
      "i" : "AKT_USD",
      "m" : "4611686018432086647"
    }, {
      "d" : "1756459505481898881",
      "t" : 1756459505481,
      "tn" : 1756459505481898881,
      "q" : "1.0",
      "p" : "1.1613",
      "s" : "sell",
      "i" : "AKT_USD",
      "m" : "4611686018432086646"
    }, {
      "d" : "1756459498190475538",
      "t" : 1756459498190,
      "tn" : 1756459498190475538,
      "q" : "1.0",
      "p" : "1.1608",
      "s" : "buy",
      "i" : "AKT_USD",
      "m" : "4611686018432086645"
    }, {
      "d" : "1756459475971586627",
      "t" : 1756459475971,
      "tn" : 1756459475971586627,
      "q" : "1.0",
      "p" : "1.1615",
      "s" : "sell",
      "i" : "AKT_USD",
      "m" : "4611686018432086644"
    }, {
      "d" : "1756459422810557546",
      "t" : 1756459422810,
      "tn" : 1756459422810557546,
      "q" : "1.0",
      "p" : "1.1616",
      "s" : "sell",
      "i" : "AKT_USD",
      "m" : "4611686018432086643"
    }, {
      "d" : "1756459421764467703",
      "t" : 1756459421764,
      "tn" : 1756459421764467703,
      "q" : "1.0",
      "p" : "1.1618",
      "s" : "sell",
      "i" : "AKT_USD",
      "m" : "4611686018432086642"
    }, {
      "d" : "1756459420250702286",
      "t" : 1756459420250,
      "tn" : 1756459420250702286,
      "q" : "1.0",
      "p" : "1.1622",
      "s" : "sell",
      "i" : "AKT_USD",
      "m" : "4611686018432086641"
    }, {
      "d" : "1756459419661903527",
      "t" : 1756459419661,
      "tn" : 1756459419661903527,
      "q" : "1.0",
      "p" : "1.1624",
      "s" : "sell",
      "i" : "AKT_USD",
      "m" : "4611686018432086640"
    }, {
      "d" : "1756459413002399549",
      "t" : 1756459413002,
      "tn" : 1756459413002399549,
      "q" : "1.0",
      "p" : "1.1621",
      "s" : "buy",
      "i" : "AKT_USD",
      "m" : "4611686018432086639"
    }, {
      "d" : "1756459392568851123",
      "t" : 1756459392568,
      "tn" : 1756459392568851123,
      "q" : "1.0",
      "p" : "1.1620",
      "s" : "buy",
      "i" : "AKT_USD",
      "m" : "4611686018432086638"
    }, {
      "d" : "1756459391556774322",
      "t" : 1756459391556,
      "tn" : 1756459391556774322,
      "q" : "1.0",
      "p" : "1.1619",
      "s" : "buy",
      "i" : "AKT_USD",
      "m" : "4611686018432086637"
    }, {
      "d" : "1756459380614463225",
      "t" : 1756459380614,
      "tn" : 1756459380614463225,
      "q" : "1.0",
      "p" : "1.1620",
      "s" : "buy",
      "i" : "AKT_USD",
      "m" : "4611686018432086636"
    }, {
      "d" : "1756459379614170589",
      "t" : 1756459379614,
      "tn" : 1756459379614170589,
      "q" : "1.0",
      "p" : "1.1621",
      "s" : "buy",
      "i" : "AKT_USD",
      "m" : "4611686018432086635"
    }, {
      "d" : "1756459374538029576",
      "t" : 1756459374538,
      "tn" : 1756459374538029576,
      "q" : "1.0",
      "p" : "1.1620",
      "s" : "buy",
      "i" : "AKT_USD",
      "m" : "4611686018432086634"
    }, {
      "d" : "1756459373482272314",
      "t" : 1756459373482,
      "tn" : 1756459373482272314,
      "q" : "1.0",
      "p" : "1.1621",
      "s" : "buy",
      "i" : "AKT_USD",
      "m" : "4611686018432086633"
    }, {
      "d" : "1756459369561893808",
      "t" : 1756459369561,
      "tn" : 1756459369561893808,
      "q" : "1.0",
      "p" : "1.1620",
      "s" : "buy",
      "i" : "AKT_USD",
      "m" : "4611686018432086632"
    }, {
      "d" : "1756459367441211045",
      "t" : 1756459367441,
      "tn" : 1756459367441211045,
      "q" : "1.0",
      "p" : "1.1621",
      "s" : "buy",
      "i" : "AKT_USD",
      "m" : "4611686018432086631"
    }, {
      "d" : "1756459366425505397",
      "t" : 1756459366425,
      "tn" : 1756459366425505397,
      "q" : "1.0",
      "p" : "1.1620",
      "s" : "buy",
      "i" : "AKT_USD",
      "m" : "4611686018432086630"
    }, {
      "d" : "1756459365909107397",
      "t" : 1756459365909,
      "tn" : 1756459365909107397,
      "q" : "1.0",
      "p" : "1.1621",
      "s" : "buy",
      "i" : "AKT_USD",
      "m" : "4611686018432086629"
    }, {
      "d" : "1756459363713935935",
      "t" : 1756459363713,
      "tn" : 1756459363713935935,
      "q" : "1.0",
      "p" : "1.1619",
      "s" : "buy",
      "i" : "AKT_USD",
      "m" : "4611686018432086628"
    }, {
      "d" : "1756459363669752820",
      "t" : 1756459363669,
      "tn" : 1756459363669752820,
      "q" : "1.0",
      "p" : "1.1620",
      "s" : "buy",
      "i" : "AKT_USD",
      "m" : "4611686018432086627"
    }, {
      "d" : "1756459361447920696",
      "t" : 1756459361447,
      "tn" : 1756459361447920696,
      "q" : "1.0",
      "p" : "1.1619",
      "s" : "buy",
      "i" : "AKT_USD",
      "m" : "4611686018432086626"
    }, {
      "d" : "1756459358297058077",
      "t" : 1756459358297,
      "tn" : 1756459358297058077,
      "q" : "1.0",
      "p" : "1.1620",
      "s" : "buy",
      "i" : "AKT_USD",
      "m" : "4611686018432086625"
    }, {
      "d" : "1756459357564706608",
      "t" : 1756459357564,
      "tn" : 1756459357564706608,
      "q" : "1.0",
      "p" : "1.1618",
      "s" : "buy",
      "i" : "AKT_USD",
      "m" : "4611686018432086624"
    }, {
      "d" : "1756459357399804308",
      "t" : 1756459357399,
      "tn" : 1756459357399804308,
      "q" : "1.0",
      "p" : "1.1617",
      "s" : "buy",
      "i" : "AKT_USD",
      "m" : "4611686018432086623"
    }, {
      "d" : "1756459357058065312",
      "t" : 1756459357058,
      "tn" : 1756459357058065312,
      "q" : "1.0",
      "p" : "1.1616",
      "s" : "buy",
      "i" : "AKT_USD",
      "m" : "4611686018432086622"
    }, {
      "d" : "1756459356819886789",
      "t" : 1756459356819,
      "tn" : 1756459356819886789,
      "q" : "1.0",
      "p" : "1.1608",
      "s" : "buy",
      "i" : "AKT_USD",
      "m" : "4611686018432086621"
    }, {
      "d" : "1756459349237202675",
      "t" : 1756459349237,
      "tn" : 1756459349237202675,
      "q" : "1.0",
      "p" : "1.1606",
      "s" : "buy",
      "i" : "AKT_USD",
      "m" : "4611686018432086620"
    }, {
      "d" : "1756459348132241354",
      "t" : 1756459348132,
      "tn" : 1756459348132241354,
      "q" : "1.0",
      "p" : "1.1605",
      "s" : "buy",
      "i" : "AKT_USD",
      "m" : "4611686018432086619"
    }, {
      "d" : "1756459347452153888",
      "t" : 1756459347452,
      "tn" : 1756459347452153888,
      "q" : "1.0",
      "p" : "1.1608",
      "s" : "buy",
      "i" : "AKT_USD",
      "m" : "4611686018432086618"
    }, {
      "d" : "1756459346067693728",
      "t" : 1756459346067,
      "tn" : 1756459346067693728,
      "q" : "1.0",
      "p" : "1.1606",
      "s" : "buy",
      "i" : "AKT_USD",
      "m" : "4611686018432086617"
    }, {
      "d" : "1756459344445875519",
      "t" : 1756459344445,
      "tn" : 1756459344445875519,
      "q" : "1.0",
      "p" : "1.1619",
      "s" : "sell",
      "i" : "AKT_USD",
      "m" : "4611686018432086616"
    }, {
      "d" : "1756459335390215541",
      "t" : 1756459335390,
      "tn" : 1756459335390215541,
      "q" : "1.0",
      "p" : "1.1618",
      "s" : "sell",
      "i" : "AKT_USD",
      "m" : "4611686018432086615"
    }, {
      "d" : "1756459291535181544",
      "t" : 1756459291535,
      "tn" : 1756459291535181544,
      "q" : "1.0",
      "p" : "1.1621",
      "s" : "sell",
      "i" : "AKT_USD",
      "m" : "4611686018432086614"
    }, {
      "d" : "1756459278868341151",
      "t" : 1756459278868,
      "tn" : 1756459278868341151,
      "q" : "1.0",
      "p" : "1.1620",
      "s" : "buy",
      "i" : "AKT_USD",
      "m" : "4611686018432086613"
    }, {
      "d" : "1756459258061958567",
      "t" : 1756459258061,
      "tn" : 1756459258061958567,
      "q" : "1.0",
      "p" : "1.1623",
      "s" : "buy",
      "i" : "AKT_USD",
      "m" : "4611686018432086612"
    }, {
      "d" : "1756459254865523171",
      "t" : 1756459254865,
      "tn" : 1756459254865523171,
      "q" : "1.0",
      "p" : "1.1623",
      "s" : "buy",
      "i" : "AKT_USD",
      "m" : "4611686018432086611"
    }, {
      "d" : "1756459248468702374",
      "t" : 1756459248468,
      "tn" : 1756459248468702374,
      "q" : "1.0",
      "p" : "1.1621",
      "s" : "buy",
      "i" : "AKT_USD",
      "m" : "4611686018432086610"
    }, {
      "d" : "1756459244915157910",
      "t" : 1756459244915,
      "tn" : 1756459244915157910,
      "q" : "1.0",
      "p" : "1.1622",
      "s" : "buy",
      "i" : "AKT_USD",
      "m" : "4611686018432086609"
    }, {
      "d" : "1756459242606061437",
      "t" : 1756459242606,
      "tn" : 1756459242606061437,
      "q" : "1.0",
      "p" : "1.1621",
      "s" : "buy",
      "i" : "AKT_USD",
      "m" : "4611686018432086608"
    }, {
      "d" : "1756459241593321402",
      "t" : 1756459241593,
      "tn" : 1756459241593321402,
      "q" : "1.0",
      "p" : "1.1623",
      "s" : "buy",
      "i" : "AKT_USD",
      "m" : "4611686018432086607"
    }, {
      "d" : "1756459238551929724",
      "t" : 1756459238551,
      "tn" : 1756459238551929724,
      "q" : "1.0",
      "p" : "1.1622",
      "s" : "buy",
      "i" : "AKT_USD",
      "m" : "4611686018432086606"
    }, {
      "d" : "1756459236137467829",
      "t" : 1756459236137,
      "tn" : 1756459236137467829,
      "q" : "1.0",
      "p" : "1.1621",
      "s" : "buy",
      "i" : "AKT_USD",
      "m" : "4611686018432086605"
    }, {
      "d" : "1756459235885036971",
      "t" : 1756459235885,
      "tn" : 1756459235885036971,
      "q" : "1.0",
      "p" : "1.1623",
      "s" : "buy",
      "i" : "AKT_USD",
      "m" : "4611686018432086604"
    }, {
      "d" : "1756459232594618129",
      "t" : 1756459232594,
      "tn" : 1756459232594618129,
      "q" : "1.0",
      "p" : "1.1621",
      "s" : "buy",
      "i" : "AKT_USD",
      "m" : "4611686018432086603"
    }, {
      "d" : "1756459230439121003",
      "t" : 1756459230439,
      "tn" : 1756459230439121003,
      "q" : "1.0",
      "p" : "1.1619",
      "s" : "buy",
      "i" : "AKT_USD",
      "m" : "4611686018432086602"
    }, {
      "d" : "1756459229424428872",
      "t" : 1756459229424,
      "tn" : 1756459229424428872,
      "q" : "1.0",
      "p" : "1.1621",
      "s" : "buy",
      "i" : "AKT_USD",
      "m" : "4611686018432086601"
    }, {
      "d" : "1756459227639599160",
      "t" : 1756459227639,
      "tn" : 1756459227639599160,
      "q" : "1.0",
      "p" : "1.1620",
      "s" : "buy",
      "i" : "AKT_USD",
      "m" : "4611686018432086600"
    }, {
      "d" : "1756459227397117298",
      "t" : 1756459227397,
      "tn" : 1756459227397117298,
      "q" : "1.0",
      "p" : "1.1619",
      "s" : "buy",
      "i" : "AKT_USD",
      "m" : "4611686018432086599"
    }, {
      "d" : "1756459226622749163",
      "t" : 1756459226622,
      "tn" : 1756459226622749163,
      "q" : "1.0",
      "p" : "1.1621",
      "s" : "buy",
      "i" : "AKT_USD",
      "m" : "4611686018432086598"
    }, {
      "d" : "1756459225851733277",
      "t" : 1756459225851,
      "tn" : 1756459225851733277,
      "q" : "1.0",
      "p" : "1.1620",
      "s" : "buy",
      "i" : "AKT_USD",
      "m" : "4611686018432086597"
    }, {
      "d" : "1756459225213397857",
      "t" : 1756459225213,
      "tn" : 1756459225213397857,
      "q" : "1.0",
      "p" : "1.1619",
      "s" : "buy",
      "i" : "AKT_USD",
      "m" : "4611686018432086596"
    }, {
      "d" : "1756459217542542528",
      "t" : 1756459217542,
      "tn" : 1756459217542542528,
      "q" : "1.0",
      "p" : "1.1620",
      "s" : "buy",
      "i" : "AKT_USD",
      "m" : "4611686018432086595"
    }, {
      "d" : "1756459216653150312",
      "t" : 1756459216653,
      "tn" : 1756459216653150312,
      "q" : "1.0",
      "p" : "1.1619",
      "s" : "buy",
      "i" : "AKT_USD",
      "m" : "4611686018432086594"
    }, {
      "d" : "1756459214545840805",
      "t" : 1756459214545,
      "tn" : 1756459214545840805,
      "q" : "1.0",
      "p" : "1.1621",
      "s" : "buy",
      "i" : "AKT_USD",
      "m" : "4611686018432086593"
    }, {
      "d" : "1756459213526928492",
      "t" : 1756459213526,
      "tn" : 1756459213526928492,
      "q" : "1.0",
      "p" : "1.1620",
      "s" : "buy",
      "i" : "AKT_USD",
      "m" : "4611686018432086592"
    }, {
      "d" : "1756459213204450990",
      "t" : 1756459213204,
      "tn" : 1756459213204450990,
      "q" : "1.0",
      "p" : "1.1619",
      "s" : "buy",
      "i" : "AKT_USD",
      "m" : "4611686018432086591"
    }, {
      "d" : "1756459213110011504",
      "t" : 1756459213110,
      "tn" : 1756459213110011504,
      "q" : "1.0",
      "p" : "1.1621",
      "s" : "buy",
      "i" : "AKT_USD",
      "m" : "4611686018432086590"
    }, {
      "d" : "1756459212698992997",
      "t" : 1756459212698,
      "tn" : 1756459212698992997,
      "q" : "1.0",
      "p" : "1.1622",
      "s" : "buy",
      "i" : "AKT_USD",
      "m" : "4611686018432086589"
    }, {
      "d" : "1756459212193662221",
      "t" : 1756459212193,
      "tn" : 1756459212193662221,
      "q" : "1.0",
      "p" : "1.1621",
      "s" : "buy",
      "i" : "AKT_USD",
      "m" : "4611686018432086588"
    }, {
      "d" : "1756459212107783859",
      "t" : 1756459212107,
      "tn" : 1756459212107783859,
      "q" : "1.0",
      "p" : "1.1620",
      "s" : "buy",
      "i" : "AKT_USD",
      "m" : "4611686018432086587"
    }, {
      "d" : "1756459211977643249",
      "t" : 1756459211977,
      "tn" : 1756459211977643249,
      "q" : "1.0",
      "p" : "1.1618",
      "s" : "buy",
      "i" : "AKT_USD",
      "m" : "4611686018432086586"
    }, {
      "d" : "1756459203495446963",
      "t" : 1756459203495,
      "tn" : 1756459203495446963,
      "q" : "1.0",
      "p" : "1.1617",
      "s" : "buy",
      "i" : "AKT_USD",
      "m" : "4611686018432086585"
    }, {
      "d" : "1756459201694892876",
      "t" : 1756459201694,
      "tn" : 1756459201694892876,
      "q" : "1.0",
      "p" : "1.1616",
      "s" : "buy",
      "i" : "AKT_USD",
      "m" : "4611686018432086584"
    }, {
      "d" : "1756459192083611615",
      "t" : 1756459192083,
      "tn" : 1756459192083611615,
      "q" : "1.0",
      "p" : "1.1617",
      "s" : "buy",
      "i" : "AKT_USD",
      "m" : "4611686018432086583"
    }, {
      "d" : "1756459191407461318",
      "t" : 1756459191407,
      "tn" : 1756459191407461318,
      "q" : "1.0",
      "p" : "1.1616",
      "s" : "buy",
      "i" : "AKT_USD",
      "m" : "4611686018432086582"
    }, {
      "d" : "1756459191335596051",
      "t" : 1756459191335,
      "tn" : 1756459191335596051,
      "q" : "1.0",
      "p" : "1.1613",
      "s" : "buy",
      "i" : "AKT_USD",
      "m" : "4611686018432086581"
    }, {
      "d" : "1756459173082408214",
      "t" : 1756459173082,
      "tn" : 1756459173082408214,
      "q" : "1.0",
      "p" : "1.1610",
      "s" : "sell",
      "i" : "AKT_USD",
      "m" : "4611686018432086580"
    }, {
      "d" : "1756459169572208052",
      "t" : 1756459169572,
      "tn" : 1756459169572208052,
      "q" : "1.0",
      "p" : "1.1611",
      "s" : "buy",
      "i" : "AKT_USD",
      "m" : "4611686018432086579"
    }, {
      "d" : "1756459167555827603",
      "t" : 1756459167555,
      "tn" : 1756459167555827603,
      "q" : "1.0",
      "p" : "1.1610",
      "s" : "buy",
      "i" : "AKT_USD",
      "m" : "4611686018432086578"
    }, {
      "d" : "1756459157925253111",
      "t" : 1756459157925,
      "tn" : 1756459157925253111,
      "q" : "1.0",
      "p" : "1.1609",
      "s" : "buy",
      "i" : "AKT_USD",
      "m" : "4611686018432086577"
    }, {
      "d" : "1756459157609228606",
      "t" : 1756459157609,
      "tn" : 1756459157609228606,
      "q" : "1.0",
      "p" : "1.1607",
      "s" : "buy",
      "i" : "AKT_USD",
      "m" : "4611686018432086576"
    }, {
      "d" : "1756459131710946374",
      "t" : 1756459131710,
      "tn" : 1756459131710946374,
      "q" : "1.0",
      "p" : "1.1605",
      "s" : "sell",
      "i" : "AKT_USD",
      "m" : "4611686018432086575"
    }, {
      "d" : "1756459122572908923",
      "t" : 1756459122572,
      "tn" : 1756459122572908923,
      "q" : "1.0",
      "p" : "1.1609",
      "s" : "sell",
      "i" : "AKT_USD",
      "m" : "4611686018432086574"
    }, {
      "d" : "1756459104542947323",
      "t" : 1756459104542,
      "tn" : 1756459104542947323,
      "q" : "1.0",
      "p" : "1.1608",
      "s" : "buy",
      "i" : "AKT_USD",
      "m" : "4611686018432086573"
    }, {
      "d" : "1756459103763550905",
      "t" : 1756459103763,
      "tn" : 1756459103763550905,
      "q" : "1.0",
      "p" : "1.1606",
      "s" : "buy",
      "i" : "AKT_USD",
      "m" : "4611686018432086572"
    }, {
      "d" : "1756459102242746192",
      "t" : 1756459102242,
      "tn" : 1756459102242746192,
      "q" : "1.0",
      "p" : "1.1602",
      "s" : "buy",
      "i" : "AKT_USD",
      "m" : "4611686018432086571"
    }, {
      "d" : "1756459100720872500",
      "t" : 1756459100720,
      "tn" : 1756459100720872500,
      "q" : "1.0",
      "p" : "1.1603",
      "s" : "buy",
      "i" : "AKT_USD",
      "m" : "4611686018432086570"
    }, {
      "d" : "1756459096664676243",
      "t" : 1756459096664,
      "tn" : 1756459096664676243,
      "q" : "1.0",
      "p" : "1.1598",
      "s" : "buy",
      "i" : "AKT_USD",
      "m" : "4611686018432086569"
    }, {
      "d" : "1756459086319682645",
      "t" : 1756459086319,
      "tn" : 1756459086319682645,
      "q" : "1.0",
      "p" : "1.1599",
      "s" : "buy",
      "i" : "AKT_USD",
      "m" : "4611686018432086568"
    }, {
      "d" : "1756459085781844035",
      "t" : 1756459085781,
      "tn" : 1756459085781844035,
      "q" : "1.0",
      "p" : "1.1598",
      "s" : "buy",
      "i" : "AKT_USD",
      "m" : "4611686018432086567"
    }, {
      "d" : "1756459083478859736",
      "t" : 1756459083478,
      "tn" : 1756459083478859736,
      "q" : "1.0",
      "p" : "1.1592",
      "s" : "buy",
      "i" : "AKT_USD",
      "m" : "4611686018432086566"
    }, {
      "d" : "1756459083272503029",
      "t" : 1756459083272,
      "tn" : 1756459083272503029,
      "q" : "1.0",
      "p" : "1.1599",
      "s" : "sell",
      "i" : "AKT_USD",
      "m" : "4611686018432086565"
    }, {
      "d" : "1756459082820780520",
      "t" : 1756459082820,
      "tn" : 1756459082820780520,
      "q" : "1.0",
      "p" : "1.1599",
      "s" : "buy",
      "i" : "AKT_USD",
      "m" : "4611686018432086564"
    }, {
      "d" : "1756459082241248498",
      "t" : 1756459082241,
      "tn" : 1756459082241248498,
      "q" : "1.0",
      "p" : "1.1595",
      "s" : "buy",
      "i" : "AKT_USD",
      "m" : "4611686018432086563"
    }, {
      "d" : "1756459039269808176",
      "t" : 1756459039269,
      "tn" : 1756459039269808176,
      "q" : "1.0",
      "p" : "1.1594",
      "s" : "sell",
      "i" : "AKT_USD",
      "m" : "4611686018432086562"
    }, {
      "d" : "1756459038933815699",
      "t" : 1756459038933,
      "tn" : 1756459038933815699,
      "q" : "1.0",
      "p" : "1.1597",
      "s" : "sell",
      "i" : "AKT_USD",
      "m" : "4611686018432086561"
    }, {
      "d" : "1756459037909009715",
      "t" : 1756459037909,
      "tn" : 1756459037909009715,
      "q" : "1.0",
      "p" : "1.1594",
      "s" : "buy",
      "i" : "AKT_USD",
      "m" : "4611686018432086560"
    }, {
      "d" : "1756459027336046034",
      "t" : 1756459027336,
      "tn" : 1756459027336046034,
      "q" : "1.0",
      "p" : "1.1590",
      "s" : "buy",
      "i" : "AKT_USD",
      "m" : "4611686018432086559"
    }, {
      "d" : "1756459025539679177",
      "t" : 1756459025539,
      "tn" : 1756459025539679177,
      "q" : "1.0",
      "p" : "1.1596",
      "s" : "sell",
      "i" : "AKT_USD",
      "m" : "4611686018432086558"
    }, {
      "d" : "1756459025376786780",
      "t" : 1756459025376,
      "tn" : 1756459025376786780,
      "q" : "1.0",
      "p" : "1.1599",
      "s" : "sell",
      "i" : "AKT_USD",
      "m" : "4611686018432086557"
    }, {
      "d" : "1756459017001956891",
      "t" : 1756459017001,
      "tn" : 1756459017001956891,
      "q" : "1.0",
      "p" : "1.1595",
      "s" : "buy",
      "i" : "AKT_USD",
      "m" : "4611686018432086556"
    }, {
      "d" : "1756458995788554336",
      "t" : 1756458995788,
      "tn" : 1756458995788554336,
      "q" : "1.0",
      "p" : "1.1588",
      "s" : "sell",
      "i" : "AKT_USD",
      "m" : "4611686018432086555"
    }, {
      "d" : "1756458979256072907",
      "t" : 1756458979256,
      "tn" : 1756458979256072907,
      "q" : "1.0",
      "p" : "1.1586",
      "s" : "buy",
      "i" : "AKT_USD",
      "m" : "4611686018432086554"
    }, {
      "d" : "1756458978357355298",
      "t" : 1756458978357,
      "tn" : 1756458978357355298,
      "q" : "1.0",
      "p" : "1.1585",
      "s" : "buy",
      "i" : "AKT_USD",
      "m" : "4611686018432086553"
    }, {
      "d" : "1756458968421839484",
      "t" : 1756458968421,
      "tn" : 1756458968421839484,
      "q" : "1.0",
      "p" : "1.1588",
      "s" : "buy",
      "i" : "AKT_USD",
      "m" : "4611686018432086552"
    }, {
      "d" : "1756458967352769743",
      "t" : 1756458967352,
      "tn" : 1756458967352769743,
      "q" : "1.0",
      "p" : "1.1586",
      "s" : "buy",
      "i" : "AKT_USD",
      "m" : "4611686018432086551"
    }, {
      "d" : "1756458949114828720",
      "t" : 1756458949114,
      "tn" : 1756458949114828720,
      "q" : "1.0",
      "p" : "1.1578",
      "s" : "buy",
      "i" : "AKT_USD",
      "m" : "4611686018432086550"
    } ]
  }
}