{
  "id" : -1,
  "method" : "public/get-trades",
  "code" : 0,
  "result" : {
    "data" : [ {
      "d" : "1756458752502920644",
      "t" : 1756458752502,
      "tn" : 1756458752502920644,
      "q" : "14.40",
      "p" : "9.749",
      "s" : "buy",
      "i" : "ALCX_USD",
      "m" : "4611686018429831422"
    }, {
      "d" : "1756458717080283354",
      "t" : 1756458717080,
      "tn" : 1756458717080283354,
      "q" : "14.86",
      "p" : "9.720",
      "s" : "buy",
      "i" : "ALCX_USD",
      "m" : "4611686018429831421"
    }, {
      "d" : "1756458717080280817",
      "t" : 1756458717080,
      "tn" : 1756458717080280817,
      "q" : "27.46",
      "p" : "9.719",
      "s" : "buy",
      "i" : "ALCX_USD",
      "m" : "4611686018429831420"
    }, {
      "d" : "1756458151462317750",
      "t" : 1756458151462,
      "tn" : 1756458151462317750,
      "q" : "21.83",
      "p" : "9.687",
      "s" : "sell",
      "i" : "ALCX_USD",
      "m" : "4611686018429831419"
    }, {
      "d" : "1756458149027917208",
      "t" : 1756458149027,
      "tn" : 1756458149027917208,
      "q" : "2.48",
      "p" : "9.704",
      "s" : "buy",
      "i" : "ALCX_USD",
      "m" : "4611686018429831418"
    }, {
      "d" : "1756458149025583189",
      "t" : 1756458149025,
      "tn" : 1756458149025583189,
      "q" : "2.00",
      "p" : "9.704",
      "s" : "buy",
      "i" : "ALCX_USD",
      "m" : "4611686018429831417"
    }, {
      "d" : "1756458149002025973",
      "t" : 1756458149002,
      "tn" : 1756458149002025973,
      "q" : "93.16",
      "p" : "9.720",
      "s" : "sell",
      "i" : "ALCX_USD",
      "m" : "4611686018429831416"
    }, {
      "d" : "1756455223810806867",
      "t" : 1756455223810,
      "tn" : 1756455223810806867,
      "q" : "4.42",
      "p" : "9.872",
      "s" : "sell",
      "i" : "ALCX_USD",
      "m" : "4611686018429831415"
    }, {
      "d" : "1756454672757131601",
      "t" : 1756454672757,
      "tn" : 1756454672757131601,
      "q" : "14.25",
      "p" : "9.912",
      "s" : "sell",
      "i" : "ALCX_USD",
      "m" : "4611686018429831414"
    }, {
      "d" : "1756454672757127014",
      "t" : 1756454672757,
      "tn" : 1756454672757127014,
      "q" : "26.86",
      "p" : "9.913",
      "s" : "sell",
      "i" : "ALCX_USD",
      "m" : "4611686018429831413"
    }, {
      "d" : "1756453254242468609",
      "t" : 1756453254242,
      "tn" : 1756453254242468609,
      "q" : "1.11",
      "p" : "9.980",
      "s" : "buy",
      "i" : "ALCX_USD",
      "m" : "4611686018429831412"
    }, {
      "d" : "1756451637342264939",
      "t" : 1756451637342,
      "tn" : 1756451637342264939,
      "q" : "14.47",
      "p" : "10.042",
      "s" : "sell",
      "i" : "ALCX_USD",
      "m" : "4611686018429831411"
    }, {
      "d" : "1756451632466201712",
      "t" : 1756451632466,
      "tn" : 1756451632466201712,
      "q" : "14.31",
      "p" : "10.055",
      "s" : "sell",
      "i" : "ALCX_USD",
      "m" : "4611686018429831410"
    }, {
      "d" : "1756451566111089945",
      "t" : 1756451566111,
      "tn" : 1756451566111089945,
      "q" : "2.31",
      "p" : "10.063",
      "s" : "buy",
      "i" : "ALCX_USD",
      "m" : "4611686018429831409"
    }, {
      "d" : "1756451565861713663",
      "t" : 1756451565861,
      "tn" : 1756451565861713663,
      "q" : "1.08",
      "p" : "10.054",
      "s" : "buy",
      "i" : "ALCX_USD",
      "m" : "4611686018429831408"
    }, {
      "d" : "1756451565854225196",
      "t" : 1756451565854,
      "tn" : 1756451565854225196,
      "q" : "3.39",
      "p" : "10.054",
      "s" : "buy",
      "i" : "ALCX_USD",
      "m" : "4611686018429831407"
    }, {
      "d" : "1756451565844327690",
      "t" : 1756451565844,
      "tn" : 1756451565844327690,
      "q" : "5.21",
      "p" : "10.054",
      "s" : "buy",
      "i" : "ALCX_USD",
      "m" : "4611686018429831406"
    }, {
      "d" : "1756451565835084120",
      "t" : 1756451565835,
      "tn" : 1756451565835084120,
      "q" : "5.21",
      "p" : "10.054",
      "s" : "buy",
      "i" : "ALCX_USD",
      "m" : "4611686018429831405"
    }, {
      "d" : "1756449593749274381",
      "t" : 1756449593749,
      "tn" : 1756449593749274381,
      "q" : "11.21",
      "p" : "10.110",
      "s" : "sell",
      "i" : "ALCX_USD",
      "m" : "4611686018429831404"
    }, {
      "d" : "1756448125673005076",
      "t" : 1756448125673,
      "tn" : 1756448125673005076,
      "q" : "3.38",
      "p" : "10.129",
      "s" : "sell",
      "i" : "ALCX_USD",
      "m" : "4611686018429831403"
    }, {
      "d" : "1756447098126116274",
      "t" : 1756447098126,
      "tn" : 1756447098126116274,
      "q" : "5.33",
      "p" : "10.177",
      "s" : "sell",
      "i" : "ALCX_USD",
      "m" : "4611686018429831402"
    }, {
      "d" : "1756447094866572912",
      "t" : 1756447094866,
      "tn" : 1756447094866572912,
      "q" : "14.68",
      "p" : "10.176",
      "s" : "sell",
      "i" : "ALCX_USD",
      "m" : "4611686018429831401"
    }, {
      "d" : "1756441109079981850",
      "t" : 1756441109079,
      "tn" : 1756441109079981850,
      "q" : "9.57",
      "p" : "10.248",
      "s" : "sell",
      "i" : "ALCX_USD",
      "m" : "4611686018429831400"
    }, {
      "d" : "1756439305640734706",
      "t" : 1756439305640,
      "tn" : 1756439305640734706,
      "q" : "7.31",
      "p" : "10.290",
      "s" : "sell",
      "i" : "ALCX_USD",
      "m" : "4611686018429831399"
    }, {
      "d" : "1756439302407465842",
      "t" : 1756439302407,
      "tn" : 1756439302407465842,
      "q" : "14.31",
      "p" : "10.292",
      "s" : "sell",
      "i" : "ALCX_USD",
      "m" : "4611686018429831398"
    }, {
      "d" : "1756438871940304624",
      "t" : 1756438871940,
      "tn" : 1756438871940304624,
      "q" : "8.74",
      "p" : "10.293",
      "s" : "buy",
      "i" : "ALCX_USD",
      "m" : "4611686018429831397"
    }, {
      "d" : "1756438871920970936",
      "t" : 1756438871920,
      "tn" : 1756438871920970936,
      "q" : "8.74",
      "p" : "10.293",
      "s" : "buy",
      "i" : "ALCX_USD",
      "m" : "4611686018429831396"
    }, {
      "d" : "1756438793886822266",
      "t" : 1756438793886,
      "tn" : 1756438793886822266,
      "q" : "5.79",
      "p" : "10.293",
      "s" : "buy",
      "i" : "ALCX_USD",
      "m" : "4611686018429831395"
    }, {
      "d" : "1756430049344225339",
      "t" : 1756430049344,
      "tn" : 1756430049344225339,
      "q" : "2.52",
      "p" : "10.262",
      "s" : "buy",
      "i" : "ALCX_USD",
      "m" : "4611686018429831394"
    }, {
      "d" : "1756428850655216042",
      "t" : 1756428850655,
      "tn" : 1756428850655216042,
      "q" : "7.30",
      "p" : "10.283",
      "s" : "buy",
      "i" : "ALCX_USD",
      "m" : "4611686018429831393"
    }, {
      "d" : "1756428475215900012",
      "t" : 1756428475215,
      "tn" : 1756428475215900012,
      "q" : "19.55",
      "p" : "10.282",
      "s" : "buy",
      "i" : "ALCX_USD",
      "m" : "4611686018429831392"
    }, {
      "d" : "1756421399019791711",
      "t" : 1756421399019,
      "tn" : 1756421399019791711,
      "q" : "14.63",
      "p" : "10.279",
      "s" : "sell",
      "i" : "ALCX_USD",
      "m" : "4611686018429831391"
    }, {
      "d" : "1756416843317917455",
      "t" : 1756416843317,
      "tn" : 1756416843317917455,
      "q" : "4.95",
      "p" : "10.096",
      "s" : "buy",
      "i" : "ALCX_USD",
      "m" : "4611686018429831390"
    }, {
      "d" : "1756416843245299247",
      "t" : 1756416843245,
      "tn" : 1756416843245299247,
      "q" : "8.91",
      "p" : "10.096",
      "s" : "buy",
      "i" : "ALCX_USD",
      "m" : "4611686018429831389"
    }, {
      "d" : "1756416842317995423",
      "t" : 1756416842317,
      "tn" : 1756416842317995423,
      "q" : "5.94",
      "p" : "10.095",
      "s" : "buy",
      "i" : "ALCX_USD",
      "m" : "4611686018429831388"
    }, {
      "d" : "1756416842242458447",
      "t" : 1756416842242,
      "tn" : 1756416842242458447,
      "q" : "8.92",
      "p" : "10.095",
      "s" : "buy",
      "i" : "ALCX_USD",
      "m" : "4611686018429831387"
    }, {
      "d" : "1756416841904367174",
      "t" : 1756416841904,
      "tn" : 1756416841904367174,
      "q" : "3.86",
      "p" : "10.153",
      "s" : "buy",
      "i" : "ALCX_USD",
      "m" : "4611686018429831386"
    }, {
      "d" : "1756416841904365624",
      "t" : 1756416841904,
      "tn" : 1756416841904365624,
      "q" : "0.50",
      "p" : "10.094",
      "s" : "buy",
      "i" : "ALCX_USD",
      "m" : "4611686018429831385"
    }, {
      "d" : "1756416841891537902",
      "t" : 1756416841891,
      "tn" : 1756416841891537902,
      "q" : "4.95",
      "p" : "10.094",
      "s" : "buy",
      "i" : "ALCX_USD",
      "m" : "4611686018429831384"
    }, {
      "d" : "1756416841871407721",
      "t" : 1756416841871,
      "tn" : 1756416841871407721,
      "q" : "8.92",
      "p" : "10.094",
      "s" : "buy",
      "i" : "ALCX_USD",
      "m" : "4611686018429831383"
    }, {
      "d" : "1756416841650461674",
      "t" : 1756416841650,
      "tn" : 1756416841650461674,
      "q" : "8.91",
      "p" : "10.102",
      "s" : "buy",
      "i" : "ALCX_USD",
      "m" : "4611686018429831382"
    }, {
      "d" : "1756416841456409558",
      "t" : 1756416841456,
      "tn" : 1756416841456409558,
      "q" : "4.95",
      "p" : "10.098",
      "s" : "buy",
      "i" : "ALCX_USD",
      "m" : "4611686018429831381"
    }, {
      "d" : "1756416841439742353",
      "t" : 1756416841439,
      "tn" : 1756416841439742353,
      "q" : "8.91",
      "p" : "10.098",
      "s" : "buy",
      "i" : "ALCX_USD",
      "m" : "4611686018429831380"
    }, {
      "d" : "1756416841233484961",
      "t" : 1756416841233,
      "tn" : 1756416841233484961,
      "q" : "2.48",
      "p" : "10.095",
      "s" : "buy",
      "i" : "ALCX_USD",
      "m" : "4611686018429831379"
    }, {
      "d" : "1756416841218017190",
      "t" : 1756416841218,
      "tn" : 1756416841218017190,
      "q" : "8.92",
      "p" : "10.095",
      "s" : "buy",
      "i" : "ALCX_USD",
      "m" : "4611686018429831378"
    }, {
      "d" : "1756416841203157237",
      "t" : 1756416841203,
      "tn" : 1756416841203157236,
      "q" : "2.89",
      "p" : "10.095",
      "s" : "buy",
      "i" : "ALCX_USD",
      "m" : "4611686018429831377"
    }, {
      "d" : "1756416841203157236",
      "t" : 1756416841203,
      "tn" : 1756416841203157236,
      "q" : "0.08",
      "p" : "10.095",
      "s" : "buy",
      "i" : "ALCX_USD",
      "m" : "4611686018429831377"
    }, {
      "d" : "1756416840722344624",
      "t" : 1756416840722,
      "tn" : 1756416840722344624,
      "q" : "1.33",
      "p" : "10.095",
      "s" : "sell",
      "i" : "ALCX_USD",
      "m" : "4611686018429831376"
    }, {
      "d" : "1756416840722292155",
      "t" : 1756416840722,
      "tn" : 1756416840722292155,
      "q" : "2.12",
      "p" : "10.095",
      "s" : "sell",
      "i" : "ALCX_USD",
      "m" : "4611686018429831375"
    }, {
      "d" : "1756416840586381095",
      "t" : 1756416840586,
      "tn" : 1756416840586381095,
      "q" : "1.38",
      "p" : "10.095",
      "s" : "buy",
      "i" : "ALCX_USD",
      "m" : "4611686018429831374"
    }, {
      "d" : "1756416840574905982",
      "t" : 1756416840574,
      "tn" : 1756416840574905982,
      "q" : "1.58",
      "p" : "10.095",
      "s" : "sell",
      "i" : "ALCX_USD",
      "m" : "4611686018429831373"
    }, {
      "d" : "1756416840240815543",
      "t" : 1756416840240,
      "tn" : 1756416840240815543,
      "q" : "14.59",
      "p" : "10.096",
      "s" : "buy",
      "i" : "ALCX_USD",
      "m" : "4611686018429831372"
    }, {
      "d" : "1756416839992015416",
      "t" : 1756416839992,
      "tn" : 1756416839992015416,
      "q" : "4.46",
      "p" : "10.160",
      "s" : "buy",
      "i" : "ALCX_USD",
      "m" : "4611686018429831371"
    }, {
      "d" : "1756416839753340158",
      "t" : 1756416839753,
      "tn" : 1756416839753340158,
      "q" : "14.38",
      "p" : "10.096",
      "s" : "buy",
      "i" : "ALCX_USD",
      "m" : "4611686018429831370"
    }, {
      "d" : "1756416839427798975",
      "t" : 1756416839427,
      "tn" : 1756416839427798975,
      "q" : "5.63",
      "p" : "10.096",
      "s" : "buy",
      "i" : "ALCX_USD",
      "m" : "4611686018429831369"
    }, {
      "d" : "1756416839425567752",
      "t" : 1756416839425,
      "tn" : 1756416839425567752,
      "q" : "8.91",
      "p" : "10.096",
      "s" : "buy",
      "i" : "ALCX_USD",
      "m" : "4611686018429831368"
    }, {
      "d" : "1756416839212503759",
      "t" : 1756416839212,
      "tn" : 1756416839212503759,
      "q" : "14.62",
      "p" : "10.102",
      "s" : "buy",
      "i" : "ALCX_USD",
      "m" : "4611686018429831367"
    }, {
      "d" : "1756415375942415512",
      "t" : 1756415375942,
      "tn" : 1756415375942415512,
      "q" : "4.93",
      "p" : "10.100",
      "s" : "sell",
      "i" : "ALCX_USD",
      "m" : "4611686018429831366"
    }, {
      "d" : "1756415147111910300",
      "t" : 1756415147111,
      "tn" : 1756415147111910300,
      "q" : "4.00",
      "p" : "10.086",
      "s" : "sell",
      "i" : "ALCX_USD",
      "m" : "4611686018429831365"
    }, {
      "d" : "1756415146945148683",
      "t" : 1756415146945,
      "tn" : 1756415146945148683,
      "q" : "172.00",
      "p" : "10.087",
      "s" : "buy",
      "i" : "ALCX_USD",
      "m" : "4611686018429831364"
    }, {
      "d" : "1756415146938897178",
      "t" : 1756415146938,
      "tn" : 1756415146938897178,
      "q" : "24.00",
      "p" : "10.087",
      "s" : "sell",
      "i" : "ALCX_USD",
      "m" : "4611686018429831363"
    }, {
      "d" : "1756412854622182232",
      "t" : 1756412854622,
      "tn" : 1756412854622182232,
      "q" : "8.96",
      "p" : "10.111",
      "s" : "buy",
      "i" : "ALCX_USD",
      "m" : "4611686018429831362"
    }, {
      "d" : "1756411732596400471",
      "t" : 1756411732596,
      "tn" : 1756411732596400471,
      "q" : "7.15",
      "p" : "10.077",
      "s" : "buy",
      "i" : "ALCX_USD",
      "m" : "4611686018429831361"
    }, {
      "d" : "1756411186128853959",
      "t" : 1756411186128,
      "tn" : 1756411186128853959,
      "q" : "1.58",
      "p" : "10.041",
      "s" : "buy",
      "i" : "ALCX_USD",
      "m" : "4611686018429831360"
    }, {
      "d" : "1756411186078439498",
      "t" : 1756411186078,
      "tn" : 1756411186078439498,
      "q" : "5.08",
      "p" : "10.041",
      "s" : "buy",
      "i" : "ALCX_USD",
      "m" : "4611686018429831359"
    }, {
      "d" : "1756411186076095538",
      "t" : 1756411186076,
      "tn" : 1756411186076095538,
      "q" : "4.85",
      "p" : "10.041",
      "s" : "buy",
      "i" : "ALCX_USD",
      "m" : "4611686018429831358"
    }, {
      "d" : "1756411186053338263",
      "t" : 1756411186053,
      "tn" : 1756411186053338263,
      "q" : "95.79",
      "p" : "10.045",
      "s" : "sell",
      "i" : "ALCX_USD",
      "m" : "4611686018429831357"
    }, {
      "d" : "1756411186053335438",
      "t" : 1756411186053,
      "tn" : 1756411186053335438,
      "q" : "14.58",
      "p" : "10.078",
      "s" : "sell",
      "i" : "ALCX_USD",
      "m" : "4611686018429831356"
    }, {
      "d" : "1756409256366580728",
      "t" : 1756409256366,
      "tn" : 1756409256366580728,
      "q" : "5.56",
      "p" : "10.145",
      "s" : "sell",
      "i" : "ALCX_USD",
      "m" : "4611686018429831355"
    }, {
      "d" : "1756403110792168063",
      "t" : 1756403110792,
      "tn" : 1756403110792168063,
      "q" : "2.37",
      "p" : "10.220",
      "s" : "buy",
      "i" : "ALCX_USD",
      "m" : "4611686018429831354"
    }, {
      "d" : "1756400655571961367",
      "t" : 1756400655571,
      "tn" : 1756400655571961367,
      "q" : "9.67",
      "p" : "10.190",
      "s" : "buy",
      "i" : "ALCX_USD",
      "m" : "4611686018429831353"
    }, {
      "d" : "1756398932292827260",
      "t" : 1756398932292,
      "tn" : 1756398932292827260,
      "q" : "3.03",
      "p" : "10.279",
      "s" : "buy",
      "i" : "ALCX_USD",
      "m" : "4611686018429831352"
    }, {
      "d" : "1756398606591360524",
      "t" : 1756398606591,
      "tn" : 1756398606591360524,
      "q" : "2.40",
      "p" : "10.289",
      "s" : "buy",
      "i" : "ALCX_USD",
      "m" : "4611686018429831351"
    }, {
      "d" : "1756390751967320355",
      "t" : 1756390751967,
      "tn" : 1756390751967320355,
      "q" : "11.00",
      "p" : "10.424",
      "s" : "buy",
      "i" : "ALCX_USD",
      "m" : "4611686018429831350"
    }, {
      "d" : "1756388067596897541",
      "t" : 1756388067596,
      "tn" : 1756388067596897541,
      "q" : "5.49",
      "p" : "10.376",
      "s" : "sell",
      "i" : "ALCX_USD",
      "m" : "4611686018429831349"
    }, {
      "d" : "1756387224664221028",
      "t" : 1756387224664,
      "tn" : 1756387224664221028,
      "q" : "1.50",
      "p" : "10.364",
      "s" : "sell",
      "i" : "ALCX_USD",
      "m" : "4611686018429831348"
    }, {
      "d" : "1756387032711444657",
      "t" : 1756387032711,
      "tn" : 1756387032711444657,
      "q" : "1.44",
      "p" : "10.343",
      "s" : "sell",
      "i" : "ALCX_USD",
      "m" : "4611686018429831347"
    }, {
      "d" : "1756387029596903083",
      "t" : 1756387029596,
      "tn" : 1756387029596903083,
      "q" : "1.06",
      "p" : "10.344",
      "s" : "sell",
      "i" : "ALCX_USD",
      "m" : "4611686018429831346"
    }, {
      "d" : "1756385290324022146",
      "t" : 1756385290324,
      "tn" : 1756385290324022146,
      "q" : "14.58",
      "p" : "10.353",
      "s" : "sell",
      "i" : "ALCX_USD",
      "m" : "4611686018429831345"
    }, {
      "d" : "1756383537819243589",
      "t" : 1756383537819,
      "tn" : 1756383537819243589,
      "q" : "10.00",
      "p" : "10.338",
      "s" : "sell",
      "i" : "ALCX_USD",
      "m" : "4611686018429831344"
    }, {
      "d" : "1756383087504234603",
      "t" : 1756383087504,
      "tn" : 1756383087504234603,
      "q" : "25.25",
      "p" : "10.318",
      "s" : "sell",
      "i" : "ALCX_USD",
      "m" : "4611686018429831343"
    }, {
      "d" : "1756383082630647593",
      "t" : 1756383082630,
      "tn" : 1756383082630647593,
      "q" : "0.99",
      "p" : "10.319",
      "s" : "sell",
      "i" : "ALCX_USD",
      "m" : "4611686018429831342"
    }, {
      "d" : "1756383078002918799",
      "t" : 1756383078002,
      "tn" : 1756383078002918799,
      "q" : "1.17",
      "p" : "10.318",
      "s" : "sell",
      "i" : "ALCX_USD",
      "m" : "4611686018429831341"
    }, {
      "d" : "1756383074286753101",
      "t" : 1756383074286,
      "tn" : 1756383074286753101,
      "q" : "14.95",
      "p" : "10.321",
      "s" : "sell",
      "i" : "ALCX_USD",
      "m" : "4611686018429831340"
    }, {
      "d" : "1756383069265270896",
      "t" : 1756383069265,
      "tn" : 1756383069265270896,
      "q" : "14.55",
      "p" : "10.323",
      "s" : "sell",
      "i" : "ALCX_USD",
      "m" : "4611686018429831339"
    }, {
      "d" : "1756383064196148220",
      "t" : 1756383064196,
      "tn" : 1756383064196148219,
      "q" : "14.56",
      "p" : "10.324",
      "s" : "sell",
      "i" : "ALCX_USD",
      "m" : "4611686018429831338"
    }, {
      "d" : "1756383064196148219",
      "t" : 1756383064196,
      "tn" : 1756383064196148219,
      "q" : "5.06",
      "p" : "10.324",
      "s" : "sell",
      "i" : "ALCX_USD",
      "m" : "4611686018429831338"
    }, {
      "d" : "1756383059197119837",
      "t" : 1756383059197,
      "tn" : 1756383059197119837,
      "q" : "1.45",
      "p" : "10.325",
      "s" : "sell",
      "i" : "ALCX_USD",
      "m" : "4611686018429831337"
    }, {
      "d" : "1756383054692596857",
      "t" : 1756383054692,
      "tn" : 1756383054692596857,
      "q" : "2.02",
      "p" : "10.324",
      "s" : "sell",
      "i" : "ALCX_USD",
      "m" : "4611686018429831336"
    }, {
      "d" : "1756382494961132739",
      "t" : 1756382494961,
      "tn" : 1756382494961132739,
      "q" : "10.57",
      "p" : "10.315",
      "s" : "sell",
      "i" : "ALCX_USD",
      "m" : "4611686018429831335"
    }, {
      "d" : "1756378880948707607",
      "t" : 1756378880948,
      "tn" : 1756378880948707607,
      "q" : "3.27",
      "p" : "10.393",
      "s" : "sell",
      "i" : "ALCX_USD",
      "m" : "4611686018429831334"
    } ]
  }
}