{
  "id" : -1,
  "method" : "public/get-trades",
  "code" : 0,
  "result" : {
    "data" : [ {
      "d" : "1756460087810686539",
      "t" : 1756460087810,
      "tn" : 1756460087810686539,
      "q" : "5",
      "p" : "0.23555",
      "s" : "buy",
      "i" : "ALGO_USDT",
      "m" : "4611686018431819359"
    }, {
      "d" : "1756460053945612524",
      "t" : 1756460053945,
      "tn" : 1756460053945612524,
      "q" : "813",
      "p" : "0.23557",
      "s" : "sell",
      "i" : "ALGO_USDT",
      "m" : "4611686018431819358"
    }, {
      "d" : "1756460053945610092",
      "t" : 1756460053945,
      "tn" : 1756460053945610092,
      "q" : "5",
      "p" : "0.23565",
      "s" : "sell",
      "i" : "ALGO_USDT",
      "m" : "4611686018431819357"
    }, {
      "d" : "1756459991873063682",
      "t" : 1756459991873,
      "tn" : 1756459991873063682,
      "q" : "5",
      "p" : "0.23594",
      "s" : "sell",
      "i" : "ALGO_USDT",
      "m" : "4611686018431819356"
    }, {
      "d" : "1756459951961299618",
      "t" : 1756459951961,
      "tn" : 1756459951961299618,
      "q" : "180",
      "p" : "0.23579",
      "s" : "sell",
      "i" : "ALGO_USDT",
      "m" : "4611686018431819355"
    }, {
      "d" : "1756459951929596815",
      "t" : 1756459951929,
      "tn" : 1756459951929596815,
      "q" : "573",
      "p" : "0.23559",
      "s" : "buy",
      "i" : "ALGO_USDT",
      "m" : "4611686018431819354"
    }, {
      "d" : "1756459951928280446",
      "t" : 1756459951928,
      "tn" : 1756459951928280446,
      "q" : "1298",
      "p" : "0.23542",
      "s" : "buy",
      "i" : "ALGO_USDT",
      "m" : "4611686018431819353"
    }, {
      "d" : "1756459951928278437",
      "t" : 1756459951928,
      "tn" : 1756459951928278437,
      "q" : "180",
      "p" : "0.23541",
      "s" : "buy",
      "i" : "ALGO_USDT",
      "m" : "4611686018431819352"
    }, {
      "d" : "1756459948760972561",
      "t" : 1756459948760,
      "tn" : 1756459948760972561,
      "q" : "5",
      "p" : "0.23524",
      "s" : "sell",
      "i" : "ALGO_USDT",
      "m" : "4611686018431819351"
    }, {
      "d" : "1756459945263891265",
      "t" : 1756459945263,
      "tn" : 1756459945263891265,
      "q" : "5",
      "p" : "0.23534",
      "s" : "sell",
      "i" : "ALGO_USDT",
      "m" : "4611686018431819350"
    }, {
      "d" : "1756459878430494735",
      "t" : 1756459878430,
      "tn" : 1756459878430494735,
      "q" : "5",
      "p" : "0.23574",
      "s" : "sell",
      "i" : "ALGO_USDT",
      "m" : "4611686018431819349"
    }, {
      "d" : "1756459876910588959",
      "t" : 1756459876910,
      "tn" : 1756459876910588959,
      "q" : "949",
      "p" : "0.23572",
      "s" : "sell",
      "i" : "ALGO_USDT",
      "m" : "4611686018431819348"
    }, {
      "d" : "1756459876910587035",
      "t" : 1756459876910,
      "tn" : 1756459876910587035,
      "q" : "5",
      "p" : "0.23574",
      "s" : "sell",
      "i" : "ALGO_USDT",
      "m" : "4611686018431819347"
    }, {
      "d" : "1756459875040101139",
      "t" : 1756459875040,
      "tn" : 1756459875040101139,
      "q" : "5",
      "p" : "0.23594",
      "s" : "sell",
      "i" : "ALGO_USDT",
      "m" : "4611686018431819346"
    }, {
      "d" : "1756459846238913203",
      "t" : 1756459846238,
      "tn" : 1756459846238913203,
      "q" : "5",
      "p" : "0.23614",
      "s" : "sell",
      "i" : "ALGO_USDT",
      "m" : "4611686018431819345"
    }, {
      "d" : "1756459839145503411",
      "t" : 1756459839145,
      "tn" : 1756459839145503411,
      "q" : "44",
      "p" : "0.23630",
      "s" : "buy",
      "i" : "ALGO_USDT",
      "m" : "4611686018431819344"
    }, {
      "d" : "1756459839145501478",
      "t" : 1756459839145,
      "tn" : 1756459839145501478,
      "q" : "5",
      "p" : "0.23615",
      "s" : "buy",
      "i" : "ALGO_USDT",
      "m" : "4611686018431819343"
    }, {
      "d" : "1756459814518119133",
      "t" : 1756459814518,
      "tn" : 1756459814518119133,
      "q" : "5",
      "p" : "0.23624",
      "s" : "sell",
      "i" : "ALGO_USDT",
      "m" : "4611686018431819342"
    }, {
      "d" : "1756459813636251882",
      "t" : 1756459813636,
      "tn" : 1756459813636251882,
      "q" : "5",
      "p" : "0.23624",
      "s" : "sell",
      "i" : "ALGO_USDT",
      "m" : "4611686018431819341"
    }, {
      "d" : "1756459809530699122",
      "t" : 1756459809530,
      "tn" : 1756459809530699122,
      "q" : "5",
      "p" : "0.23634",
      "s" : "sell",
      "i" : "ALGO_USDT",
      "m" : "4611686018431819340"
    }, {
      "d" : "1756459807090125698",
      "t" : 1756459807090,
      "tn" : 1756459807090125698,
      "q" : "5",
      "p" : "0.23654",
      "s" : "sell",
      "i" : "ALGO_USDT",
      "m" : "4611686018431819339"
    }, {
      "d" : "1756459668753308583",
      "t" : 1756459668753,
      "tn" : 1756459668753308583,
      "q" : "5",
      "p" : "0.23634",
      "s" : "sell",
      "i" : "ALGO_USDT",
      "m" : "4611686018431819338"
    }, {
      "d" : "1756459668550232854",
      "t" : 1756459668550,
      "tn" : 1756459668550232854,
      "q" : "5",
      "p" : "0.23634",
      "s" : "sell",
      "i" : "ALGO_USDT",
      "m" : "4611686018431819337"
    }, {
      "d" : "1756459638409784094",
      "t" : 1756459638409,
      "tn" : 1756459638409784094,
      "q" : "5",
      "p" : "0.23624",
      "s" : "sell",
      "i" : "ALGO_USDT",
      "m" : "4611686018431819336"
    }, {
      "d" : "1756459631368009795",
      "t" : 1756459631368,
      "tn" : 1756459631368009795,
      "q" : "5",
      "p" : "0.23624",
      "s" : "sell",
      "i" : "ALGO_USDT",
      "m" : "4611686018431819335"
    }, {
      "d" : "1756459624762706039",
      "t" : 1756459624762,
      "tn" : 1756459624762706039,
      "q" : "5",
      "p" : "0.23634",
      "s" : "sell",
      "i" : "ALGO_USDT",
      "m" : "4611686018431819334"
    }, {
      "d" : "1756459624600987898",
      "t" : 1756459624600,
      "tn" : 1756459624600987898,
      "q" : "5",
      "p" : "0.23634",
      "s" : "sell",
      "i" : "ALGO_USDT",
      "m" : "4611686018431819333"
    }, {
      "d" : "1756459611400200650",
      "t" : 1756459611400,
      "tn" : 1756459611400200650,
      "q" : "5",
      "p" : "0.23644",
      "s" : "sell",
      "i" : "ALGO_USDT",
      "m" : "4611686018431819332"
    }, {
      "d" : "1756459611160490910",
      "t" : 1756459611160,
      "tn" : 1756459611160490910,
      "q" : "5",
      "p" : "0.23644",
      "s" : "sell",
      "i" : "ALGO_USDT",
      "m" : "4611686018431819331"
    }, {
      "d" : "1756459605175086540",
      "t" : 1756459605175,
      "tn" : 1756459605175086540,
      "q" : "5",
      "p" : "0.23634",
      "s" : "sell",
      "i" : "ALGO_USDT",
      "m" : "4611686018431819330"
    }, {
      "d" : "1756459605018313544",
      "t" : 1756459605018,
      "tn" : 1756459605018313544,
      "q" : "5",
      "p" : "0.23644",
      "s" : "sell",
      "i" : "ALGO_USDT",
      "m" : "4611686018431819329"
    }, {
      "d" : "1756459604749260337",
      "t" : 1756459604749,
      "tn" : 1756459604749260337,
      "q" : "5",
      "p" : "0.23644",
      "s" : "sell",
      "i" : "ALGO_USDT",
      "m" : "4611686018431819328"
    }, {
      "d" : "1756459603271132606",
      "t" : 1756459603271,
      "tn" : 1756459603271132606,
      "q" : "5",
      "p" : "0.23654",
      "s" : "sell",
      "i" : "ALGO_USDT",
      "m" : "4611686018431819327"
    }, {
      "d" : "1756459603249194080",
      "t" : 1756459603249,
      "tn" : 1756459603249194080,
      "q" : "5",
      "p" : "0.23654",
      "s" : "sell",
      "i" : "ALGO_USDT",
      "m" : "4611686018431819326"
    }, {
      "d" : "1756459603145298543",
      "t" : 1756459603145,
      "tn" : 1756459603145298543,
      "q" : "5",
      "p" : "0.23654",
      "s" : "sell",
      "i" : "ALGO_USDT",
      "m" : "4611686018431819325"
    }, {
      "d" : "1756459601469947660",
      "t" : 1756459601469,
      "tn" : 1756459601469947660,
      "q" : "5",
      "p" : "0.23664",
      "s" : "sell",
      "i" : "ALGO_USDT",
      "m" : "4611686018431819324"
    }, {
      "d" : "1756459601405838755",
      "t" : 1756459601405,
      "tn" : 1756459601405838755,
      "q" : "5",
      "p" : "0.23664",
      "s" : "sell",
      "i" : "ALGO_USDT",
      "m" : "4611686018431819323"
    }, {
      "d" : "1756459507591280651",
      "t" : 1756459507591,
      "tn" : 1756459507591280651,
      "q" : "5",
      "p" : "0.23634",
      "s" : "sell",
      "i" : "ALGO_USDT",
      "m" : "4611686018431819322"
    }, {
      "d" : "1756459505973852110",
      "t" : 1756459505973,
      "tn" : 1756459505973852110,
      "q" : "5",
      "p" : "0.23644",
      "s" : "sell",
      "i" : "ALGO_USDT",
      "m" : "4611686018431819321"
    }, {
      "d" : "1756459505252507080",
      "t" : 1756459505252,
      "tn" : 1756459505252507080,
      "q" : "5",
      "p" : "0.23654",
      "s" : "sell",
      "i" : "ALGO_USDT",
      "m" : "4611686018431819320"
    }, {
      "d" : "1756459475984321219",
      "t" : 1756459475984,
      "tn" : 1756459475984321219,
      "q" : "5",
      "p" : "0.23644",
      "s" : "sell",
      "i" : "ALGO_USDT",
      "m" : "4611686018431819319"
    }, {
      "d" : "1756459468289092267",
      "t" : 1756459468289,
      "tn" : 1756459468289092267,
      "q" : "369",
      "p" : "0.23632",
      "s" : "sell",
      "i" : "ALGO_USDT",
      "m" : "4611686018431819318"
    }, {
      "d" : "1756459468286010621",
      "t" : 1756459468286,
      "tn" : 1756459468286010621,
      "q" : "5",
      "p" : "0.23654",
      "s" : "sell",
      "i" : "ALGO_USDT",
      "m" : "4611686018431819317"
    }, {
      "d" : "1756459468198056334",
      "t" : 1756459468198,
      "tn" : 1756459468198056334,
      "q" : "5",
      "p" : "0.23654",
      "s" : "sell",
      "i" : "ALGO_USDT",
      "m" : "4611686018431819316"
    }, {
      "d" : "1756459452429177122",
      "t" : 1756459452429,
      "tn" : 1756459452429177122,
      "q" : "5",
      "p" : "0.23654",
      "s" : "sell",
      "i" : "ALGO_USDT",
      "m" : "4611686018431819315"
    }, {
      "d" : "1756459421865266708",
      "t" : 1756459421865,
      "tn" : 1756459421865266708,
      "q" : "5",
      "p" : "0.23674",
      "s" : "sell",
      "i" : "ALGO_USDT",
      "m" : "4611686018431819314"
    }, {
      "d" : "1756459421764792545",
      "t" : 1756459421764,
      "tn" : 1756459421764792545,
      "q" : "5",
      "p" : "0.23674",
      "s" : "sell",
      "i" : "ALGO_USDT",
      "m" : "4611686018431819313"
    }, {
      "d" : "1756459421666820034",
      "t" : 1756459421666,
      "tn" : 1756459421666820034,
      "q" : "5",
      "p" : "0.23674",
      "s" : "sell",
      "i" : "ALGO_USDT",
      "m" : "4611686018431819312"
    }, {
      "d" : "1756459421171868762",
      "t" : 1756459421171,
      "tn" : 1756459421171868762,
      "q" : "5",
      "p" : "0.23674",
      "s" : "sell",
      "i" : "ALGO_USDT",
      "m" : "4611686018431819311"
    }, {
      "d" : "1756459401666919961",
      "t" : 1756459401666,
      "tn" : 1756459401666919961,
      "q" : "5",
      "p" : "0.23684",
      "s" : "sell",
      "i" : "ALGO_USDT",
      "m" : "4611686018431819310"
    }, {
      "d" : "1756459364769203998",
      "t" : 1756459364769,
      "tn" : 1756459364769203998,
      "q" : "5",
      "p" : "0.23704",
      "s" : "sell",
      "i" : "ALGO_USDT",
      "m" : "4611686018431819309"
    }, {
      "d" : "1756459335263683905",
      "t" : 1756459335263,
      "tn" : 1756459335263683905,
      "q" : "5",
      "p" : "0.23684",
      "s" : "sell",
      "i" : "ALGO_USDT",
      "m" : "4611686018431819308"
    }, {
      "d" : "1756459335195543968",
      "t" : 1756459335195,
      "tn" : 1756459335195543968,
      "q" : "5",
      "p" : "0.23684",
      "s" : "sell",
      "i" : "ALGO_USDT",
      "m" : "4611686018431819307"
    }, {
      "d" : "1756459332369269320",
      "t" : 1756459332369,
      "tn" : 1756459332369269320,
      "q" : "5",
      "p" : "0.23694",
      "s" : "sell",
      "i" : "ALGO_USDT",
      "m" : "4611686018431819306"
    }, {
      "d" : "1756459332191959036",
      "t" : 1756459332191,
      "tn" : 1756459332191959036,
      "q" : "5",
      "p" : "0.23704",
      "s" : "sell",
      "i" : "ALGO_USDT",
      "m" : "4611686018431819305"
    }, {
      "d" : "1756459332078096871",
      "t" : 1756459332078,
      "tn" : 1756459332078096871,
      "q" : "5",
      "p" : "0.23704",
      "s" : "sell",
      "i" : "ALGO_USDT",
      "m" : "4611686018431819304"
    }, {
      "d" : "1756459332015412353",
      "t" : 1756459332015,
      "tn" : 1756459332015412353,
      "q" : "5",
      "p" : "0.23704",
      "s" : "sell",
      "i" : "ALGO_USDT",
      "m" : "4611686018431819303"
    }, {
      "d" : "1756459331243514617",
      "t" : 1756459331243,
      "tn" : 1756459331243514617,
      "q" : "5",
      "p" : "0.23704",
      "s" : "sell",
      "i" : "ALGO_USDT",
      "m" : "4611686018431819302"
    }, {
      "d" : "1756459262681915470",
      "t" : 1756459262681,
      "tn" : 1756459262681915470,
      "q" : "5",
      "p" : "0.23694",
      "s" : "sell",
      "i" : "ALGO_USDT",
      "m" : "4611686018431819301"
    }, {
      "d" : "1756459259698310812",
      "t" : 1756459259698,
      "tn" : 1756459259698310812,
      "q" : "5",
      "p" : "0.23704",
      "s" : "sell",
      "i" : "ALGO_USDT",
      "m" : "4611686018431819300"
    }, {
      "d" : "1756459259517982628",
      "t" : 1756459259517,
      "tn" : 1756459259517982628,
      "q" : "5",
      "p" : "0.23704",
      "s" : "sell",
      "i" : "ALGO_USDT",
      "m" : "4611686018431819299"
    }, {
      "d" : "1756459259266143721",
      "t" : 1756459259266,
      "tn" : 1756459259266143721,
      "q" : "5",
      "p" : "0.23704",
      "s" : "sell",
      "i" : "ALGO_USDT",
      "m" : "4611686018431819298"
    }, {
      "d" : "1756459258964519416",
      "t" : 1756459258964,
      "tn" : 1756459258964519416,
      "q" : "5",
      "p" : "0.23704",
      "s" : "sell",
      "i" : "ALGO_USDT",
      "m" : "4611686018431819297"
    }, {
      "d" : "1756459258804355352",
      "t" : 1756459258804,
      "tn" : 1756459258804355352,
      "q" : "5",
      "p" : "0.23704",
      "s" : "sell",
      "i" : "ALGO_USDT",
      "m" : "4611686018431819296"
    }, {
      "d" : "1756459258790810120",
      "t" : 1756459258790,
      "tn" : 1756459258790810120,
      "q" : "5",
      "p" : "0.23704",
      "s" : "sell",
      "i" : "ALGO_USDT",
      "m" : "4611686018431819295"
    }, {
      "d" : "1756459258694421566",
      "t" : 1756459258694,
      "tn" : 1756459258694421566,
      "q" : "5",
      "p" : "0.23704",
      "s" : "sell",
      "i" : "ALGO_USDT",
      "m" : "4611686018431819294"
    }, {
      "d" : "1756459258386126232",
      "t" : 1756459258386,
      "tn" : 1756459258386126232,
      "q" : "5",
      "p" : "0.23704",
      "s" : "sell",
      "i" : "ALGO_USDT",
      "m" : "4611686018431819293"
    }, {
      "d" : "1756459258296527099",
      "t" : 1756459258296,
      "tn" : 1756459258296527099,
      "q" : "5",
      "p" : "0.23704",
      "s" : "sell",
      "i" : "ALGO_USDT",
      "m" : "4611686018431819292"
    }, {
      "d" : "1756459249712419614",
      "t" : 1756459249712,
      "tn" : 1756459249712419614,
      "q" : "5",
      "p" : "0.23704",
      "s" : "sell",
      "i" : "ALGO_USDT",
      "m" : "4611686018431819291"
    }, {
      "d" : "1756459249143497388",
      "t" : 1756459249143,
      "tn" : 1756459249143497388,
      "q" : "5",
      "p" : "0.23704",
      "s" : "sell",
      "i" : "ALGO_USDT",
      "m" : "4611686018431819290"
    }, {
      "d" : "1756459248863132568",
      "t" : 1756459248863,
      "tn" : 1756459248863132568,
      "q" : "5",
      "p" : "0.23704",
      "s" : "sell",
      "i" : "ALGO_USDT",
      "m" : "4611686018431819289"
    }, {
      "d" : "1756459248784212441",
      "t" : 1756459248784,
      "tn" : 1756459248784212441,
      "q" : "5",
      "p" : "0.23704",
      "s" : "sell",
      "i" : "ALGO_USDT",
      "m" : "4611686018431819288"
    }, {
      "d" : "1756459248662102055",
      "t" : 1756459248662,
      "tn" : 1756459248662102055,
      "q" : "5",
      "p" : "0.23704",
      "s" : "sell",
      "i" : "ALGO_USDT",
      "m" : "4611686018431819287"
    }, {
      "d" : "1756459247518653605",
      "t" : 1756459247518,
      "tn" : 1756459247518653605,
      "q" : "5",
      "p" : "0.23714",
      "s" : "sell",
      "i" : "ALGO_USDT",
      "m" : "4611686018431819286"
    }, {
      "d" : "1756459247463295778",
      "t" : 1756459247463,
      "tn" : 1756459247463295778,
      "q" : "5",
      "p" : "0.23714",
      "s" : "sell",
      "i" : "ALGO_USDT",
      "m" : "4611686018431819285"
    }, {
      "d" : "1756459247391015517",
      "t" : 1756459247391,
      "tn" : 1756459247391015517,
      "q" : "5",
      "p" : "0.23714",
      "s" : "sell",
      "i" : "ALGO_USDT",
      "m" : "4611686018431819284"
    }, {
      "d" : "1756459139195812035",
      "t" : 1756459139195,
      "tn" : 1756459139195812035,
      "q" : "5",
      "p" : "0.23644",
      "s" : "sell",
      "i" : "ALGO_USDT",
      "m" : "4611686018431819283"
    }, {
      "d" : "1756459138822951253",
      "t" : 1756459138822,
      "tn" : 1756459138822951253,
      "q" : "5",
      "p" : "0.23644",
      "s" : "sell",
      "i" : "ALGO_USDT",
      "m" : "4611686018431819282"
    }, {
      "d" : "1756459138200961737",
      "t" : 1756459138200,
      "tn" : 1756459138200961737,
      "q" : "5",
      "p" : "0.23644",
      "s" : "sell",
      "i" : "ALGO_USDT",
      "m" : "4611686018431819281"
    }, {
      "d" : "1756459135311090797",
      "t" : 1756459135311,
      "tn" : 1756459135311090797,
      "q" : "5",
      "p" : "0.23644",
      "s" : "sell",
      "i" : "ALGO_USDT",
      "m" : "4611686018431819280"
    }, {
      "d" : "1756459133847453266",
      "t" : 1756459133847,
      "tn" : 1756459133847453266,
      "q" : "5",
      "p" : "0.23644",
      "s" : "sell",
      "i" : "ALGO_USDT",
      "m" : "4611686018431819279"
    }, {
      "d" : "1756459132571795387",
      "t" : 1756459132571,
      "tn" : 1756459132571795387,
      "q" : "5",
      "p" : "0.23644",
      "s" : "sell",
      "i" : "ALGO_USDT",
      "m" : "4611686018431819278"
    }, {
      "d" : "1756459132405538521",
      "t" : 1756459132405,
      "tn" : 1756459132405538521,
      "q" : "5",
      "p" : "0.23644",
      "s" : "sell",
      "i" : "ALGO_USDT",
      "m" : "4611686018431819277"
    }, {
      "d" : "1756459131305749599",
      "t" : 1756459131305,
      "tn" : 1756459131305749599,
      "q" : "5",
      "p" : "0.23644",
      "s" : "sell",
      "i" : "ALGO_USDT",
      "m" : "4611686018431819276"
    }, {
      "d" : "1756459129925616102",
      "t" : 1756459129925,
      "tn" : 1756459129925616102,
      "q" : "5",
      "p" : "0.23654",
      "s" : "sell",
      "i" : "ALGO_USDT",
      "m" : "4611686018431819275"
    }, {
      "d" : "1756459128087316048",
      "t" : 1756459128087,
      "tn" : 1756459128087316048,
      "q" : "5",
      "p" : "0.23654",
      "s" : "sell",
      "i" : "ALGO_USDT",
      "m" : "4611686018431819274"
    }, {
      "d" : "1756459122156402571",
      "t" : 1756459122156,
      "tn" : 1756459122156402571,
      "q" : "5",
      "p" : "0.23654",
      "s" : "sell",
      "i" : "ALGO_USDT",
      "m" : "4611686018431819273"
    }, {
      "d" : "1756459050178152899",
      "t" : 1756459050178,
      "tn" : 1756459050178152899,
      "q" : "5",
      "p" : "0.23604",
      "s" : "sell",
      "i" : "ALGO_USDT",
      "m" : "4611686018431819272"
    }, {
      "d" : "1756459039191046247",
      "t" : 1756459039191,
      "tn" : 1756459039191046247,
      "q" : "5",
      "p" : "0.23614",
      "s" : "sell",
      "i" : "ALGO_USDT",
      "m" : "4611686018431819271"
    }, {
      "d" : "1756458914794197116",
      "t" : 1756458914794,
      "tn" : 1756458914794197116,
      "q" : "5",
      "p" : "0.23594",
      "s" : "sell",
      "i" : "ALGO_USDT",
      "m" : "4611686018431819270"
    }, {
      "d" : "1756458914286099115",
      "t" : 1756458914286,
      "tn" : 1756458914286099115,
      "q" : "5",
      "p" : "0.23594",
      "s" : "sell",
      "i" : "ALGO_USDT",
      "m" : "4611686018431819269"
    }, {
      "d" : "1756458877720123005",
      "t" : 1756458877720,
      "tn" : 1756458877720123005,
      "q" : "5",
      "p" : "0.23614",
      "s" : "sell",
      "i" : "ALGO_USDT",
      "m" : "4611686018431819268"
    }, {
      "d" : "1756458850876028581",
      "t" : 1756458850876,
      "tn" : 1756458850876028581,
      "q" : "5",
      "p" : "0.23624",
      "s" : "sell",
      "i" : "ALGO_USDT",
      "m" : "4611686018431819267"
    }, {
      "d" : "1756458848377426578",
      "t" : 1756458848377,
      "tn" : 1756458848377426578,
      "q" : "5",
      "p" : "0.23624",
      "s" : "sell",
      "i" : "ALGO_USDT",
      "m" : "4611686018431819266"
    }, {
      "d" : "1756458848007100651",
      "t" : 1756458848007,
      "tn" : 1756458848007100651,
      "q" : "5",
      "p" : "0.23624",
      "s" : "sell",
      "i" : "ALGO_USDT",
      "m" : "4611686018431819265"
    }, {
      "d" : "1756458847923808754",
      "t" : 1756458847923,
      "tn" : 1756458847923808754,
      "q" : "5",
      "p" : "0.23624",
      "s" : "sell",
      "i" : "ALGO_USDT",
      "m" : "4611686018431819264"
    }, {
      "d" : "1756458844626582512",
      "t" : 1756458844626,
      "tn" : 1756458844626582512,
      "q" : "5",
      "p" : "0.23634",
      "s" : "sell",
      "i" : "ALGO_USDT",
      "m" : "4611686018431819263"
    }, {
      "d" : "1756458831790718761",
      "t" : 1756458831790,
      "tn" : 1756458831790718761,
      "q" : "5",
      "p" : "0.23634",
      "s" : "sell",
      "i" : "ALGO_USDT",
      "m" : "4611686018431819262"
    }, {
      "d" : "1756458831575548924",
      "t" : 1756458831575,
      "tn" : 1756458831575548924,
      "q" : "5",
      "p" : "0.23634",
      "s" : "sell",
      "i" : "ALGO_USDT",
      "m" : "4611686018431819261"
    }, {
      "d" : "1756458830696154343",
      "t" : 1756458830696,
      "tn" : 1756458830696154343,
      "q" : "5",
      "p" : "0.23634",
      "s" : "sell",
      "i" : "ALGO_USDT",
      "m" : "4611686018431819260"
    }, {
      "d" : "1756458830568506523",
      "t" : 1756458830568,
      "tn" : 1756458830568506523,
      "q" : "5",
      "p" : "0.23634",
      "s" : "sell",
      "i" : "ALGO_USDT",
      "m" : "4611686018431819259"
    }, {
      "d" : "1756458830489203658",
      "t" : 1756458830489,
      "tn" : 1756458830489203658,
      "q" : "5",
      "p" : "0.23634",
      "s" : "sell",
      "i" : "ALGO_USDT",
      "m" : "4611686018431819258"
    }, {
      "d" : "1756458822052087588",
      "t" : 1756458822052,
      "tn" : 1756458822052087588,
      "q" : "5",
      "p" : "0.23634",
      "s" : "sell",
      "i" : "ALGO_USDT",
      "m" : "4611686018431819257"
    }, {
      "d" : "1756458799615073183",
      "t" : 1756458799615,
      "tn" : 1756458799615073183,
      "q" : "5",
      "p" : "0.23654",
      "s" : "sell",
      "i" : "ALGO_USDT",
      "m" : "4611686018431819256"
    }, {
      "d" : "1756458767738704530",
      "t" : 1756458767738,
      "tn" : 1756458767738704530,
      "q" : "298",
      "p" : "0.23611",
      "s" : "sell",
      "i" : "ALGO_USDT",
      "m" : "4611686018431819255"
    }, {
      "d" : "1756458767738702457",
      "t" : 1756458767738,
      "tn" : 1756458767738702457,
      "q" : "5",
      "p" : "0.23624",
      "s" : "sell",
      "i" : "ALGO_USDT",
      "m" : "4611686018431819254"
    }, {
      "d" : "1756458720109519353",
      "t" : 1756458720109,
      "tn" : 1756458720109519353,
      "q" : "5",
      "p" : "0.23624",
      "s" : "sell",
      "i" : "ALGO_USDT",
      "m" : "4611686018431819253"
    }, {
      "d" : "1756458714456867852",
      "t" : 1756458714456,
      "tn" : 1756458714456867852,
      "q" : "5",
      "p" : "0.23634",
      "s" : "sell",
      "i" : "ALGO_USDT",
      "m" : "4611686018431819252"
    }, {
      "d" : "1756458676658712067",
      "t" : 1756458676658,
      "tn" : 1756458676658712067,
      "q" : "5",
      "p" : "0.23584",
      "s" : "sell",
      "i" : "ALGO_USDT",
      "m" : "4611686018431819251"
    }, {
      "d" : "1756458676534748618",
      "t" : 1756458676534,
      "tn" : 1756458676534748618,
      "q" : "5",
      "p" : "0.23584",
      "s" : "sell",
      "i" : "ALGO_USDT",
      "m" : "4611686018431819250"
    }, {
      "d" : "1756458675334406377",
      "t" : 1756458675334,
      "tn" : 1756458675334406377,
      "q" : "5",
      "p" : "0.23584",
      "s" : "sell",
      "i" : "ALGO_USDT",
      "m" : "4611686018431819249"
    }, {
      "d" : "1756458675093222507",
      "t" : 1756458675093,
      "tn" : 1756458675093222507,
      "q" : "5",
      "p" : "0.23594",
      "s" : "sell",
      "i" : "ALGO_USDT",
      "m" : "4611686018431819248"
    }, {
      "d" : "1756458674891415664",
      "t" : 1756458674891,
      "tn" : 1756458674891415664,
      "q" : "1563",
      "p" : "0.23596",
      "s" : "buy",
      "i" : "ALGO_USDT",
      "m" : "4611686018431819247"
    }, {
      "d" : "1756458674891414061",
      "t" : 1756458674891,
      "tn" : 1756458674891414061,
      "q" : "5",
      "p" : "0.23595",
      "s" : "buy",
      "i" : "ALGO_USDT",
      "m" : "4611686018431819246"
    }, {
      "d" : "1756458674828404699",
      "t" : 1756458674828,
      "tn" : 1756458674828404699,
      "q" : "5",
      "p" : "0.23595",
      "s" : "buy",
      "i" : "ALGO_USDT",
      "m" : "4611686018431819245"
    }, {
      "d" : "1756458674827751996",
      "t" : 1756458674827,
      "tn" : 1756458674827751996,
      "q" : "11",
      "p" : "0.23596",
      "s" : "buy",
      "i" : "ALGO_USDT",
      "m" : "4611686018431819244"
    }, {
      "d" : "1756458674827011051",
      "t" : 1756458674827,
      "tn" : 1756458674827011051,
      "q" : "22",
      "p" : "0.23596",
      "s" : "buy",
      "i" : "ALGO_USDT",
      "m" : "4611686018431819243"
    }, {
      "d" : "1756458674777369944",
      "t" : 1756458674777,
      "tn" : 1756458674777369944,
      "q" : "1927",
      "p" : "0.23596",
      "s" : "buy",
      "i" : "ALGO_USDT",
      "m" : "4611686018431819242"
    }, {
      "d" : "1756458669131943044",
      "t" : 1756458669131,
      "tn" : 1756458669131943044,
      "q" : "44",
      "p" : "0.23587",
      "s" : "buy",
      "i" : "ALGO_USDT",
      "m" : "4611686018431819241"
    }, {
      "d" : "1756458669064215241",
      "t" : 1756458669064,
      "tn" : 1756458669064215241,
      "q" : "5",
      "p" : "0.23575",
      "s" : "buy",
      "i" : "ALGO_USDT",
      "m" : "4611686018431819240"
    }, {
      "d" : "1756458668964086141",
      "t" : 1756458668964,
      "tn" : 1756458668964086141,
      "q" : "5",
      "p" : "0.23575",
      "s" : "buy",
      "i" : "ALGO_USDT",
      "m" : "4611686018431819239"
    }, {
      "d" : "1756458668863932937",
      "t" : 1756458668863,
      "tn" : 1756458668863932937,
      "q" : "5",
      "p" : "0.23575",
      "s" : "buy",
      "i" : "ALGO_USDT",
      "m" : "4611686018431819238"
    }, {
      "d" : "1756458668763678250",
      "t" : 1756458668763,
      "tn" : 1756458668763678250,
      "q" : "5",
      "p" : "0.23575",
      "s" : "buy",
      "i" : "ALGO_USDT",
      "m" : "4611686018431819237"
    }, {
      "d" : "1756458668748686849",
      "t" : 1756458668748,
      "tn" : 1756458668748686849,
      "q" : "5",
      "p" : "0.23575",
      "s" : "buy",
      "i" : "ALGO_USDT",
      "m" : "4611686018431819236"
    }, {
      "d" : "1756458668663571888",
      "t" : 1756458668663,
      "tn" : 1756458668663571888,
      "q" : "5",
      "p" : "0.23575",
      "s" : "buy",
      "i" : "ALGO_USDT",
      "m" : "4611686018431819235"
    }, {
      "d" : "1756458668653603134",
      "t" : 1756458668653,
      "tn" : 1756458668653603134,
      "q" : "5",
      "p" : "0.23575",
      "s" : "buy",
      "i" : "ALGO_USDT",
      "m" : "4611686018431819234"
    }, {
      "d" : "1756458668563298244",
      "t" : 1756458668563,
      "tn" : 1756458668563298244,
      "q" : "5",
      "p" : "0.23575",
      "s" : "buy",
      "i" : "ALGO_USDT",
      "m" : "4611686018431819233"
    }, {
      "d" : "1756458668518068966",
      "t" : 1756458668518,
      "tn" : 1756458668518068966,
      "q" : "5",
      "p" : "0.23575",
      "s" : "buy",
      "i" : "ALGO_USDT",
      "m" : "4611686018431819232"
    }, {
      "d" : "1756458668466110252",
      "t" : 1756458668466,
      "tn" : 1756458668466110252,
      "q" : "5",
      "p" : "0.23575",
      "s" : "buy",
      "i" : "ALGO_USDT",
      "m" : "4611686018431819231"
    }, {
      "d" : "1756458668370659891",
      "t" : 1756458668370,
      "tn" : 1756458668370659891,
      "q" : "5",
      "p" : "0.23575",
      "s" : "buy",
      "i" : "ALGO_USDT",
      "m" : "4611686018431819230"
    }, {
      "d" : "1756458668264929466",
      "t" : 1756458668264,
      "tn" : 1756458668264929466,
      "q" : "5",
      "p" : "0.23575",
      "s" : "buy",
      "i" : "ALGO_USDT",
      "m" : "4611686018431819229"
    }, {
      "d" : "1756458668165222128",
      "t" : 1756458668165,
      "tn" : 1756458668165222128,
      "q" : "5",
      "p" : "0.23575",
      "s" : "buy",
      "i" : "ALGO_USDT",
      "m" : "4611686018431819228"
    }, {
      "d" : "1756458667963529531",
      "t" : 1756458667963,
      "tn" : 1756458667963529531,
      "q" : "5",
      "p" : "0.23575",
      "s" : "buy",
      "i" : "ALGO_USDT",
      "m" : "4611686018431819227"
    }, {
      "d" : "1756458667763305695",
      "t" : 1756458667763,
      "tn" : 1756458667763305695,
      "q" : "5",
      "p" : "0.23575",
      "s" : "buy",
      "i" : "ALGO_USDT",
      "m" : "4611686018431819226"
    }, {
      "d" : "1756458667693026919",
      "t" : 1756458667693,
      "tn" : 1756458667693026919,
      "q" : "5",
      "p" : "0.23575",
      "s" : "buy",
      "i" : "ALGO_USDT",
      "m" : "4611686018431819225"
    }, {
      "d" : "1756458667663026379",
      "t" : 1756458667663,
      "tn" : 1756458667663026379,
      "q" : "5",
      "p" : "0.23575",
      "s" : "buy",
      "i" : "ALGO_USDT",
      "m" : "4611686018431819224"
    }, {
      "d" : "1756458667634704484",
      "t" : 1756458667634,
      "tn" : 1756458667634704484,
      "q" : "5",
      "p" : "0.23575",
      "s" : "buy",
      "i" : "ALGO_USDT",
      "m" : "4611686018431819223"
    }, {
      "d" : "1756458667625026691",
      "t" : 1756458667625,
      "tn" : 1756458667625026691,
      "q" : "5",
      "p" : "0.23575",
      "s" : "buy",
      "i" : "ALGO_USDT",
      "m" : "4611686018431819222"
    }, {
      "d" : "1756458667537266307",
      "t" : 1756458667537,
      "tn" : 1756458667537266307,
      "q" : "574",
      "p" : "0.23568",
      "s" : "buy",
      "i" : "ALGO_USDT",
      "m" : "4611686018431819221"
    }, {
      "d" : "1756458667537263526",
      "t" : 1756458667537,
      "tn" : 1756458667537263526,
      "q" : "573",
      "p" : "0.23568",
      "s" : "buy",
      "i" : "ALGO_USDT",
      "m" : "4611686018431819220"
    }, {
      "d" : "1756458666418680054",
      "t" : 1756458666418,
      "tn" : 1756458666418680054,
      "q" : "518",
      "p" : "0.23568",
      "s" : "buy",
      "i" : "ALGO_USDT",
      "m" : "4611686018431819219"
    }, {
      "d" : "1756458666418678052",
      "t" : 1756458666418,
      "tn" : 1756458666418678052,
      "q" : "5",
      "p" : "0.23565",
      "s" : "buy",
      "i" : "ALGO_USDT",
      "m" : "4611686018431819218"
    }, {
      "d" : "1756458628522914008",
      "t" : 1756458628522,
      "tn" : 1756458628522914008,
      "q" : "5",
      "p" : "0.23554",
      "s" : "sell",
      "i" : "ALGO_USDT",
      "m" : "4611686018431819217"
    }, {
      "d" : "1756458589902747510",
      "t" : 1756458589902,
      "tn" : 1756458589902747510,
      "q" : "5",
      "p" : "0.23554",
      "s" : "sell",
      "i" : "ALGO_USDT",
      "m" : "4611686018431819216"
    }, {
      "d" : "1756458588989241906",
      "t" : 1756458588989,
      "tn" : 1756458588989241906,
      "q" : "5",
      "p" : "0.23564",
      "s" : "sell",
      "i" : "ALGO_USDT",
      "m" : "4611686018431819215"
    }, {
      "d" : "1756458569199261633",
      "t" : 1756458569199,
      "tn" : 1756458569199261633,
      "q" : "5",
      "p" : "0.23555",
      "s" : "buy",
      "i" : "ALGO_USDT",
      "m" : "4611686018431819214"
    }, {
      "d" : "1756458565771395520",
      "t" : 1756458565771,
      "tn" : 1756458565771395520,
      "q" : "5",
      "p" : "0.23574",
      "s" : "sell",
      "i" : "ALGO_USDT",
      "m" : "4611686018431819213"
    }, {
      "d" : "1756458558691226958",
      "t" : 1756458558691,
      "tn" : 1756458558691226958,
      "q" : "5",
      "p" : "0.23574",
      "s" : "sell",
      "i" : "ALGO_USDT",
      "m" : "4611686018431819212"
    }, {
      "d" : "1756458558349387184",
      "t" : 1756458558349,
      "tn" : 1756458558349387184,
      "q" : "5",
      "p" : "0.23574",
      "s" : "sell",
      "i" : "ALGO_USDT",
      "m" : "4611686018431819211"
    }, {
      "d" : "1756458547528594843",
      "t" : 1756458547528,
      "tn" : 1756458547528594843,
      "q" : "178",
      "p" : "0.23569",
      "s" : "buy",
      "i" : "ALGO_USDT",
      "m" : "4611686018431819210"
    } ]
  }
}