{
  "id" : -1,
  "method" : "public/get-trades",
  "code" : 0,
  "result" : {
    "data" : [ {
      "d" : "1756460081982939113",
      "t" : 1756460081982,
      "tn" : 1756460081982939113,
      "q" : "2843",
      "p" : "0.23561",
      "s" : "sell",
      "i" : "ALGOUSD-PERP",
      "m" : "4611686018431474320"
    }, {
      "d" : "1756460053944363580",
      "t" : 1756460053944,
      "tn" : 1756460053944363578,
      "q" : "1",
      "p" : "0.23570",
      "s" : "sell",
      "i" : "ALGOUSD-PERP",
      "m" : "4611686018431474319"
    }, {
      "d" : "1756460053944363579",
      "t" : 1756460053944,
      "tn" : 1756460053944363578,
      "q" : "1",
      "p" : "0.23570",
      "s" : "sell",
      "i" : "ALGOUSD-PERP",
      "m" : "4611686018431474319"
    }, {
      "d" : "1756460053944363578",
      "t" : 1756460053944,
      "tn" : 1756460053944363578,
      "q" : "848",
      "p" : "0.23570",
      "s" : "sell",
      "i" : "ALGOUSD-PERP",
      "m" : "4611686018431474319"
    }, {
      "d" : "1756460053941820371",
      "t" : 1756460053941,
      "tn" : 1756460053941820371,
      "q" : "306",
      "p" : "0.23571",
      "s" : "sell",
      "i" : "ALGOUSD-PERP",
      "m" : "4611686018431474318"
    }, {
      "d" : "1756460044098801536",
      "t" : 1756460044098,
      "tn" : 1756460044098801536,
      "q" : "851",
      "p" : "0.23581",
      "s" : "sell",
      "i" : "ALGOUSD-PERP",
      "m" : "4611686018431474317"
    }, {
      "d" : "1756460044098352385",
      "t" : 1756460044098,
      "tn" : 1756460044098352385,
      "q" : "1991",
      "p" : "0.23581",
      "s" : "sell",
      "i" : "ALGOUSD-PERP",
      "m" : "4611686018431474316"
    }, {
      "d" : "1756460040418286934",
      "t" : 1756460040418,
      "tn" : 1756460040418286934,
      "q" : "843",
      "p" : "0.23582",
      "s" : "sell",
      "i" : "ALGOUSD-PERP",
      "m" : "4611686018431474315"
    }, {
      "d" : "1756460040412225457",
      "t" : 1756460040412,
      "tn" : 1756460040412225457,
      "q" : "2000",
      "p" : "0.23582",
      "s" : "sell",
      "i" : "ALGOUSD-PERP",
      "m" : "4611686018431474314"
    }, {
      "d" : "1756460040324434219",
      "t" : 1756460040324,
      "tn" : 1756460040324434217,
      "q" : "83",
      "p" : "0.23580",
      "s" : "sell",
      "i" : "ALGOUSD-PERP",
      "m" : "4611686018431474313"
    }, {
      "d" : "1756460040324434218",
      "t" : 1756460040324,
      "tn" : 1756460040324434217,
      "q" : "1",
      "p" : "0.23580",
      "s" : "sell",
      "i" : "ALGOUSD-PERP",
      "m" : "4611686018431474313"
    }, {
      "d" : "1756460040324434217",
      "t" : 1756460040324,
      "tn" : 1756460040324434217,
      "q" : "1",
      "p" : "0.23580",
      "s" : "sell",
      "i" : "ALGOUSD-PERP",
      "m" : "4611686018431474313"
    }, {
      "d" : "1756460040323962409",
      "t" : 1756460040323,
      "tn" : 1756460040323962409,
      "q" : "2353",
      "p" : "0.23581",
      "s" : "sell",
      "i" : "ALGOUSD-PERP",
      "m" : "4611686018431474312"
    }, {
      "d" : "1756460011367988626",
      "t" : 1756460011367,
      "tn" : 1756460011367988626,
      "q" : "318",
      "p" : "0.23591",
      "s" : "sell",
      "i" : "ALGOUSD-PERP",
      "m" : "4611686018431474311"
    }, {
      "d" : "1756460011367985722",
      "t" : 1756460011367,
      "tn" : 1756460011367985722,
      "q" : "94",
      "p" : "0.23591",
      "s" : "sell",
      "i" : "ALGOUSD-PERP",
      "m" : "4611686018431474310"
    }, {
      "d" : "1756459998352709657",
      "t" : 1756459998352,
      "tn" : 1756459998352709657,
      "q" : "1",
      "p" : "0.23587",
      "s" : "buy",
      "i" : "ALGOUSD-PERP",
      "m" : "4611686018431474309"
    }, {
      "d" : "1756459998198412148",
      "t" : 1756459998198,
      "tn" : 1756459998198412147,
      "q" : "1",
      "p" : "0.23590",
      "s" : "sell",
      "i" : "ALGOUSD-PERP",
      "m" : "4611686018431474308"
    }, {
      "d" : "1756459998198412147",
      "t" : 1756459998198,
      "tn" : 1756459998198412147,
      "q" : "1",
      "p" : "0.23590",
      "s" : "sell",
      "i" : "ALGOUSD-PERP",
      "m" : "4611686018431474308"
    }, {
      "d" : "1756459968805526876",
      "t" : 1756459968805,
      "tn" : 1756459968805526876,
      "q" : "1",
      "p" : "0.23567",
      "s" : "buy",
      "i" : "ALGOUSD-PERP",
      "m" : "4611686018431474307"
    }, {
      "d" : "1756459951930337702",
      "t" : 1756459951930,
      "tn" : 1756459951930337702,
      "q" : "781",
      "p" : "0.23567",
      "s" : "buy",
      "i" : "ALGOUSD-PERP",
      "m" : "4611686018431474306"
    }, {
      "d" : "1756459951929505325",
      "t" : 1756459951929,
      "tn" : 1756459951929505325,
      "q" : "231",
      "p" : "0.23567",
      "s" : "buy",
      "i" : "ALGOUSD-PERP",
      "m" : "4611686018431474305"
    }, {
      "d" : "1756459951928466490",
      "t" : 1756459951928,
      "tn" : 1756459951928466489,
      "q" : "848",
      "p" : "0.23560",
      "s" : "buy",
      "i" : "ALGOUSD-PERP",
      "m" : "4611686018431474304"
    }, {
      "d" : "1756459951928466489",
      "t" : 1756459951928,
      "tn" : 1756459951928466489,
      "q" : "1015",
      "p" : "0.23560",
      "s" : "buy",
      "i" : "ALGOUSD-PERP",
      "m" : "4611686018431474304"
    }, {
      "d" : "1756459951928462784",
      "t" : 1756459951928,
      "tn" : 1756459951928462783,
      "q" : "6864",
      "p" : "0.23557",
      "s" : "buy",
      "i" : "ALGOUSD-PERP",
      "m" : "4611686018431474303"
    }, {
      "d" : "1756459951928462783",
      "t" : 1756459951928,
      "tn" : 1756459951928462783,
      "q" : "976",
      "p" : "0.23557",
      "s" : "buy",
      "i" : "ALGOUSD-PERP",
      "m" : "4611686018431474303"
    }, {
      "d" : "1756459951928462391",
      "t" : 1756459951928,
      "tn" : 1756459951928462391,
      "q" : "42",
      "p" : "0.23555",
      "s" : "buy",
      "i" : "ALGOUSD-PERP",
      "m" : "4611686018431474302"
    }, {
      "d" : "1756459951928461629",
      "t" : 1756459951928,
      "tn" : 1756459951928461629,
      "q" : "1015",
      "p" : "0.23553",
      "s" : "buy",
      "i" : "ALGOUSD-PERP",
      "m" : "4611686018431474301"
    }, {
      "d" : "1756459951928167340",
      "t" : 1756459951928,
      "tn" : 1756459951928167340,
      "q" : "8",
      "p" : "0.23549",
      "s" : "buy",
      "i" : "ALGOUSD-PERP",
      "m" : "4611686018431474300"
    }, {
      "d" : "1756459951928165459",
      "t" : 1756459951928,
      "tn" : 1756459951928165459,
      "q" : "976",
      "p" : "0.23547",
      "s" : "buy",
      "i" : "ALGOUSD-PERP",
      "m" : "4611686018431474299"
    }, {
      "d" : "1756459951928024632",
      "t" : 1756459951928,
      "tn" : 1756459951928024632,
      "q" : "1",
      "p" : "0.23540",
      "s" : "buy",
      "i" : "ALGOUSD-PERP",
      "m" : "4611686018431474298"
    }, {
      "d" : "1756459951928022141",
      "t" : 1756459951928,
      "tn" : 1756459951928022141,
      "q" : "1",
      "p" : "0.23527",
      "s" : "buy",
      "i" : "ALGOUSD-PERP",
      "m" : "4611686018431474297"
    }, {
      "d" : "1756459945262762102",
      "t" : 1756459945262,
      "tn" : 1756459945262762101,
      "q" : "1",
      "p" : "0.23530",
      "s" : "sell",
      "i" : "ALGOUSD-PERP",
      "m" : "4611686018431474296"
    }, {
      "d" : "1756459945262762101",
      "t" : 1756459945262,
      "tn" : 1756459945262762101,
      "q" : "1",
      "p" : "0.23530",
      "s" : "sell",
      "i" : "ALGOUSD-PERP",
      "m" : "4611686018431474296"
    }, {
      "d" : "1756459917281921991",
      "t" : 1756459917281,
      "tn" : 1756459917281921991,
      "q" : "1",
      "p" : "0.23557",
      "s" : "buy",
      "i" : "ALGOUSD-PERP",
      "m" : "4611686018431474295"
    }, {
      "d" : "1756459906800134712",
      "t" : 1756459906800,
      "tn" : 1756459906800134711,
      "q" : "1",
      "p" : "0.23550",
      "s" : "sell",
      "i" : "ALGOUSD-PERP",
      "m" : "4611686018431474294"
    }, {
      "d" : "1756459906800134711",
      "t" : 1756459906800,
      "tn" : 1756459906800134711,
      "q" : "1",
      "p" : "0.23550",
      "s" : "sell",
      "i" : "ALGOUSD-PERP",
      "m" : "4611686018431474294"
    }, {
      "d" : "1756459901746944234",
      "t" : 1756459901746,
      "tn" : 1756459901746944233,
      "q" : "1",
      "p" : "0.23560",
      "s" : "sell",
      "i" : "ALGOUSD-PERP",
      "m" : "4611686018431474293"
    }, {
      "d" : "1756459901746944233",
      "t" : 1756459901746,
      "tn" : 1756459901746944233,
      "q" : "1",
      "p" : "0.23560",
      "s" : "sell",
      "i" : "ALGOUSD-PERP",
      "m" : "4611686018431474293"
    }, {
      "d" : "1756459900467768126",
      "t" : 1756459900467,
      "tn" : 1756459900467768126,
      "q" : "1",
      "p" : "0.23560",
      "s" : "sell",
      "i" : "ALGOUSD-PERP",
      "m" : "4611686018431474292"
    }, {
      "d" : "1756459900419515787",
      "t" : 1756459900419,
      "tn" : 1756459900419515787,
      "q" : "1",
      "p" : "0.23560",
      "s" : "sell",
      "i" : "ALGOUSD-PERP",
      "m" : "4611686018431474291"
    }, {
      "d" : "1756459900357373136",
      "t" : 1756459900357,
      "tn" : 1756459900357373135,
      "q" : "1",
      "p" : "0.23560",
      "s" : "sell",
      "i" : "ALGOUSD-PERP",
      "m" : "4611686018431474290"
    }, {
      "d" : "1756459900357373135",
      "t" : 1756459900357,
      "tn" : 1756459900357373135,
      "q" : "1",
      "p" : "0.23560",
      "s" : "sell",
      "i" : "ALGOUSD-PERP",
      "m" : "4611686018431474290"
    }, {
      "d" : "1756459895431856458",
      "t" : 1756459895431,
      "tn" : 1756459895431856457,
      "q" : "1",
      "p" : "0.23570",
      "s" : "sell",
      "i" : "ALGOUSD-PERP",
      "m" : "4611686018431474289"
    }, {
      "d" : "1756459895431856457",
      "t" : 1756459895431,
      "tn" : 1756459895431856457,
      "q" : "1",
      "p" : "0.23570",
      "s" : "sell",
      "i" : "ALGOUSD-PERP",
      "m" : "4611686018431474289"
    }, {
      "d" : "1756459887318790252",
      "t" : 1756459887318,
      "tn" : 1756459887318790251,
      "q" : "1",
      "p" : "0.23580",
      "s" : "sell",
      "i" : "ALGOUSD-PERP",
      "m" : "4611686018431474288"
    }, {
      "d" : "1756459887318790251",
      "t" : 1756459887318,
      "tn" : 1756459887318790251,
      "q" : "1",
      "p" : "0.23580",
      "s" : "sell",
      "i" : "ALGOUSD-PERP",
      "m" : "4611686018431474288"
    }, {
      "d" : "1756459882718149080",
      "t" : 1756459882718,
      "tn" : 1756459882718149079,
      "q" : "979",
      "p" : "0.23588",
      "s" : "buy",
      "i" : "ALGOUSD-PERP",
      "m" : "4611686018431474287"
    }, {
      "d" : "1756459882718149079",
      "t" : 1756459882718,
      "tn" : 1756459882718149079,
      "q" : "1",
      "p" : "0.23588",
      "s" : "buy",
      "i" : "ALGOUSD-PERP",
      "m" : "4611686018431474287"
    }, {
      "d" : "1756459881019690340",
      "t" : 1756459881019,
      "tn" : 1756459881019690340,
      "q" : "890",
      "p" : "0.23579",
      "s" : "buy",
      "i" : "ALGOUSD-PERP",
      "m" : "4611686018431474286"
    }, {
      "d" : "1756459881019688278",
      "t" : 1756459881019,
      "tn" : 1756459881019688278,
      "q" : "1",
      "p" : "0.23578",
      "s" : "buy",
      "i" : "ALGOUSD-PERP",
      "m" : "4611686018431474285"
    }, {
      "d" : "1756459880504556437",
      "t" : 1756459880504,
      "tn" : 1756459880504556437,
      "q" : "1",
      "p" : "0.23568",
      "s" : "buy",
      "i" : "ALGOUSD-PERP",
      "m" : "4611686018431474284"
    }, {
      "d" : "1756459879629950029",
      "t" : 1756459879629,
      "tn" : 1756459879629950029,
      "q" : "979",
      "p" : "0.23567",
      "s" : "buy",
      "i" : "ALGOUSD-PERP",
      "m" : "4611686018431474283"
    }, {
      "d" : "1756459876909445864",
      "t" : 1756459876909,
      "tn" : 1756459876909445862,
      "q" : "848",
      "p" : "0.23570",
      "s" : "sell",
      "i" : "ALGOUSD-PERP",
      "m" : "4611686018431474282"
    }, {
      "d" : "1756459876909445863",
      "t" : 1756459876909,
      "tn" : 1756459876909445862,
      "q" : "1",
      "p" : "0.23570",
      "s" : "sell",
      "i" : "ALGOUSD-PERP",
      "m" : "4611686018431474282"
    }, {
      "d" : "1756459876909445862",
      "t" : 1756459876909,
      "tn" : 1756459876909445862,
      "q" : "1",
      "p" : "0.23570",
      "s" : "sell",
      "i" : "ALGOUSD-PERP",
      "m" : "4611686018431474282"
    }, {
      "d" : "1756459876087908577",
      "t" : 1756459876087,
      "tn" : 1756459876087908577,
      "q" : "1",
      "p" : "0.23580",
      "s" : "sell",
      "i" : "ALGOUSD-PERP",
      "m" : "4611686018431474281"
    }, {
      "d" : "1756459876083942785",
      "t" : 1756459876083,
      "tn" : 1756459876083942785,
      "q" : "254",
      "p" : "0.23578",
      "s" : "sell",
      "i" : "ALGOUSD-PERP",
      "m" : "4611686018431474280"
    }, {
      "d" : "1756459876083893394",
      "t" : 1756459876083,
      "tn" : 1756459876083893394,
      "q" : "2000",
      "p" : "0.23578",
      "s" : "sell",
      "i" : "ALGOUSD-PERP",
      "m" : "4611686018431474279"
    }, {
      "d" : "1756459876048470586",
      "t" : 1756459876048,
      "tn" : 1756459876048470586,
      "q" : "1",
      "p" : "0.23580",
      "s" : "sell",
      "i" : "ALGOUSD-PERP",
      "m" : "4611686018431474278"
    }, {
      "d" : "1756459875975262433",
      "t" : 1756459875975,
      "tn" : 1756459875975262433,
      "q" : "509",
      "p" : "0.23578",
      "s" : "sell",
      "i" : "ALGOUSD-PERP",
      "m" : "4611686018431474277"
    }, {
      "d" : "1756459875974816013",
      "t" : 1756459875974,
      "tn" : 1756459875974816013,
      "q" : "1",
      "p" : "0.23580",
      "s" : "sell",
      "i" : "ALGOUSD-PERP",
      "m" : "4611686018431474276"
    }, {
      "d" : "1756459875945988801",
      "t" : 1756459875945,
      "tn" : 1756459875945988801,
      "q" : "1",
      "p" : "0.23582",
      "s" : "sell",
      "i" : "ALGOUSD-PERP",
      "m" : "4611686018431474275"
    }, {
      "d" : "1756459874446840128",
      "t" : 1756459874446,
      "tn" : 1756459874446840128,
      "q" : "1",
      "p" : "0.23592",
      "s" : "sell",
      "i" : "ALGOUSD-PERP",
      "m" : "4611686018431474274"
    }, {
      "d" : "1756459872782221902",
      "t" : 1756459872782,
      "tn" : 1756459872782221901,
      "q" : "2763",
      "p" : "0.23602",
      "s" : "sell",
      "i" : "ALGOUSD-PERP",
      "m" : "4611686018431474273"
    }, {
      "d" : "1756459872782221901",
      "t" : 1756459872782,
      "tn" : 1756459872782221901,
      "q" : "1",
      "p" : "0.23602",
      "s" : "sell",
      "i" : "ALGOUSD-PERP",
      "m" : "4611686018431474273"
    }, {
      "d" : "1756459858819174915",
      "t" : 1756459858819,
      "tn" : 1756459858819174915,
      "q" : "1",
      "p" : "0.23612",
      "s" : "sell",
      "i" : "ALGOUSD-PERP",
      "m" : "4611686018431474272"
    }, {
      "d" : "1756459846241356168",
      "t" : 1756459846241,
      "tn" : 1756459846241356168,
      "q" : "1",
      "p" : "0.23610",
      "s" : "sell",
      "i" : "ALGOUSD-PERP",
      "m" : "4611686018431474271"
    }, {
      "d" : "1756459846238292560",
      "t" : 1756459846238,
      "tn" : 1756459846238292560,
      "q" : "1",
      "p" : "0.23612",
      "s" : "sell",
      "i" : "ALGOUSD-PERP",
      "m" : "4611686018431474270"
    }, {
      "d" : "1756459803071580908",
      "t" : 1756459803071,
      "tn" : 1756459803071580908,
      "q" : "1",
      "p" : "0.23650",
      "s" : "sell",
      "i" : "ALGOUSD-PERP",
      "m" : "4611686018431474269"
    }, {
      "d" : "1756459803064519268",
      "t" : 1756459803064,
      "tn" : 1756459803064519268,
      "q" : "1",
      "p" : "0.23652",
      "s" : "sell",
      "i" : "ALGOUSD-PERP",
      "m" : "4611686018431474268"
    }, {
      "d" : "1756459800896096803",
      "t" : 1756459800896,
      "tn" : 1756459800896096803,
      "q" : "962",
      "p" : "0.23653",
      "s" : "sell",
      "i" : "ALGOUSD-PERP",
      "m" : "4611686018431474267"
    }, {
      "d" : "1756459798533737874",
      "t" : 1756459798533,
      "tn" : 1756459798533737874,
      "q" : "1",
      "p" : "0.23652",
      "s" : "sell",
      "i" : "ALGOUSD-PERP",
      "m" : "4611686018431474266"
    }, {
      "d" : "1756459788510249260",
      "t" : 1756459788510,
      "tn" : 1756459788510249260,
      "q" : "1",
      "p" : "0.23652",
      "s" : "sell",
      "i" : "ALGOUSD-PERP",
      "m" : "4611686018431474265"
    }, {
      "d" : "1756459781101897282",
      "t" : 1756459781101,
      "tn" : 1756459781101897281,
      "q" : "199",
      "p" : "0.23650",
      "s" : "sell",
      "i" : "ALGOUSD-PERP",
      "m" : "4611686018431474264"
    }, {
      "d" : "1756459781101897281",
      "t" : 1756459781101,
      "tn" : 1756459781101897281,
      "q" : "1",
      "p" : "0.23650",
      "s" : "sell",
      "i" : "ALGOUSD-PERP",
      "m" : "4611686018431474264"
    }, {
      "d" : "1756459781101894113",
      "t" : 1756459781101,
      "tn" : 1756459781101894113,
      "q" : "1",
      "p" : "0.23652",
      "s" : "sell",
      "i" : "ALGOUSD-PERP",
      "m" : "4611686018431474263"
    }, {
      "d" : "1756459778020920553",
      "t" : 1756459778020,
      "tn" : 1756459778020920553,
      "q" : "1",
      "p" : "0.23652",
      "s" : "sell",
      "i" : "ALGOUSD-PERP",
      "m" : "4611686018431474262"
    }, {
      "d" : "1756459756710909194",
      "t" : 1756459756710,
      "tn" : 1756459756710909194,
      "q" : "1",
      "p" : "0.23652",
      "s" : "sell",
      "i" : "ALGOUSD-PERP",
      "m" : "4611686018431474261"
    }, {
      "d" : "1756459753808716944",
      "t" : 1756459753808,
      "tn" : 1756459753808716944,
      "q" : "1",
      "p" : "0.23652",
      "s" : "sell",
      "i" : "ALGOUSD-PERP",
      "m" : "4611686018431474260"
    }, {
      "d" : "1756459737533889359",
      "t" : 1756459737533,
      "tn" : 1756459737533889359,
      "q" : "1",
      "p" : "0.23642",
      "s" : "sell",
      "i" : "ALGOUSD-PERP",
      "m" : "4611686018431474259"
    }, {
      "d" : "1756459713757704568",
      "t" : 1756459713757,
      "tn" : 1756459713757704568,
      "q" : "1",
      "p" : "0.23651",
      "s" : "sell",
      "i" : "ALGOUSD-PERP",
      "m" : "4611686018431474258"
    }, {
      "d" : "1756459713757702664",
      "t" : 1756459713757,
      "tn" : 1756459713757702664,
      "q" : "1",
      "p" : "0.23652",
      "s" : "sell",
      "i" : "ALGOUSD-PERP",
      "m" : "4611686018431474257"
    }, {
      "d" : "1756459682837408458",
      "t" : 1756459682837,
      "tn" : 1756459682837408458,
      "q" : "200",
      "p" : "0.23641",
      "s" : "buy",
      "i" : "ALGOUSD-PERP",
      "m" : "4611686018431474256"
    }, {
      "d" : "1756459682837405865",
      "t" : 1756459682837,
      "tn" : 1756459682837405865,
      "q" : "1",
      "p" : "0.23638",
      "s" : "buy",
      "i" : "ALGOUSD-PERP",
      "m" : "4611686018431474255"
    }, {
      "d" : "1756459601469887430",
      "t" : 1756459601469,
      "tn" : 1756459601469887430,
      "q" : "2773",
      "p" : "0.23654",
      "s" : "sell",
      "i" : "ALGOUSD-PERP",
      "m" : "4611686018431474254"
    }, {
      "d" : "1756459505240117112",
      "t" : 1756459505240,
      "tn" : 1756459505240117112,
      "q" : "231",
      "p" : "0.23645",
      "s" : "sell",
      "i" : "ALGOUSD-PERP",
      "m" : "4611686018431474253"
    }, {
      "d" : "1756459476124714361",
      "t" : 1756459476124,
      "tn" : 1756459476124714361,
      "q" : "53",
      "p" : "0.23633",
      "s" : "sell",
      "i" : "ALGOUSD-PERP",
      "m" : "4611686018431474252"
    }, {
      "d" : "1756459475982221255",
      "t" : 1756459475982,
      "tn" : 1756459475982221255,
      "q" : "86",
      "p" : "0.23633",
      "s" : "sell",
      "i" : "ALGOUSD-PERP",
      "m" : "4611686018431474251"
    }, {
      "d" : "1756459475982218879",
      "t" : 1756459475982,
      "tn" : 1756459475982218879,
      "q" : "725",
      "p" : "0.23633",
      "s" : "sell",
      "i" : "ALGOUSD-PERP",
      "m" : "4611686018431474250"
    }, {
      "d" : "1756459468287666214",
      "t" : 1756459468287,
      "tn" : 1756459468287666214,
      "q" : "106",
      "p" : "0.23640",
      "s" : "sell",
      "i" : "ALGOUSD-PERP",
      "m" : "4611686018431474249"
    }, {
      "d" : "1756459468287515420",
      "t" : 1756459468287,
      "tn" : 1756459468287515420,
      "q" : "364",
      "p" : "0.23640",
      "s" : "sell",
      "i" : "ALGOUSD-PERP",
      "m" : "4611686018431474248"
    }, {
      "d" : "1756459468285917562",
      "t" : 1756459468285,
      "tn" : 1756459468285917562,
      "q" : "1",
      "p" : "0.23641",
      "s" : "sell",
      "i" : "ALGOUSD-PERP",
      "m" : "4611686018431474247"
    }, {
      "d" : "1756459468285915258",
      "t" : 1756459468285,
      "tn" : 1756459468285915258,
      "q" : "1",
      "p" : "0.23642",
      "s" : "sell",
      "i" : "ALGOUSD-PERP",
      "m" : "4611686018431474246"
    }, {
      "d" : "1756459401759634528",
      "t" : 1756459401759,
      "tn" : 1756459401759634528,
      "q" : "1",
      "p" : "0.23672",
      "s" : "sell",
      "i" : "ALGOUSD-PERP",
      "m" : "4611686018431474245"
    }, {
      "d" : "1756459401698279230",
      "t" : 1756459401698,
      "tn" : 1756459401698279229,
      "q" : "200",
      "p" : "0.23671",
      "s" : "sell",
      "i" : "ALGOUSD-PERP",
      "m" : "4611686018431474244"
    }, {
      "d" : "1756459401698279229",
      "t" : 1756459401698,
      "tn" : 1756459401698279229,
      "q" : "1",
      "p" : "0.23671",
      "s" : "sell",
      "i" : "ALGOUSD-PERP",
      "m" : "4611686018431474244"
    }, {
      "d" : "1756459401698275770",
      "t" : 1756459401698,
      "tn" : 1756459401698275770,
      "q" : "1",
      "p" : "0.23672",
      "s" : "sell",
      "i" : "ALGOUSD-PERP",
      "m" : "4611686018431474243"
    }, {
      "d" : "1756459400475785238",
      "t" : 1756459400475,
      "tn" : 1756459400475785238,
      "q" : "1",
      "p" : "0.23682",
      "s" : "sell",
      "i" : "ALGOUSD-PERP",
      "m" : "4611686018431474242"
    }, {
      "d" : "1756459394376817962",
      "t" : 1756459394376,
      "tn" : 1756459394376817962,
      "q" : "844",
      "p" : "0.23690",
      "s" : "sell",
      "i" : "ALGOUSD-PERP",
      "m" : "4611686018431474241"
    }, {
      "d" : "1756459394376815762",
      "t" : 1756459394376,
      "tn" : 1756459394376815762,
      "q" : "200",
      "p" : "0.23691",
      "s" : "sell",
      "i" : "ALGOUSD-PERP",
      "m" : "4611686018431474240"
    }, {
      "d" : "1756459394376812512",
      "t" : 1756459394376,
      "tn" : 1756459394376812512,
      "q" : "1",
      "p" : "0.23692",
      "s" : "sell",
      "i" : "ALGOUSD-PERP",
      "m" : "4611686018431474239"
    }, {
      "d" : "1756459394376809439",
      "t" : 1756459394376,
      "tn" : 1756459394376809439,
      "q" : "1",
      "p" : "0.23695",
      "s" : "sell",
      "i" : "ALGOUSD-PERP",
      "m" : "4611686018431474238"
    }, {
      "d" : "1756459393596396230",
      "t" : 1756459393596,
      "tn" : 1756459393596396230,
      "q" : "1",
      "p" : "0.23696",
      "s" : "sell",
      "i" : "ALGOUSD-PERP",
      "m" : "4611686018431474237"
    }, {
      "d" : "1756459392666671255",
      "t" : 1756459392666,
      "tn" : 1756459392666671255,
      "q" : "1",
      "p" : "0.23696",
      "s" : "sell",
      "i" : "ALGOUSD-PERP",
      "m" : "4611686018431474236"
    }, {
      "d" : "1756459357985792357",
      "t" : 1756459357985,
      "tn" : 1756459357985792357,
      "q" : "1",
      "p" : "0.23706",
      "s" : "sell",
      "i" : "ALGOUSD-PERP",
      "m" : "4611686018431474235"
    }, {
      "d" : "1756459340704012246",
      "t" : 1756459340704,
      "tn" : 1756459340704012246,
      "q" : "57",
      "p" : "0.23694",
      "s" : "buy",
      "i" : "ALGOUSD-PERP",
      "m" : "4611686018431474234"
    }, {
      "d" : "1756459340704010248",
      "t" : 1756459340704,
      "tn" : 1756459340704010248,
      "q" : "1",
      "p" : "0.23693",
      "s" : "buy",
      "i" : "ALGOUSD-PERP",
      "m" : "4611686018431474233"
    }, {
      "d" : "1756459262684931782",
      "t" : 1756459262684,
      "tn" : 1756459262684931782,
      "q" : "1",
      "p" : "0.23686",
      "s" : "sell",
      "i" : "ALGOUSD-PERP",
      "m" : "4611686018431474232"
    }, {
      "d" : "1756459260042613176",
      "t" : 1756459260042,
      "tn" : 1756459260042613176,
      "q" : "200",
      "p" : "0.23691",
      "s" : "sell",
      "i" : "ALGOUSD-PERP",
      "m" : "4611686018431474231"
    }, {
      "d" : "1756459260042610452",
      "t" : 1756459260042,
      "tn" : 1756459260042610452,
      "q" : "1",
      "p" : "0.23696",
      "s" : "sell",
      "i" : "ALGOUSD-PERP",
      "m" : "4611686018431474230"
    }, {
      "d" : "1756459247595907029",
      "t" : 1756459247595,
      "tn" : 1756459247595907029,
      "q" : "1",
      "p" : "0.23702",
      "s" : "sell",
      "i" : "ALGOUSD-PERP",
      "m" : "4611686018431474229"
    }, {
      "d" : "1756459247595904870",
      "t" : 1756459247595,
      "tn" : 1756459247595904870,
      "q" : "1",
      "p" : "0.23706",
      "s" : "sell",
      "i" : "ALGOUSD-PERP",
      "m" : "4611686018431474228"
    }, {
      "d" : "1756459173734498155",
      "t" : 1756459173734,
      "tn" : 1756459173734498155,
      "q" : "1",
      "p" : "0.23676",
      "s" : "sell",
      "i" : "ALGOUSD-PERP",
      "m" : "4611686018431474227"
    }, {
      "d" : "1756459171052264252",
      "t" : 1756459171052,
      "tn" : 1756459171052264252,
      "q" : "1",
      "p" : "0.23666",
      "s" : "sell",
      "i" : "ALGOUSD-PERP",
      "m" : "4611686018431474226"
    }, {
      "d" : "1756459167474813108",
      "t" : 1756459167474,
      "tn" : 1756459167474813108,
      "q" : "1",
      "p" : "0.23666",
      "s" : "sell",
      "i" : "ALGOUSD-PERP",
      "m" : "4611686018431474225"
    }, {
      "d" : "1756459161011206168",
      "t" : 1756459161011,
      "tn" : 1756459161011206168,
      "q" : "51",
      "p" : "0.23656",
      "s" : "sell",
      "i" : "ALGOUSD-PERP",
      "m" : "4611686018431474224"
    }, {
      "d" : "1756459160892379520",
      "t" : 1756459160892,
      "tn" : 1756459160892379519,
      "q" : "968",
      "p" : "0.23656",
      "s" : "sell",
      "i" : "ALGOUSD-PERP",
      "m" : "4611686018431474223"
    }, {
      "d" : "1756459160892379519",
      "t" : 1756459160892,
      "tn" : 1756459160892379519,
      "q" : "1",
      "p" : "0.23656",
      "s" : "sell",
      "i" : "ALGOUSD-PERP",
      "m" : "4611686018431474223"
    }, {
      "d" : "1756459151011289146",
      "t" : 1756459151011,
      "tn" : 1756459151011289146,
      "q" : "1",
      "p" : "0.23646",
      "s" : "sell",
      "i" : "ALGOUSD-PERP",
      "m" : "4611686018431474222"
    }, {
      "d" : "1756459086158499980",
      "t" : 1756459086158,
      "tn" : 1756459086158499980,
      "q" : "1",
      "p" : "0.23636",
      "s" : "sell",
      "i" : "ALGOUSD-PERP",
      "m" : "4611686018431474221"
    }, {
      "d" : "1756459028665406550",
      "t" : 1756459028665,
      "tn" : 1756459028665406550,
      "q" : "996",
      "p" : "0.23617",
      "s" : "sell",
      "i" : "ALGOUSD-PERP",
      "m" : "4611686018431474220"
    }, {
      "d" : "1756459027734215620",
      "t" : 1756459027734,
      "tn" : 1756459027734215620,
      "q" : "46",
      "p" : "0.23609",
      "s" : "sell",
      "i" : "ALGOUSD-PERP",
      "m" : "4611686018431474219"
    }, {
      "d" : "1756459027734213633",
      "t" : 1756459027734,
      "tn" : 1756459027734213633,
      "q" : "1",
      "p" : "0.23612",
      "s" : "sell",
      "i" : "ALGOUSD-PERP",
      "m" : "4611686018431474218"
    }, {
      "d" : "1756459027734210655",
      "t" : 1756459027734,
      "tn" : 1756459027734210655,
      "q" : "1",
      "p" : "0.23616",
      "s" : "sell",
      "i" : "ALGOUSD-PERP",
      "m" : "4611686018431474217"
    }, {
      "d" : "1756459022704349219",
      "t" : 1756459022704,
      "tn" : 1756459022704349219,
      "q" : "1",
      "p" : "0.23627",
      "s" : "sell",
      "i" : "ALGOUSD-PERP",
      "m" : "4611686018431474216"
    }, {
      "d" : "1756459016314925398",
      "t" : 1756459016314,
      "tn" : 1756459016314925398,
      "q" : "1",
      "p" : "0.23627",
      "s" : "sell",
      "i" : "ALGOUSD-PERP",
      "m" : "4611686018431474215"
    }, {
      "d" : "1756459006294380918",
      "t" : 1756459006294,
      "tn" : 1756459006294380918,
      "q" : "1",
      "p" : "0.23627",
      "s" : "sell",
      "i" : "ALGOUSD-PERP",
      "m" : "4611686018431474214"
    }, {
      "d" : "1756458996253543307",
      "t" : 1756458996253,
      "tn" : 1756458996253543307,
      "q" : "1",
      "p" : "0.23627",
      "s" : "sell",
      "i" : "ALGOUSD-PERP",
      "m" : "4611686018431474213"
    }, {
      "d" : "1756458975060020491",
      "t" : 1756458975060,
      "tn" : 1756458975060020491,
      "q" : "1",
      "p" : "0.23607",
      "s" : "sell",
      "i" : "ALGOUSD-PERP",
      "m" : "4611686018431474212"
    }, {
      "d" : "1756458919140312884",
      "t" : 1756458919140,
      "tn" : 1756458919140312884,
      "q" : "78",
      "p" : "0.23587",
      "s" : "buy",
      "i" : "ALGOUSD-PERP",
      "m" : "4611686018431474211"
    }, {
      "d" : "1756458919140311187",
      "t" : 1756458919140,
      "tn" : 1756458919140311187,
      "q" : "1",
      "p" : "0.23584",
      "s" : "buy",
      "i" : "ALGOUSD-PERP",
      "m" : "4611686018431474210"
    }, {
      "d" : "1756458915300920263",
      "t" : 1756458915300,
      "tn" : 1756458915300920263,
      "q" : "1",
      "p" : "0.23587",
      "s" : "sell",
      "i" : "ALGOUSD-PERP",
      "m" : "4611686018431474209"
    }, {
      "d" : "1756458912770421493",
      "t" : 1756458912770,
      "tn" : 1756458912770421493,
      "q" : "1",
      "p" : "0.23607",
      "s" : "sell",
      "i" : "ALGOUSD-PERP",
      "m" : "4611686018431474208"
    }, {
      "d" : "1756458890066236812",
      "t" : 1756458890066,
      "tn" : 1756458890066236812,
      "q" : "1",
      "p" : "0.23607",
      "s" : "sell",
      "i" : "ALGOUSD-PERP",
      "m" : "4611686018431474207"
    }, {
      "d" : "1756458884819666355",
      "t" : 1756458884819,
      "tn" : 1756458884819666355,
      "q" : "200",
      "p" : "0.23614",
      "s" : "buy",
      "i" : "ALGOUSD-PERP",
      "m" : "4611686018431474206"
    }, {
      "d" : "1756458884491089694",
      "t" : 1756458884491,
      "tn" : 1756458884491089694,
      "q" : "158",
      "p" : "0.23607",
      "s" : "buy",
      "i" : "ALGOUSD-PERP",
      "m" : "4611686018431474205"
    }, {
      "d" : "1756458884491087542",
      "t" : 1756458884491,
      "tn" : 1756458884491087542,
      "q" : "1",
      "p" : "0.23605",
      "s" : "buy",
      "i" : "ALGOUSD-PERP",
      "m" : "4611686018431474204"
    }, {
      "d" : "1756458877741993213",
      "t" : 1756458877741,
      "tn" : 1756458877741993213,
      "q" : "1",
      "p" : "0.23607",
      "s" : "sell",
      "i" : "ALGOUSD-PERP",
      "m" : "4611686018431474203"
    }, {
      "d" : "1756458877407825402",
      "t" : 1756458877407,
      "tn" : 1756458877407825402,
      "q" : "847",
      "p" : "0.23610",
      "s" : "sell",
      "i" : "ALGOUSD-PERP",
      "m" : "4611686018431474202"
    }, {
      "d" : "1756458877407271926",
      "t" : 1756458877407,
      "tn" : 1756458877407271926,
      "q" : "1",
      "p" : "0.23612",
      "s" : "sell",
      "i" : "ALGOUSD-PERP",
      "m" : "4611686018431474201"
    }, {
      "d" : "1756458877407269646",
      "t" : 1756458877407,
      "tn" : 1756458877407269646,
      "q" : "1",
      "p" : "0.23617",
      "s" : "sell",
      "i" : "ALGOUSD-PERP",
      "m" : "4611686018431474200"
    }, {
      "d" : "1756458772397546752",
      "t" : 1756458772397,
      "tn" : 1756458772397546752,
      "q" : "1",
      "p" : "0.23637",
      "s" : "sell",
      "i" : "ALGOUSD-PERP",
      "m" : "4611686018431474199"
    }, {
      "d" : "1756458772397542350",
      "t" : 1756458772397,
      "tn" : 1756458772397542350,
      "q" : "982",
      "p" : "0.23638",
      "s" : "sell",
      "i" : "ALGOUSD-PERP",
      "m" : "4611686018431474198"
    }, {
      "d" : "1756458759870219119",
      "t" : 1756458759870,
      "tn" : 1756458759870219119,
      "q" : "1",
      "p" : "0.23622",
      "s" : "sell",
      "i" : "ALGOUSD-PERP",
      "m" : "4611686018431474197"
    }, {
      "d" : "1756458759870217221",
      "t" : 1756458759870,
      "tn" : 1756458759870217221,
      "q" : "1",
      "p" : "0.23627",
      "s" : "sell",
      "i" : "ALGOUSD-PERP",
      "m" : "4611686018431474196"
    }, {
      "d" : "1756458676536422505",
      "t" : 1756458676536,
      "tn" : 1756458676536422504,
      "q" : "996",
      "p" : "0.23577",
      "s" : "sell",
      "i" : "ALGOUSD-PERP",
      "m" : "4611686018431474195"
    }, {
      "d" : "1756458676536422504",
      "t" : 1756458676536,
      "tn" : 1756458676536422504,
      "q" : "1",
      "p" : "0.23577",
      "s" : "sell",
      "i" : "ALGOUSD-PERP",
      "m" : "4611686018431474195"
    }, {
      "d" : "1756458675327170856",
      "t" : 1756458675327,
      "tn" : 1756458675327170856,
      "q" : "979",
      "p" : "0.23578",
      "s" : "sell",
      "i" : "ALGOUSD-PERP",
      "m" : "4611686018431474194"
    }, {
      "d" : "1756458675326569128",
      "t" : 1756458675326,
      "tn" : 1756458675326569128,
      "q" : "979",
      "p" : "0.23581",
      "s" : "sell",
      "i" : "ALGOUSD-PERP",
      "m" : "4611686018431474193"
    }, {
      "d" : "1756458675326566510",
      "t" : 1756458675326,
      "tn" : 1756458675326566510,
      "q" : "1",
      "p" : "0.23582",
      "s" : "sell",
      "i" : "ALGOUSD-PERP",
      "m" : "4611686018431474192"
    } ]
  }
}