{
  "id" : -1,
  "method" : "public/get-trades",
  "code" : 0,
  "result" : {
    "data" : [ {
      "d" : "1756460087963228395",
      "t" : 1756460087963,
      "tn" : 1756460087963228395,
      "q" : "5",
      "p" : "0.23564",
      "s" : "buy",
      "i" : "ALGO_USD",
      "m" : "4611686018432605878"
    }, {
      "d" : "1756460087878778612",
      "t" : 1756460087878,
      "tn" : 1756460087878778612,
      "q" : "5",
      "p" : "0.23564",
      "s" : "buy",
      "i" : "ALGO_USD",
      "m" : "4611686018432605877"
    }, {
      "d" : "1756460087407273285",
      "t" : 1756460087407,
      "tn" : 1756460087407273285,
      "q" : "5",
      "p" : "0.23564",
      "s" : "buy",
      "i" : "ALGO_USD",
      "m" : "4611686018432605876"
    }, {
      "d" : "1756460087362208600",
      "t" : 1756460087362,
      "tn" : 1756460087362208600,
      "q" : "5",
      "p" : "0.23564",
      "s" : "buy",
      "i" : "ALGO_USD",
      "m" : "4611686018432605875"
    }, {
      "d" : "1756460087261824359",
      "t" : 1756460087261,
      "tn" : 1756460087261824359,
      "q" : "5",
      "p" : "0.23564",
      "s" : "buy",
      "i" : "ALGO_USD",
      "m" : "4611686018432605874"
    }, {
      "d" : "1756460087067872099",
      "t" : 1756460087067,
      "tn" : 1756460087067872099,
      "q" : "5",
      "p" : "0.23564",
      "s" : "buy",
      "i" : "ALGO_USD",
      "m" : "4611686018432605873"
    }, {
      "d" : "1756460086963236698",
      "t" : 1756460086963,
      "tn" : 1756460086963236698,
      "q" : "5",
      "p" : "0.23564",
      "s" : "buy",
      "i" : "ALGO_USD",
      "m" : "4611686018432605872"
    }, {
      "d" : "1756460086913939761",
      "t" : 1756460086913,
      "tn" : 1756460086913939761,
      "q" : "5",
      "p" : "0.23563",
      "s" : "buy",
      "i" : "ALGO_USD",
      "m" : "4611686018432605871"
    }, {
      "d" : "1756460086908444045",
      "t" : 1756460086908,
      "tn" : 1756460086908444045,
      "q" : "5",
      "p" : "0.23564",
      "s" : "buy",
      "i" : "ALGO_USD",
      "m" : "4611686018432605870"
    }, {
      "d" : "1756460067828247988",
      "t" : 1756460067828,
      "tn" : 1756460067828247988,
      "q" : "5",
      "p" : "0.23570",
      "s" : "buy",
      "i" : "ALGO_USD",
      "m" : "4611686018432605869"
    }, {
      "d" : "1756460062006512055",
      "t" : 1756460062006,
      "tn" : 1756460062006512055,
      "q" : "5",
      "p" : "0.23570",
      "s" : "buy",
      "i" : "ALGO_USD",
      "m" : "4611686018432605868"
    }, {
      "d" : "1756460045302609207",
      "t" : 1756460045302,
      "tn" : 1756460045302609207,
      "q" : "5",
      "p" : "0.23581",
      "s" : "buy",
      "i" : "ALGO_USD",
      "m" : "4611686018432605867"
    }, {
      "d" : "1756460041357783094",
      "t" : 1756460041357,
      "tn" : 1756460041357783094,
      "q" : "5",
      "p" : "0.23589",
      "s" : "buy",
      "i" : "ALGO_USD",
      "m" : "4611686018432605866"
    }, {
      "d" : "1756460041347098954",
      "t" : 1756460041347,
      "tn" : 1756460041347098954,
      "q" : "5",
      "p" : "0.23589",
      "s" : "buy",
      "i" : "ALGO_USD",
      "m" : "4611686018432605865"
    }, {
      "d" : "1756460040852937210",
      "t" : 1756460040852,
      "tn" : 1756460040852937210,
      "q" : "5",
      "p" : "0.23581",
      "s" : "buy",
      "i" : "ALGO_USD",
      "m" : "4611686018432605864"
    }, {
      "d" : "1756460040417102401",
      "t" : 1756460040417,
      "tn" : 1756460040417102401,
      "q" : "430",
      "p" : "0.23589",
      "s" : "sell",
      "i" : "ALGO_USD",
      "m" : "4611686018432605863"
    }, {
      "d" : "1756460023788240949",
      "t" : 1756460023788,
      "tn" : 1756460023788240949,
      "q" : "430",
      "p" : "0.23596",
      "s" : "sell",
      "i" : "ALGO_USD",
      "m" : "4611686018432605862"
    }, {
      "d" : "1756460022912019820",
      "t" : 1756460022912,
      "tn" : 1756460022912019820,
      "q" : "5",
      "p" : "0.23589",
      "s" : "buy",
      "i" : "ALGO_USD",
      "m" : "4611686018432605861"
    }, {
      "d" : "1756459998198332566",
      "t" : 1756459998198,
      "tn" : 1756459998198332566,
      "q" : "430",
      "p" : "0.23598",
      "s" : "sell",
      "i" : "ALGO_USD",
      "m" : "4611686018432605860"
    }, {
      "d" : "1756459998195407239",
      "t" : 1756459998195,
      "tn" : 1756459998195407239,
      "q" : "3000",
      "p" : "0.23598",
      "s" : "sell",
      "i" : "ALGO_USD",
      "m" : "4611686018432605859"
    }, {
      "d" : "1756459998193803409",
      "t" : 1756459998193,
      "tn" : 1756459998193803409,
      "q" : "430",
      "p" : "0.23598",
      "s" : "sell",
      "i" : "ALGO_USD",
      "m" : "4611686018432605858"
    }, {
      "d" : "1756459992807555011",
      "t" : 1756459992807,
      "tn" : 1756459992807555011,
      "q" : "5",
      "p" : "0.23591",
      "s" : "buy",
      "i" : "ALGO_USD",
      "m" : "4611686018432605857"
    }, {
      "d" : "1756459988362766345",
      "t" : 1756459988362,
      "tn" : 1756459988362766345,
      "q" : "5",
      "p" : "0.23599",
      "s" : "buy",
      "i" : "ALGO_USD",
      "m" : "4611686018432605856"
    }, {
      "d" : "1756459988347266952",
      "t" : 1756459988347,
      "tn" : 1756459988347266952,
      "q" : "5",
      "p" : "0.23599",
      "s" : "buy",
      "i" : "ALGO_USD",
      "m" : "4611686018432605855"
    }, {
      "d" : "1756459988164047813",
      "t" : 1756459988164,
      "tn" : 1756459988164047813,
      "q" : "5",
      "p" : "0.23599",
      "s" : "buy",
      "i" : "ALGO_USD",
      "m" : "4611686018432605854"
    }, {
      "d" : "1756459987673826222",
      "t" : 1756459987673,
      "tn" : 1756459987673826222,
      "q" : "5",
      "p" : "0.23599",
      "s" : "buy",
      "i" : "ALGO_USD",
      "m" : "4611686018432605853"
    }, {
      "d" : "1756459983426693289",
      "t" : 1756459983426,
      "tn" : 1756459983426693289,
      "q" : "430",
      "p" : "0.23592",
      "s" : "buy",
      "i" : "ALGO_USD",
      "m" : "4611686018432605852"
    }, {
      "d" : "1756459983399589583",
      "t" : 1756459983399,
      "tn" : 1756459983399589583,
      "q" : "425",
      "p" : "0.23592",
      "s" : "buy",
      "i" : "ALGO_USD",
      "m" : "4611686018432605851"
    }, {
      "d" : "1756459983399587987",
      "t" : 1756459983399,
      "tn" : 1756459983399587987,
      "q" : "5",
      "p" : "0.23589",
      "s" : "buy",
      "i" : "ALGO_USD",
      "m" : "4611686018432605850"
    }, {
      "d" : "1756459983377452251",
      "t" : 1756459983377,
      "tn" : 1756459983377452251,
      "q" : "5",
      "p" : "0.23589",
      "s" : "buy",
      "i" : "ALGO_USD",
      "m" : "4611686018432605849"
    }, {
      "d" : "1756459981750616309",
      "t" : 1756459981750,
      "tn" : 1756459981750616309,
      "q" : "5",
      "p" : "0.23579",
      "s" : "buy",
      "i" : "ALGO_USD",
      "m" : "4611686018432605848"
    }, {
      "d" : "1756459981132041988",
      "t" : 1756459981132,
      "tn" : 1756459981132041988,
      "q" : "5",
      "p" : "0.23579",
      "s" : "buy",
      "i" : "ALGO_USD",
      "m" : "4611686018432605847"
    }, {
      "d" : "1756459980944049255",
      "t" : 1756459980944,
      "tn" : 1756459980944049255,
      "q" : "5",
      "p" : "0.23579",
      "s" : "buy",
      "i" : "ALGO_USD",
      "m" : "4611686018432605846"
    }, {
      "d" : "1756459980020846072",
      "t" : 1756459980020,
      "tn" : 1756459980020846072,
      "q" : "5",
      "p" : "0.23579",
      "s" : "buy",
      "i" : "ALGO_USD",
      "m" : "4611686018432605845"
    }, {
      "d" : "1756459977691590969",
      "t" : 1756459977691,
      "tn" : 1756459977691590969,
      "q" : "5",
      "p" : "0.23579",
      "s" : "buy",
      "i" : "ALGO_USD",
      "m" : "4611686018432605844"
    }, {
      "d" : "1756459973662700752",
      "t" : 1756459973662,
      "tn" : 1756459973662700752,
      "q" : "5",
      "p" : "0.23569",
      "s" : "buy",
      "i" : "ALGO_USD",
      "m" : "4611686018432605843"
    }, {
      "d" : "1756459973593236626",
      "t" : 1756459973593,
      "tn" : 1756459973593236626,
      "q" : "5",
      "p" : "0.23569",
      "s" : "buy",
      "i" : "ALGO_USD",
      "m" : "4611686018432605842"
    }, {
      "d" : "1756459973580852762",
      "t" : 1756459973580,
      "tn" : 1756459973580852762,
      "q" : "5",
      "p" : "0.23569",
      "s" : "buy",
      "i" : "ALGO_USD",
      "m" : "4611686018432605841"
    }, {
      "d" : "1756459973522868279",
      "t" : 1756459973522,
      "tn" : 1756459973522868279,
      "q" : "5",
      "p" : "0.23569",
      "s" : "buy",
      "i" : "ALGO_USD",
      "m" : "4611686018432605840"
    }, {
      "d" : "1756459973265914539",
      "t" : 1756459973265,
      "tn" : 1756459973265914539,
      "q" : "5",
      "p" : "0.23569",
      "s" : "buy",
      "i" : "ALGO_USD",
      "m" : "4611686018432605839"
    }, {
      "d" : "1756459973122519922",
      "t" : 1756459973122,
      "tn" : 1756459973122519922,
      "q" : "5",
      "p" : "0.23569",
      "s" : "buy",
      "i" : "ALGO_USD",
      "m" : "4611686018432605838"
    }, {
      "d" : "1756459968134036397",
      "t" : 1756459968134,
      "tn" : 1756459968134036397,
      "q" : "5",
      "p" : "0.23569",
      "s" : "buy",
      "i" : "ALGO_USD",
      "m" : "4611686018432605837"
    }, {
      "d" : "1756459967563237854",
      "t" : 1756459967563,
      "tn" : 1756459967563237854,
      "q" : "5",
      "p" : "0.23569",
      "s" : "buy",
      "i" : "ALGO_USD",
      "m" : "4611686018432605836"
    }, {
      "d" : "1756459967524899247",
      "t" : 1756459967524,
      "tn" : 1756459967524899247,
      "q" : "5",
      "p" : "0.23569",
      "s" : "buy",
      "i" : "ALGO_USD",
      "m" : "4611686018432605835"
    }, {
      "d" : "1756459967263259728",
      "t" : 1756459967263,
      "tn" : 1756459967263259728,
      "q" : "5",
      "p" : "0.23569",
      "s" : "buy",
      "i" : "ALGO_USD",
      "m" : "4611686018432605834"
    }, {
      "d" : "1756459967240626221",
      "t" : 1756459967240,
      "tn" : 1756459967240626221,
      "q" : "5",
      "p" : "0.23569",
      "s" : "buy",
      "i" : "ALGO_USD",
      "m" : "4611686018432605833"
    }, {
      "d" : "1756459966867201424",
      "t" : 1756459966867,
      "tn" : 1756459966867201424,
      "q" : "5",
      "p" : "0.23569",
      "s" : "buy",
      "i" : "ALGO_USD",
      "m" : "4611686018432605832"
    }, {
      "d" : "1756459966858881631",
      "t" : 1756459966858,
      "tn" : 1756459966858881631,
      "q" : "5",
      "p" : "0.23569",
      "s" : "buy",
      "i" : "ALGO_USD",
      "m" : "4611686018432605831"
    }, {
      "d" : "1756459966434382025",
      "t" : 1756459966434,
      "tn" : 1756459966434382025,
      "q" : "5",
      "p" : "0.23569",
      "s" : "buy",
      "i" : "ALGO_USD",
      "m" : "4611686018432605830"
    }, {
      "d" : "1756459965265885812",
      "t" : 1756459965265,
      "tn" : 1756459965265885812,
      "q" : "5",
      "p" : "0.23569",
      "s" : "buy",
      "i" : "ALGO_USD",
      "m" : "4611686018432605829"
    }, {
      "d" : "1756459965184045555",
      "t" : 1756459965184,
      "tn" : 1756459965184045555,
      "q" : "5",
      "p" : "0.23569",
      "s" : "buy",
      "i" : "ALGO_USD",
      "m" : "4611686018432605828"
    }, {
      "d" : "1756459963208261755",
      "t" : 1756459963208,
      "tn" : 1756459963208261755,
      "q" : "5",
      "p" : "0.23569",
      "s" : "buy",
      "i" : "ALGO_USD",
      "m" : "4611686018432605827"
    }, {
      "d" : "1756459963108044153",
      "t" : 1756459963108,
      "tn" : 1756459963108044153,
      "q" : "5",
      "p" : "0.23569",
      "s" : "buy",
      "i" : "ALGO_USD",
      "m" : "4611686018432605826"
    }, {
      "d" : "1756459963063012797",
      "t" : 1756459963063,
      "tn" : 1756459963063012797,
      "q" : "5",
      "p" : "0.23569",
      "s" : "buy",
      "i" : "ALGO_USD",
      "m" : "4611686018432605825"
    }, {
      "d" : "1756459962975247570",
      "t" : 1756459962975,
      "tn" : 1756459962975247570,
      "q" : "5",
      "p" : "0.23569",
      "s" : "buy",
      "i" : "ALGO_USD",
      "m" : "4611686018432605824"
    }, {
      "d" : "1756459962437261837",
      "t" : 1756459962437,
      "tn" : 1756459962437261837,
      "q" : "5",
      "p" : "0.23562",
      "s" : "buy",
      "i" : "ALGO_USD",
      "m" : "4611686018432605823"
    }, {
      "d" : "1756459955207564293",
      "t" : 1756459955207,
      "tn" : 1756459955207564293,
      "q" : "5",
      "p" : "0.23569",
      "s" : "buy",
      "i" : "ALGO_USD",
      "m" : "4611686018432605822"
    }, {
      "d" : "1756459955200049509",
      "t" : 1756459955200,
      "tn" : 1756459955200049509,
      "q" : "5",
      "p" : "0.23569",
      "s" : "buy",
      "i" : "ALGO_USD",
      "m" : "4611686018432605821"
    }, {
      "d" : "1756459954757854224",
      "t" : 1756459954757,
      "tn" : 1756459954757854224,
      "q" : "5",
      "p" : "0.23568",
      "s" : "sell",
      "i" : "ALGO_USD",
      "m" : "4611686018432605820"
    }, {
      "d" : "1756459951949477920",
      "t" : 1756459951949,
      "tn" : 1756459951949477920,
      "q" : "1386",
      "p" : "0.23581",
      "s" : "buy",
      "i" : "ALGO_USD",
      "m" : "4611686018432605819"
    }, {
      "d" : "1756459951930190961",
      "t" : 1756459951930,
      "tn" : 1756459951930190961,
      "q" : "5",
      "p" : "0.23529",
      "s" : "buy",
      "i" : "ALGO_USD",
      "m" : "4611686018432605818"
    }, {
      "d" : "1756459951928295171",
      "t" : 1756459951928,
      "tn" : 1756459951928295171,
      "q" : "2125",
      "p" : "0.23562",
      "s" : "buy",
      "i" : "ALGO_USD",
      "m" : "4611686018432605817"
    }, {
      "d" : "1756459951928292045",
      "t" : 1756459951928,
      "tn" : 1756459951928292045,
      "q" : "430",
      "p" : "0.23557",
      "s" : "buy",
      "i" : "ALGO_USD",
      "m" : "4611686018432605816"
    }, {
      "d" : "1756459951928289702",
      "t" : 1756459951928,
      "tn" : 1756459951928289702,
      "q" : "2152",
      "p" : "0.23553",
      "s" : "buy",
      "i" : "ALGO_USD",
      "m" : "4611686018432605815"
    }, {
      "d" : "1756459951928287559",
      "t" : 1756459951928,
      "tn" : 1756459951928287559,
      "q" : "430",
      "p" : "0.23551",
      "s" : "buy",
      "i" : "ALGO_USD",
      "m" : "4611686018432605814"
    }, {
      "d" : "1756459951927981859",
      "t" : 1756459951927,
      "tn" : 1756459951927981859,
      "q" : "1290",
      "p" : "0.23543",
      "s" : "buy",
      "i" : "ALGO_USD",
      "m" : "4611686018432605813"
    }, {
      "d" : "1756459951927979052",
      "t" : 1756459951927,
      "tn" : 1756459951927979052,
      "q" : "5",
      "p" : "0.23529",
      "s" : "buy",
      "i" : "ALGO_USD",
      "m" : "4611686018432605812"
    }, {
      "d" : "1756459940827057772",
      "t" : 1756459940827,
      "tn" : 1756459940827057772,
      "q" : "1266",
      "p" : "0.23543",
      "s" : "sell",
      "i" : "ALGO_USD",
      "m" : "4611686018432605811"
    }, {
      "d" : "1756459915524872530",
      "t" : 1756459915524,
      "tn" : 1756459915524872530,
      "q" : "5",
      "p" : "0.23550",
      "s" : "buy",
      "i" : "ALGO_USD",
      "m" : "4611686018432605810"
    }, {
      "d" : "1756459912147381052",
      "t" : 1756459912147,
      "tn" : 1756459912147381051,
      "q" : "1264",
      "p" : "0.23542",
      "s" : "sell",
      "i" : "ALGO_USD",
      "m" : "4611686018432605809"
    }, {
      "d" : "1756459912147381051",
      "t" : 1756459912147,
      "tn" : 1756459912147381051,
      "q" : "5024",
      "p" : "0.23542",
      "s" : "sell",
      "i" : "ALGO_USD",
      "m" : "4611686018432605809"
    }, {
      "d" : "1756459912147377267",
      "t" : 1756459912147,
      "tn" : 1756459912147377267,
      "q" : "4141",
      "p" : "0.23543",
      "s" : "sell",
      "i" : "ALGO_USD",
      "m" : "4611686018432605808"
    }, {
      "d" : "1756459910126743788",
      "t" : 1756459910126,
      "tn" : 1756459910126743788,
      "q" : "175",
      "p" : "0.23554",
      "s" : "sell",
      "i" : "ALGO_USD",
      "m" : "4611686018432605807"
    }, {
      "d" : "1756459910116248647",
      "t" : 1756459910116,
      "tn" : 1756459910116248647,
      "q" : "5",
      "p" : "0.23549",
      "s" : "buy",
      "i" : "ALGO_USD",
      "m" : "4611686018432605806"
    }, {
      "d" : "1756459907717721202",
      "t" : 1756459907717,
      "tn" : 1756459907717721202,
      "q" : "180",
      "p" : "0.23556",
      "s" : "sell",
      "i" : "ALGO_USD",
      "m" : "4611686018432605805"
    }, {
      "d" : "1756459813636151153",
      "t" : 1756459813636,
      "tn" : 1756459813636151153,
      "q" : "5",
      "p" : "0.23628",
      "s" : "sell",
      "i" : "ALGO_USD",
      "m" : "4611686018432605804"
    }, {
      "d" : "1756459813509729797",
      "t" : 1756459813509,
      "tn" : 1756459813509729797,
      "q" : "1721",
      "p" : "0.23627",
      "s" : "sell",
      "i" : "ALGO_USD",
      "m" : "4611686018432605803"
    }, {
      "d" : "1756459813509191124",
      "t" : 1756459813509,
      "tn" : 1756459813509191124,
      "q" : "824",
      "p" : "0.23627",
      "s" : "sell",
      "i" : "ALGO_USD",
      "m" : "4611686018432605802"
    }, {
      "d" : "1756459808674252909",
      "t" : 1756459808674,
      "tn" : 1756459808674252909,
      "q" : "5",
      "p" : "0.23638",
      "s" : "sell",
      "i" : "ALGO_USD",
      "m" : "4611686018432605801"
    }, {
      "d" : "1756459808649125448",
      "t" : 1756459808649,
      "tn" : 1756459808649125448,
      "q" : "5",
      "p" : "0.23638",
      "s" : "sell",
      "i" : "ALGO_USD",
      "m" : "4611686018432605800"
    }, {
      "d" : "1756459808626898613",
      "t" : 1756459808626,
      "tn" : 1756459808626898613,
      "q" : "5",
      "p" : "0.23638",
      "s" : "sell",
      "i" : "ALGO_USD",
      "m" : "4611686018432605799"
    }, {
      "d" : "1756459807082088573",
      "t" : 1756459807082,
      "tn" : 1756459807082088573,
      "q" : "5",
      "p" : "0.23658",
      "s" : "sell",
      "i" : "ALGO_USD",
      "m" : "4611686018432605798"
    }, {
      "d" : "1756459668686696220",
      "t" : 1756459668686,
      "tn" : 1756459668686696220,
      "q" : "5",
      "p" : "0.23638",
      "s" : "sell",
      "i" : "ALGO_USD",
      "m" : "4611686018432605797"
    }, {
      "d" : "1756459668680006759",
      "t" : 1756459668680,
      "tn" : 1756459668680006759,
      "q" : "5",
      "p" : "0.23638",
      "s" : "sell",
      "i" : "ALGO_USD",
      "m" : "4611686018432605796"
    }, {
      "d" : "1756459668568166810",
      "t" : 1756459668568,
      "tn" : 1756459668568166810,
      "q" : "5",
      "p" : "0.23638",
      "s" : "sell",
      "i" : "ALGO_USD",
      "m" : "4611686018432605795"
    }, {
      "d" : "1756459668548434177",
      "t" : 1756459668548,
      "tn" : 1756459668548434177,
      "q" : "5",
      "p" : "0.23638",
      "s" : "sell",
      "i" : "ALGO_USD",
      "m" : "4611686018432605794"
    }, {
      "d" : "1756459645982219479",
      "t" : 1756459645982,
      "tn" : 1756459645982219479,
      "q" : "619",
      "p" : "0.23619",
      "s" : "buy",
      "i" : "ALGO_USD",
      "m" : "4611686018432605793"
    }, {
      "d" : "1756459645910811106",
      "t" : 1756459645910,
      "tn" : 1756459645910811106,
      "q" : "181",
      "p" : "0.23619",
      "s" : "buy",
      "i" : "ALGO_USD",
      "m" : "4611686018432605792"
    }, {
      "d" : "1756459640909919140",
      "t" : 1756459640909,
      "tn" : 1756459640909919140,
      "q" : "5",
      "p" : "0.23618",
      "s" : "sell",
      "i" : "ALGO_USD",
      "m" : "4611686018432605791"
    }, {
      "d" : "1756459638409634161",
      "t" : 1756459638409,
      "tn" : 1756459638409634161,
      "q" : "5",
      "p" : "0.23628",
      "s" : "sell",
      "i" : "ALGO_USD",
      "m" : "4611686018432605790"
    }, {
      "d" : "1756459631367916211",
      "t" : 1756459631367,
      "tn" : 1756459631367916211,
      "q" : "5",
      "p" : "0.23628",
      "s" : "sell",
      "i" : "ALGO_USD",
      "m" : "4611686018432605789"
    }, {
      "d" : "1756459624762616760",
      "t" : 1756459624762,
      "tn" : 1756459624762616760,
      "q" : "5",
      "p" : "0.23638",
      "s" : "sell",
      "i" : "ALGO_USD",
      "m" : "4611686018432605788"
    }, {
      "d" : "1756459624628206318",
      "t" : 1756459624628,
      "tn" : 1756459624628206318,
      "q" : "5",
      "p" : "0.23638",
      "s" : "sell",
      "i" : "ALGO_USD",
      "m" : "4611686018432605787"
    }, {
      "d" : "1756459624598893642",
      "t" : 1756459624598,
      "tn" : 1756459624598893642,
      "q" : "5",
      "p" : "0.23638",
      "s" : "sell",
      "i" : "ALGO_USD",
      "m" : "4611686018432605786"
    }, {
      "d" : "1756459620572905435",
      "t" : 1756459620572,
      "tn" : 1756459620572905435,
      "q" : "5",
      "p" : "0.23638",
      "s" : "sell",
      "i" : "ALGO_USD",
      "m" : "4611686018432605785"
    }, {
      "d" : "1756459620103800856",
      "t" : 1756459620103,
      "tn" : 1756459620103800855,
      "q" : "1055",
      "p" : "0.23638",
      "s" : "sell",
      "i" : "ALGO_USD",
      "m" : "4611686018432605784"
    }, {
      "d" : "1756459620103800855",
      "t" : 1756459620103,
      "tn" : 1756459620103800855,
      "q" : "5",
      "p" : "0.23638",
      "s" : "sell",
      "i" : "ALGO_USD",
      "m" : "4611686018432605784"
    }, {
      "d" : "1756459620046794643",
      "t" : 1756459620046,
      "tn" : 1756459620046794643,
      "q" : "5",
      "p" : "0.23638",
      "s" : "sell",
      "i" : "ALGO_USD",
      "m" : "4611686018432605783"
    }, {
      "d" : "1756459610961622712",
      "t" : 1756459610961,
      "tn" : 1756459610961622712,
      "q" : "5",
      "p" : "0.23648",
      "s" : "sell",
      "i" : "ALGO_USD",
      "m" : "4611686018432605782"
    }, {
      "d" : "1756459610952835201",
      "t" : 1756459610952,
      "tn" : 1756459610952835201,
      "q" : "5",
      "p" : "0.23648",
      "s" : "sell",
      "i" : "ALGO_USD",
      "m" : "4611686018432605781"
    }, {
      "d" : "1756459605174993811",
      "t" : 1756459605174,
      "tn" : 1756459605174993811,
      "q" : "5",
      "p" : "0.23638",
      "s" : "sell",
      "i" : "ALGO_USD",
      "m" : "4611686018432605780"
    }, {
      "d" : "1756459604961400293",
      "t" : 1756459604961,
      "tn" : 1756459604961400293,
      "q" : "5",
      "p" : "0.23648",
      "s" : "sell",
      "i" : "ALGO_USD",
      "m" : "4611686018432605779"
    }, {
      "d" : "1756459604920579248",
      "t" : 1756459604920,
      "tn" : 1756459604920579248,
      "q" : "5",
      "p" : "0.23648",
      "s" : "sell",
      "i" : "ALGO_USD",
      "m" : "4611686018432605778"
    }, {
      "d" : "1756459604773204639",
      "t" : 1756459604773,
      "tn" : 1756459604773204639,
      "q" : "5",
      "p" : "0.23648",
      "s" : "sell",
      "i" : "ALGO_USD",
      "m" : "4611686018432605777"
    }, {
      "d" : "1756459604754229351",
      "t" : 1756459604754,
      "tn" : 1756459604754229351,
      "q" : "5",
      "p" : "0.23648",
      "s" : "sell",
      "i" : "ALGO_USD",
      "m" : "4611686018432605776"
    }, {
      "d" : "1756459604743305516",
      "t" : 1756459604743,
      "tn" : 1756459604743305516,
      "q" : "5",
      "p" : "0.23648",
      "s" : "sell",
      "i" : "ALGO_USD",
      "m" : "4611686018432605775"
    }, {
      "d" : "1756459603152015872",
      "t" : 1756459603152,
      "tn" : 1756459603152015872,
      "q" : "5",
      "p" : "0.23658",
      "s" : "sell",
      "i" : "ALGO_USD",
      "m" : "4611686018432605774"
    }, {
      "d" : "1756459603145234762",
      "t" : 1756459603145,
      "tn" : 1756459603145234762,
      "q" : "5",
      "p" : "0.23658",
      "s" : "sell",
      "i" : "ALGO_USD",
      "m" : "4611686018432605773"
    }, {
      "d" : "1756459603036187979",
      "t" : 1756459603036,
      "tn" : 1756459603036187979,
      "q" : "5",
      "p" : "0.23658",
      "s" : "sell",
      "i" : "ALGO_USD",
      "m" : "4611686018432605772"
    }, {
      "d" : "1756459601461799559",
      "t" : 1756459601461,
      "tn" : 1756459601461799559,
      "q" : "5",
      "p" : "0.23668",
      "s" : "sell",
      "i" : "ALGO_USD",
      "m" : "4611686018432605771"
    }, {
      "d" : "1756459601443802743",
      "t" : 1756459601443,
      "tn" : 1756459601443802743,
      "q" : "5",
      "p" : "0.23668",
      "s" : "sell",
      "i" : "ALGO_USD",
      "m" : "4611686018432605770"
    }, {
      "d" : "1756459601371088639",
      "t" : 1756459601371,
      "tn" : 1756459601371088639,
      "q" : "5",
      "p" : "0.23668",
      "s" : "sell",
      "i" : "ALGO_USD",
      "m" : "4611686018432605769"
    }, {
      "d" : "1756459564802301459",
      "t" : 1756459564802,
      "tn" : 1756459564802301459,
      "q" : "5",
      "p" : "0.23678",
      "s" : "sell",
      "i" : "ALGO_USD",
      "m" : "4611686018432605768"
    }, {
      "d" : "1756459507597825230",
      "t" : 1756459507597,
      "tn" : 1756459507597825230,
      "q" : "5",
      "p" : "0.23638",
      "s" : "sell",
      "i" : "ALGO_USD",
      "m" : "4611686018432605767"
    }, {
      "d" : "1756459507523053961",
      "t" : 1756459507523,
      "tn" : 1756459507523053961,
      "q" : "5",
      "p" : "0.23638",
      "s" : "sell",
      "i" : "ALGO_USD",
      "m" : "4611686018432605766"
    }, {
      "d" : "1756459507187286402",
      "t" : 1756459507187,
      "tn" : 1756459507187286402,
      "q" : "5",
      "p" : "0.23638",
      "s" : "sell",
      "i" : "ALGO_USD",
      "m" : "4611686018432605765"
    }, {
      "d" : "1756459505961676142",
      "t" : 1756459505961,
      "tn" : 1756459505961676142,
      "q" : "5",
      "p" : "0.23648",
      "s" : "sell",
      "i" : "ALGO_USD",
      "m" : "4611686018432605764"
    }, {
      "d" : "1756459505897404614",
      "t" : 1756459505897,
      "tn" : 1756459505897404614,
      "q" : "5",
      "p" : "0.23648",
      "s" : "sell",
      "i" : "ALGO_USD",
      "m" : "4611686018432605763"
    }, {
      "d" : "1756459505774377987",
      "t" : 1756459505774,
      "tn" : 1756459505774377987,
      "q" : "5",
      "p" : "0.23648",
      "s" : "sell",
      "i" : "ALGO_USD",
      "m" : "4611686018432605762"
    }, {
      "d" : "1756459505755259718",
      "t" : 1756459505755,
      "tn" : 1756459505755259718,
      "q" : "5",
      "p" : "0.23648",
      "s" : "sell",
      "i" : "ALGO_USD",
      "m" : "4611686018432605761"
    }, {
      "d" : "1756459505267224593",
      "t" : 1756459505267,
      "tn" : 1756459505267224593,
      "q" : "5",
      "p" : "0.23658",
      "s" : "sell",
      "i" : "ALGO_USD",
      "m" : "4611686018432605760"
    }, {
      "d" : "1756459505239530254",
      "t" : 1756459505239,
      "tn" : 1756459505239530254,
      "q" : "5",
      "p" : "0.23658",
      "s" : "sell",
      "i" : "ALGO_USD",
      "m" : "4611686018432605759"
    }, {
      "d" : "1756459475963190259",
      "t" : 1756459475963,
      "tn" : 1756459475963190259,
      "q" : "5",
      "p" : "0.23648",
      "s" : "sell",
      "i" : "ALGO_USD",
      "m" : "4611686018432605758"
    }, {
      "d" : "1756459475948527151",
      "t" : 1756459475948,
      "tn" : 1756459475948527151,
      "q" : "5",
      "p" : "0.23648",
      "s" : "sell",
      "i" : "ALGO_USD",
      "m" : "4611686018432605757"
    }, {
      "d" : "1756459475822276232",
      "t" : 1756459475822,
      "tn" : 1756459475822276232,
      "q" : "5",
      "p" : "0.23648",
      "s" : "sell",
      "i" : "ALGO_USD",
      "m" : "4611686018432605756"
    }, {
      "d" : "1756459475263507230",
      "t" : 1756459475263,
      "tn" : 1756459475263507230,
      "q" : "5",
      "p" : "0.23648",
      "s" : "sell",
      "i" : "ALGO_USD",
      "m" : "4611686018432605755"
    }, {
      "d" : "1756459468286545509",
      "t" : 1756459468286,
      "tn" : 1756459468286545509,
      "q" : "5",
      "p" : "0.23658",
      "s" : "sell",
      "i" : "ALGO_USD",
      "m" : "4611686018432605754"
    }, {
      "d" : "1756459468261519159",
      "t" : 1756459468261,
      "tn" : 1756459468261519159,
      "q" : "5",
      "p" : "0.23658",
      "s" : "sell",
      "i" : "ALGO_USD",
      "m" : "4611686018432605753"
    }, {
      "d" : "1756459468172238095",
      "t" : 1756459468172,
      "tn" : 1756459468172238095,
      "q" : "5",
      "p" : "0.23658",
      "s" : "sell",
      "i" : "ALGO_USD",
      "m" : "4611686018432605752"
    }, {
      "d" : "1756459466561723144",
      "t" : 1756459466561,
      "tn" : 1756459466561723144,
      "q" : "5",
      "p" : "0.23658",
      "s" : "sell",
      "i" : "ALGO_USD",
      "m" : "4611686018432605751"
    }, {
      "d" : "1756459466276470602",
      "t" : 1756459466276,
      "tn" : 1756459466276470602,
      "q" : "5",
      "p" : "0.23658",
      "s" : "sell",
      "i" : "ALGO_USD",
      "m" : "4611686018432605750"
    }, {
      "d" : "1756459466201396099",
      "t" : 1756459466201,
      "tn" : 1756459466201396099,
      "q" : "5",
      "p" : "0.23658",
      "s" : "sell",
      "i" : "ALGO_USD",
      "m" : "4611686018432605749"
    }, {
      "d" : "1756459466175603162",
      "t" : 1756459466175,
      "tn" : 1756459466175603162,
      "q" : "5",
      "p" : "0.23658",
      "s" : "sell",
      "i" : "ALGO_USD",
      "m" : "4611686018432605748"
    }, {
      "d" : "1756459456896020594",
      "t" : 1756459456896,
      "tn" : 1756459456896020594,
      "q" : "5",
      "p" : "0.23668",
      "s" : "sell",
      "i" : "ALGO_USD",
      "m" : "4611686018432605747"
    }, {
      "d" : "1756459456843643398",
      "t" : 1756459456843,
      "tn" : 1756459456843643398,
      "q" : "5",
      "p" : "0.23668",
      "s" : "sell",
      "i" : "ALGO_USD",
      "m" : "4611686018432605746"
    }, {
      "d" : "1756459456227019040",
      "t" : 1756459456227,
      "tn" : 1756459456227019040,
      "q" : "5",
      "p" : "0.23668",
      "s" : "sell",
      "i" : "ALGO_USD",
      "m" : "4611686018432605745"
    }, {
      "d" : "1756459453981862118",
      "t" : 1756459453981,
      "tn" : 1756459453981862118,
      "q" : "5",
      "p" : "0.23659",
      "s" : "buy",
      "i" : "ALGO_USD",
      "m" : "4611686018432605744"
    }, {
      "d" : "1756459452429065503",
      "t" : 1756459452429,
      "tn" : 1756459452429065503,
      "q" : "5",
      "p" : "0.23658",
      "s" : "sell",
      "i" : "ALGO_USD",
      "m" : "4611686018432605743"
    }, {
      "d" : "1756459452097719344",
      "t" : 1756459452097,
      "tn" : 1756459452097719344,
      "q" : "5",
      "p" : "0.23668",
      "s" : "sell",
      "i" : "ALGO_USD",
      "m" : "4611686018432605742"
    }, {
      "d" : "1756459449249015966",
      "t" : 1756459449249,
      "tn" : 1756459449249015966,
      "q" : "5",
      "p" : "0.23678",
      "s" : "sell",
      "i" : "ALGO_USD",
      "m" : "4611686018432605741"
    }, {
      "d" : "1756459421861909977",
      "t" : 1756459421861,
      "tn" : 1756459421861909977,
      "q" : "5",
      "p" : "0.23678",
      "s" : "sell",
      "i" : "ALGO_USD",
      "m" : "4611686018432605740"
    }, {
      "d" : "1756459421826656076",
      "t" : 1756459421826,
      "tn" : 1756459421826656076,
      "q" : "5",
      "p" : "0.23678",
      "s" : "sell",
      "i" : "ALGO_USD",
      "m" : "4611686018432605739"
    }, {
      "d" : "1756459421764113816",
      "t" : 1756459421764,
      "tn" : 1756459421764113816,
      "q" : "5",
      "p" : "0.23678",
      "s" : "sell",
      "i" : "ALGO_USD",
      "m" : "4611686018432605738"
    }, {
      "d" : "1756459421638855709",
      "t" : 1756459421638,
      "tn" : 1756459421638855709,
      "q" : "5",
      "p" : "0.23678",
      "s" : "sell",
      "i" : "ALGO_USD",
      "m" : "4611686018432605737"
    }, {
      "d" : "1756459421261809704",
      "t" : 1756459421261,
      "tn" : 1756459421261809704,
      "q" : "5",
      "p" : "0.23678",
      "s" : "sell",
      "i" : "ALGO_USD",
      "m" : "4611686018432605736"
    }, {
      "d" : "1756459421096200374",
      "t" : 1756459421096,
      "tn" : 1756459421096200374,
      "q" : "5",
      "p" : "0.23678",
      "s" : "sell",
      "i" : "ALGO_USD",
      "m" : "4611686018432605735"
    }, {
      "d" : "1756459420703811228",
      "t" : 1756459420703,
      "tn" : 1756459420703811228,
      "q" : "5",
      "p" : "0.23678",
      "s" : "sell",
      "i" : "ALGO_USD",
      "m" : "4611686018432605734"
    }, {
      "d" : "1756459420290461789",
      "t" : 1756459420290,
      "tn" : 1756459420290461789,
      "q" : "5",
      "p" : "0.23678",
      "s" : "sell",
      "i" : "ALGO_USD",
      "m" : "4611686018432605733"
    }, {
      "d" : "1756459419887521710",
      "t" : 1756459419887,
      "tn" : 1756459419887521710,
      "q" : "5",
      "p" : "0.23678",
      "s" : "sell",
      "i" : "ALGO_USD",
      "m" : "4611686018432605732"
    }, {
      "d" : "1756459419522227497",
      "t" : 1756459419522,
      "tn" : 1756459419522227497,
      "q" : "5",
      "p" : "0.23678",
      "s" : "sell",
      "i" : "ALGO_USD",
      "m" : "4611686018432605731"
    } ]
  }
}