{
  "id" : -1,
  "method" : "public/get-trades",
  "code" : 0,
  "result" : {
    "data" : [ {
      "d" : "1756459183562172110",
      "t" : 1756459183562,
      "tn" : 1756459183562172110,
      "q" : "1277",
      "p" : "0.000002158",
      "s" : "buy",
      "i" : "ALGO_BTC",
      "m" : "4611686018429088310"
    }, {
      "d" : "1756458062484965563",
      "t" : 1756458062484,
      "tn" : 1756458062484965563,
      "q" : "357",
      "p" : "0.000002157",
      "s" : "sell",
      "i" : "ALGO_BTC",
      "m" : "4611686018429088309"
    }, {
      "d" : "1756457912448641738",
      "t" : 1756457912448,
      "tn" : 1756457912448641738,
      "q" : "46",
      "p" : "0.000002163",
      "s" : "buy",
      "i" : "ALGO_BTC",
      "m" : "4611686018429088308"
    }, {
      "d" : "1756457258757192135",
      "t" : 1756457258757,
      "tn" : 1756457258757192134,
      "q" : "75",
      "p" : "0.000002162",
      "s" : "sell",
      "i" : "ALGO_BTC",
      "m" : "4611686018429088307"
    }, {
      "d" : "1756457258757192134",
      "t" : 1756457258757,
      "tn" : 1756457258757192134,
      "q" : "180",
      "p" : "0.000002162",
      "s" : "sell",
      "i" : "ALGO_BTC",
      "m" : "4611686018429088307"
    }, {
      "d" : "1756455566894866352",
      "t" : 1756455566894,
      "tn" : 1756455566894866352,
      "q" : "5",
      "p" : "0.000002175",
      "s" : "sell",
      "i" : "ALGO_BTC",
      "m" : "4611686018429088306"
    }, {
      "d" : "1756455565632138680",
      "t" : 1756455565632,
      "tn" : 1756455565632138680,
      "q" : "5",
      "p" : "0.000002175",
      "s" : "sell",
      "i" : "ALGO_BTC",
      "m" : "4611686018429088305"
    }, {
      "d" : "1756455565629093297",
      "t" : 1756455565629,
      "tn" : 1756455565629093297,
      "q" : "5",
      "p" : "0.000002175",
      "s" : "sell",
      "i" : "ALGO_BTC",
      "m" : "4611686018429088304"
    }, {
      "d" : "1756455565521883275",
      "t" : 1756455565521,
      "tn" : 1756455565521883275,
      "q" : "5",
      "p" : "0.000002175",
      "s" : "sell",
      "i" : "ALGO_BTC",
      "m" : "4611686018429088303"
    }, {
      "d" : "1756455565519007269",
      "t" : 1756455565519,
      "tn" : 1756455565519007269,
      "q" : "5",
      "p" : "0.000002175",
      "s" : "sell",
      "i" : "ALGO_BTC",
      "m" : "4611686018429088302"
    }, {
      "d" : "1756455441661405001",
      "t" : 1756455441661,
      "tn" : 1756455441661405001,
      "q" : "5",
      "p" : "0.000002174",
      "s" : "sell",
      "i" : "ALGO_BTC",
      "m" : "4611686018429088301"
    }, {
      "d" : "1756455441565720555",
      "t" : 1756455441565,
      "tn" : 1756455441565720555,
      "q" : "5",
      "p" : "0.000002174",
      "s" : "sell",
      "i" : "ALGO_BTC",
      "m" : "4611686018429088300"
    }, {
      "d" : "1756455441559442350",
      "t" : 1756455441559,
      "tn" : 1756455441559442350,
      "q" : "5",
      "p" : "0.000002174",
      "s" : "sell",
      "i" : "ALGO_BTC",
      "m" : "4611686018429088299"
    }, {
      "d" : "1756455441525551788",
      "t" : 1756455441525,
      "tn" : 1756455441525551788,
      "q" : "5",
      "p" : "0.000002174",
      "s" : "sell",
      "i" : "ALGO_BTC",
      "m" : "4611686018429088298"
    }, {
      "d" : "1756455441519452067",
      "t" : 1756455441519,
      "tn" : 1756455441519452067,
      "q" : "5",
      "p" : "0.000002174",
      "s" : "sell",
      "i" : "ALGO_BTC",
      "m" : "4611686018429088297"
    }, {
      "d" : "1756455429388846648",
      "t" : 1756455429388,
      "tn" : 1756455429388846648,
      "q" : "5",
      "p" : "0.000002176",
      "s" : "sell",
      "i" : "ALGO_BTC",
      "m" : "4611686018429088296"
    }, {
      "d" : "1756455429017711167",
      "t" : 1756455429017,
      "tn" : 1756455429017711167,
      "q" : "309",
      "p" : "0.000002176",
      "s" : "sell",
      "i" : "ALGO_BTC",
      "m" : "4611686018429088295"
    }, {
      "d" : "1756455429012776091",
      "t" : 1756455429012,
      "tn" : 1756455429012776091,
      "q" : "5",
      "p" : "0.000002176",
      "s" : "sell",
      "i" : "ALGO_BTC",
      "m" : "4611686018429088294"
    }, {
      "d" : "1756455428967609105",
      "t" : 1756455428967,
      "tn" : 1756455428967609105,
      "q" : "5",
      "p" : "0.000002176",
      "s" : "sell",
      "i" : "ALGO_BTC",
      "m" : "4611686018429088293"
    }, {
      "d" : "1756455428867531074",
      "t" : 1756455428867,
      "tn" : 1756455428867531074,
      "q" : "5",
      "p" : "0.000002176",
      "s" : "sell",
      "i" : "ALGO_BTC",
      "m" : "4611686018429088292"
    }, {
      "d" : "1756455428757403359",
      "t" : 1756455428757,
      "tn" : 1756455428757403359,
      "q" : "5",
      "p" : "0.000002176",
      "s" : "sell",
      "i" : "ALGO_BTC",
      "m" : "4611686018429088291"
    }, {
      "d" : "1756455428677224801",
      "t" : 1756455428677,
      "tn" : 1756455428677224801,
      "q" : "5",
      "p" : "0.000002176",
      "s" : "sell",
      "i" : "ALGO_BTC",
      "m" : "4611686018429088290"
    }, {
      "d" : "1756455428662491596",
      "t" : 1756455428662,
      "tn" : 1756455428662491596,
      "q" : "5",
      "p" : "0.000002176",
      "s" : "sell",
      "i" : "ALGO_BTC",
      "m" : "4611686018429088289"
    }, {
      "d" : "1756455428591964035",
      "t" : 1756455428591,
      "tn" : 1756455428591964035,
      "q" : "5",
      "p" : "0.000002176",
      "s" : "sell",
      "i" : "ALGO_BTC",
      "m" : "4611686018429088288"
    }, {
      "d" : "1756455428561991297",
      "t" : 1756455428561,
      "tn" : 1756455428561991297,
      "q" : "5",
      "p" : "0.000002176",
      "s" : "sell",
      "i" : "ALGO_BTC",
      "m" : "4611686018429088287"
    }, {
      "d" : "1756454810627702477",
      "t" : 1756454810627,
      "tn" : 1756454810627702477,
      "q" : "5",
      "p" : "0.000002184",
      "s" : "sell",
      "i" : "ALGO_BTC",
      "m" : "4611686018429088286"
    }, {
      "d" : "1756454779029409793",
      "t" : 1756454779029,
      "tn" : 1756454779029409793,
      "q" : "3",
      "p" : "0.000002188",
      "s" : "buy",
      "i" : "ALGO_BTC",
      "m" : "4611686018429088285"
    }, {
      "d" : "1756454779029407574",
      "t" : 1756454779029,
      "tn" : 1756454779029407574,
      "q" : "42",
      "p" : "0.000002187",
      "s" : "buy",
      "i" : "ALGO_BTC",
      "m" : "4611686018429088284"
    }, {
      "d" : "1756454745535215606",
      "t" : 1756454745535,
      "tn" : 1756454745535215606,
      "q" : "5",
      "p" : "0.000002183",
      "s" : "sell",
      "i" : "ALGO_BTC",
      "m" : "4611686018429088283"
    }, {
      "d" : "1756454745264751901",
      "t" : 1756454745264,
      "tn" : 1756454745264751901,
      "q" : "5",
      "p" : "0.000002183",
      "s" : "sell",
      "i" : "ALGO_BTC",
      "m" : "4611686018429088282"
    }, {
      "d" : "1756454745245347647",
      "t" : 1756454745245,
      "tn" : 1756454745245347647,
      "q" : "5",
      "p" : "0.000002183",
      "s" : "sell",
      "i" : "ALGO_BTC",
      "m" : "4611686018429088281"
    }, {
      "d" : "1756454740616051922",
      "t" : 1756454740616,
      "tn" : 1756454740616051922,
      "q" : "5",
      "p" : "0.000002183",
      "s" : "sell",
      "i" : "ALGO_BTC",
      "m" : "4611686018429088280"
    }, {
      "d" : "1756454740614043633",
      "t" : 1756454740614,
      "tn" : 1756454740614043633,
      "q" : "5",
      "p" : "0.000002183",
      "s" : "sell",
      "i" : "ALGO_BTC",
      "m" : "4611686018429088279"
    }, {
      "d" : "1756454586342182874",
      "t" : 1756454586342,
      "tn" : 1756454586342182874,
      "q" : "451",
      "p" : "0.000002185",
      "s" : "sell",
      "i" : "ALGO_BTC",
      "m" : "4611686018429088278"
    }, {
      "d" : "1756454321046710026",
      "t" : 1756454321046,
      "tn" : 1756454321046710026,
      "q" : "29",
      "p" : "0.000002193",
      "s" : "sell",
      "i" : "ALGO_BTC",
      "m" : "4611686018429088277"
    }, {
      "d" : "1756451941091179061",
      "t" : 1756451941091,
      "tn" : 1756451941091179061,
      "q" : "42",
      "p" : "0.000002197",
      "s" : "sell",
      "i" : "ALGO_BTC",
      "m" : "4611686018429088276"
    }, {
      "d" : "1756451665867688867",
      "t" : 1756451665867,
      "tn" : 1756451665867688867,
      "q" : "118",
      "p" : "0.000002194",
      "s" : "sell",
      "i" : "ALGO_BTC",
      "m" : "4611686018429088275"
    }, {
      "d" : "1756451665865465243",
      "t" : 1756451665865,
      "tn" : 1756451665865465243,
      "q" : "5",
      "p" : "0.000002194",
      "s" : "sell",
      "i" : "ALGO_BTC",
      "m" : "4611686018429088274"
    }, {
      "d" : "1756451664486838789",
      "t" : 1756451664486,
      "tn" : 1756451664486838789,
      "q" : "165",
      "p" : "0.000002194",
      "s" : "sell",
      "i" : "ALGO_BTC",
      "m" : "4611686018429088273"
    }, {
      "d" : "1756451660662798830",
      "t" : 1756451660662,
      "tn" : 1756451660662798830,
      "q" : "5",
      "p" : "0.000002194",
      "s" : "sell",
      "i" : "ALGO_BTC",
      "m" : "4611686018429088272"
    }, {
      "d" : "1756451660661165695",
      "t" : 1756451660661,
      "tn" : 1756451660661165695,
      "q" : "5",
      "p" : "0.000002194",
      "s" : "sell",
      "i" : "ALGO_BTC",
      "m" : "4611686018429088271"
    }, {
      "d" : "1756451660652931199",
      "t" : 1756451660652,
      "tn" : 1756451660652931199,
      "q" : "5",
      "p" : "0.000002194",
      "s" : "sell",
      "i" : "ALGO_BTC",
      "m" : "4611686018429088270"
    }, {
      "d" : "1756451660650987221",
      "t" : 1756451660650,
      "tn" : 1756451660650987221,
      "q" : "5",
      "p" : "0.000002194",
      "s" : "sell",
      "i" : "ALGO_BTC",
      "m" : "4611686018429088269"
    }, {
      "d" : "1756451660265082679",
      "t" : 1756451660265,
      "tn" : 1756451660265082679,
      "q" : "5",
      "p" : "0.000002194",
      "s" : "sell",
      "i" : "ALGO_BTC",
      "m" : "4611686018429088268"
    }, {
      "d" : "1756451660164939048",
      "t" : 1756451660164,
      "tn" : 1756451660164939048,
      "q" : "5",
      "p" : "0.000002194",
      "s" : "sell",
      "i" : "ALGO_BTC",
      "m" : "4611686018429088267"
    }, {
      "d" : "1756451660064862532",
      "t" : 1756451660064,
      "tn" : 1756451660064862532,
      "q" : "5",
      "p" : "0.000002194",
      "s" : "sell",
      "i" : "ALGO_BTC",
      "m" : "4611686018429088266"
    }, {
      "d" : "1756451659963551557",
      "t" : 1756451659963,
      "tn" : 1756451659963551557,
      "q" : "5",
      "p" : "0.000002194",
      "s" : "sell",
      "i" : "ALGO_BTC",
      "m" : "4611686018429088265"
    }, {
      "d" : "1756451659898324037",
      "t" : 1756451659898,
      "tn" : 1756451659898324037,
      "q" : "5",
      "p" : "0.000002194",
      "s" : "sell",
      "i" : "ALGO_BTC",
      "m" : "4611686018429088264"
    }, {
      "d" : "1756451659888350811",
      "t" : 1756451659888,
      "tn" : 1756451659888350811,
      "q" : "5",
      "p" : "0.000002194",
      "s" : "sell",
      "i" : "ALGO_BTC",
      "m" : "4611686018429088263"
    }, {
      "d" : "1756451659868356620",
      "t" : 1756451659868,
      "tn" : 1756451659868356620,
      "q" : "5",
      "p" : "0.000002194",
      "s" : "sell",
      "i" : "ALGO_BTC",
      "m" : "4611686018429088262"
    }, {
      "d" : "1756451659808179813",
      "t" : 1756451659808,
      "tn" : 1756451659808179813,
      "q" : "5",
      "p" : "0.000002194",
      "s" : "sell",
      "i" : "ALGO_BTC",
      "m" : "4611686018429088261"
    }, {
      "d" : "1756451659798363975",
      "t" : 1756451659798,
      "tn" : 1756451659798363975,
      "q" : "3",
      "p" : "0.000002194",
      "s" : "sell",
      "i" : "ALGO_BTC",
      "m" : "4611686018429088260"
    }, {
      "d" : "1756451659798362094",
      "t" : 1756451659798,
      "tn" : 1756451659798362094,
      "q" : "2",
      "p" : "0.000002195",
      "s" : "sell",
      "i" : "ALGO_BTC",
      "m" : "4611686018429088259"
    }, {
      "d" : "1756451657200175866",
      "t" : 1756451657200,
      "tn" : 1756451657200175866,
      "q" : "5",
      "p" : "0.000002195",
      "s" : "sell",
      "i" : "ALGO_BTC",
      "m" : "4611686018429088258"
    }, {
      "d" : "1756451656767047871",
      "t" : 1756451656767,
      "tn" : 1756451656767047871,
      "q" : "5",
      "p" : "0.000002195",
      "s" : "sell",
      "i" : "ALGO_BTC",
      "m" : "4611686018429088257"
    }, {
      "d" : "1756451656691987657",
      "t" : 1756451656691,
      "tn" : 1756451656691987657,
      "q" : "5",
      "p" : "0.000002195",
      "s" : "sell",
      "i" : "ALGO_BTC",
      "m" : "4611686018429088256"
    }, {
      "d" : "1756451656661955672",
      "t" : 1756451656661,
      "tn" : 1756451656661955672,
      "q" : "5",
      "p" : "0.000002195",
      "s" : "sell",
      "i" : "ALGO_BTC",
      "m" : "4611686018429088255"
    }, {
      "d" : "1756451656590254404",
      "t" : 1756451656590,
      "tn" : 1756451656590254404,
      "q" : "5",
      "p" : "0.000002195",
      "s" : "sell",
      "i" : "ALGO_BTC",
      "m" : "4611686018429088254"
    }, {
      "d" : "1756451656571577082",
      "t" : 1756451656571,
      "tn" : 1756451656571577082,
      "q" : "5",
      "p" : "0.000002195",
      "s" : "sell",
      "i" : "ALGO_BTC",
      "m" : "4611686018429088253"
    }, {
      "d" : "1756451656561757531",
      "t" : 1756451656561,
      "tn" : 1756451656561757531,
      "q" : "5",
      "p" : "0.000002195",
      "s" : "sell",
      "i" : "ALGO_BTC",
      "m" : "4611686018429088252"
    }, {
      "d" : "1756451490999837015",
      "t" : 1756451490999,
      "tn" : 1756451490999837015,
      "q" : "28",
      "p" : "0.000002201",
      "s" : "sell",
      "i" : "ALGO_BTC",
      "m" : "4611686018429088251"
    }, {
      "d" : "1756451406072520754",
      "t" : 1756451406072,
      "tn" : 1756451406072520754,
      "q" : "45",
      "p" : "0.000002203",
      "s" : "buy",
      "i" : "ALGO_BTC",
      "m" : "4611686018429088250"
    }, {
      "d" : "1756451393216126393",
      "t" : 1756451393216,
      "tn" : 1756451393216126393,
      "q" : "5",
      "p" : "0.000002200",
      "s" : "sell",
      "i" : "ALGO_BTC",
      "m" : "4611686018429088249"
    }, {
      "d" : "1756451392520230621",
      "t" : 1756451392520,
      "tn" : 1756451392520230621,
      "q" : "5",
      "p" : "0.000002200",
      "s" : "sell",
      "i" : "ALGO_BTC",
      "m" : "4611686018429088248"
    }, {
      "d" : "1756451392518342606",
      "t" : 1756451392518,
      "tn" : 1756451392518342606,
      "q" : "5",
      "p" : "0.000002200",
      "s" : "sell",
      "i" : "ALGO_BTC",
      "m" : "4611686018429088247"
    }, {
      "d" : "1756451392476164858",
      "t" : 1756451392476,
      "tn" : 1756451392476164858,
      "q" : "5",
      "p" : "0.000002200",
      "s" : "sell",
      "i" : "ALGO_BTC",
      "m" : "4611686018429088246"
    }, {
      "d" : "1756451392474025927",
      "t" : 1756451392474,
      "tn" : 1756451392474025927,
      "q" : "5",
      "p" : "0.000002200",
      "s" : "sell",
      "i" : "ALGO_BTC",
      "m" : "4611686018429088245"
    }, {
      "d" : "1756450885480232324",
      "t" : 1756450885480,
      "tn" : 1756450885480232324,
      "q" : "28",
      "p" : "0.000002208",
      "s" : "sell",
      "i" : "ALGO_BTC",
      "m" : "4611686018429088244"
    }, {
      "d" : "1756449602324242491",
      "t" : 1756449602324,
      "tn" : 1756449602324242491,
      "q" : "348",
      "p" : "0.000002212",
      "s" : "sell",
      "i" : "ALGO_BTC",
      "m" : "4611686018429088243"
    }, {
      "d" : "1756448650207558721",
      "t" : 1756448650207,
      "tn" : 1756448650207558721,
      "q" : "3",
      "p" : "0.000002215",
      "s" : "sell",
      "i" : "ALGO_BTC",
      "m" : "4611686018429088242"
    }, {
      "d" : "1756448642464685694",
      "t" : 1756448642464,
      "tn" : 1756448642464685694,
      "q" : "5",
      "p" : "0.000002215",
      "s" : "sell",
      "i" : "ALGO_BTC",
      "m" : "4611686018429088241"
    }, {
      "d" : "1756448640522297611",
      "t" : 1756448640522,
      "tn" : 1756448640522297611,
      "q" : "5",
      "p" : "0.000002215",
      "s" : "sell",
      "i" : "ALGO_BTC",
      "m" : "4611686018429088240"
    }, {
      "d" : "1756448640519074779",
      "t" : 1756448640519,
      "tn" : 1756448640519074779,
      "q" : "5",
      "p" : "0.000002215",
      "s" : "sell",
      "i" : "ALGO_BTC",
      "m" : "4611686018429088239"
    }, {
      "d" : "1756448640065534882",
      "t" : 1756448640065,
      "tn" : 1756448640065534882,
      "q" : "5",
      "p" : "0.000002215",
      "s" : "sell",
      "i" : "ALGO_BTC",
      "m" : "4611686018429088238"
    }, {
      "d" : "1756448640063563521",
      "t" : 1756448640063,
      "tn" : 1756448640063563521,
      "q" : "5",
      "p" : "0.000002215",
      "s" : "sell",
      "i" : "ALGO_BTC",
      "m" : "4611686018429088237"
    }, {
      "d" : "1756448566994933279",
      "t" : 1756448566994,
      "tn" : 1756448566994933279,
      "q" : "5",
      "p" : "0.000002215",
      "s" : "sell",
      "i" : "ALGO_BTC",
      "m" : "4611686018429088236"
    }, {
      "d" : "1756448566524286433",
      "t" : 1756448566524,
      "tn" : 1756448566524286433,
      "q" : "5",
      "p" : "0.000002215",
      "s" : "sell",
      "i" : "ALGO_BTC",
      "m" : "4611686018429088235"
    }, {
      "d" : "1756448566522289811",
      "t" : 1756448566522,
      "tn" : 1756448566522289811,
      "q" : "5",
      "p" : "0.000002215",
      "s" : "sell",
      "i" : "ALGO_BTC",
      "m" : "4611686018429088234"
    }, {
      "d" : "1756448565984967552",
      "t" : 1756448565984,
      "tn" : 1756448565984967552,
      "q" : "5",
      "p" : "0.000002215",
      "s" : "sell",
      "i" : "ALGO_BTC",
      "m" : "4611686018429088233"
    }, {
      "d" : "1756448565982964902",
      "t" : 1756448565982,
      "tn" : 1756448565982964902,
      "q" : "5",
      "p" : "0.000002215",
      "s" : "sell",
      "i" : "ALGO_BTC",
      "m" : "4611686018429088232"
    }, {
      "d" : "1756448440521777745",
      "t" : 1756448440521,
      "tn" : 1756448440521777745,
      "q" : "5",
      "p" : "0.000002215",
      "s" : "sell",
      "i" : "ALGO_BTC",
      "m" : "4611686018429088231"
    }, {
      "d" : "1756448424524765341",
      "t" : 1756448424524,
      "tn" : 1756448424524765341,
      "q" : "5",
      "p" : "0.000002215",
      "s" : "sell",
      "i" : "ALGO_BTC",
      "m" : "4611686018429088230"
    }, {
      "d" : "1756448424520338463",
      "t" : 1756448424520,
      "tn" : 1756448424520338463,
      "q" : "5",
      "p" : "0.000002215",
      "s" : "sell",
      "i" : "ALGO_BTC",
      "m" : "4611686018429088229"
    }, {
      "d" : "1756448424257395254",
      "t" : 1756448424257,
      "tn" : 1756448424257395254,
      "q" : "5",
      "p" : "0.000002215",
      "s" : "sell",
      "i" : "ALGO_BTC",
      "m" : "4611686018429088228"
    }, {
      "d" : "1756448424255415350",
      "t" : 1756448424255,
      "tn" : 1756448424255415350,
      "q" : "5",
      "p" : "0.000002215",
      "s" : "sell",
      "i" : "ALGO_BTC",
      "m" : "4611686018429088227"
    }, {
      "d" : "1756447839401418910",
      "t" : 1756447839401,
      "tn" : 1756447839401418910,
      "q" : "28",
      "p" : "0.000002220",
      "s" : "sell",
      "i" : "ALGO_BTC",
      "m" : "4611686018429088226"
    }, {
      "d" : "1756443924183849962",
      "t" : 1756443924183,
      "tn" : 1756443924183849962,
      "q" : "28",
      "p" : "0.000002227",
      "s" : "sell",
      "i" : "ALGO_BTC",
      "m" : "4611686018429088225"
    }, {
      "d" : "1756443451356317960",
      "t" : 1756443451356,
      "tn" : 1756443451356317960,
      "q" : "346",
      "p" : "0.000002229",
      "s" : "sell",
      "i" : "ALGO_BTC",
      "m" : "4611686018429088224"
    }, {
      "d" : "1756443372303650465",
      "t" : 1756443372303,
      "tn" : 1756443372303650465,
      "q" : "28",
      "p" : "0.000002231",
      "s" : "sell",
      "i" : "ALGO_BTC",
      "m" : "4611686018429088223"
    }, {
      "d" : "1756440369965090323",
      "t" : 1756440369965,
      "tn" : 1756440369965090323,
      "q" : "5",
      "p" : "0.000002237",
      "s" : "sell",
      "i" : "ALGO_BTC",
      "m" : "4611686018429088222"
    }, {
      "d" : "1756440369962844016",
      "t" : 1756440369962,
      "tn" : 1756440369962844016,
      "q" : "5",
      "p" : "0.000002237",
      "s" : "sell",
      "i" : "ALGO_BTC",
      "m" : "4611686018429088221"
    }, {
      "d" : "1756440369883979553",
      "t" : 1756440369883,
      "tn" : 1756440369883979553,
      "q" : "5",
      "p" : "0.000002237",
      "s" : "sell",
      "i" : "ALGO_BTC",
      "m" : "4611686018429088220"
    }, {
      "d" : "1756440369881814116",
      "t" : 1756440369881,
      "tn" : 1756440369881814116,
      "q" : "5",
      "p" : "0.000002237",
      "s" : "sell",
      "i" : "ALGO_BTC",
      "m" : "4611686018429088219"
    }, {
      "d" : "1756440360566386691",
      "t" : 1756440360566,
      "tn" : 1756440360566386691,
      "q" : "5",
      "p" : "0.000002237",
      "s" : "sell",
      "i" : "ALGO_BTC",
      "m" : "4611686018429088218"
    }, {
      "d" : "1756440360521297869",
      "t" : 1756440360521,
      "tn" : 1756440360521297869,
      "q" : "5",
      "p" : "0.000002237",
      "s" : "sell",
      "i" : "ALGO_BTC",
      "m" : "4611686018429088217"
    }, {
      "d" : "1756438287525768698",
      "t" : 1756438287525,
      "tn" : 1756438287525768698,
      "q" : "5",
      "p" : "0.000002241",
      "s" : "sell",
      "i" : "ALGO_BTC",
      "m" : "4611686018429088216"
    }, {
      "d" : "1756438287465847581",
      "t" : 1756438287465,
      "tn" : 1756438287465847581,
      "q" : "5",
      "p" : "0.000002241",
      "s" : "sell",
      "i" : "ALGO_BTC",
      "m" : "4611686018429088215"
    }, {
      "d" : "1756438286764117516",
      "t" : 1756438286764,
      "tn" : 1756438286764117516,
      "q" : "5",
      "p" : "0.000002241",
      "s" : "sell",
      "i" : "ALGO_BTC",
      "m" : "4611686018429088214"
    }, {
      "d" : "1756438286696075051",
      "t" : 1756438286696,
      "tn" : 1756438286696075051,
      "q" : "5",
      "p" : "0.000002241",
      "s" : "sell",
      "i" : "ALGO_BTC",
      "m" : "4611686018429088213"
    }, {
      "d" : "1756434769232390835",
      "t" : 1756434769232,
      "tn" : 1756434769232390835,
      "q" : "27",
      "p" : "0.000002246",
      "s" : "sell",
      "i" : "ALGO_BTC",
      "m" : "4611686018429088212"
    }, {
      "d" : "1756434251139566361",
      "t" : 1756434251139,
      "tn" : 1756434251139566361,
      "q" : "27",
      "p" : "0.000002251",
      "s" : "buy",
      "i" : "ALGO_BTC",
      "m" : "4611686018429088211"
    }, {
      "d" : "1756434131245047411",
      "t" : 1756434131245,
      "tn" : 1756434131245047411,
      "q" : "255",
      "p" : "0.000002247",
      "s" : "buy",
      "i" : "ALGO_BTC",
      "m" : "4611686018429088210"
    }, {
      "d" : "1756434130523124701",
      "t" : 1756434130523,
      "tn" : 1756434130523124701,
      "q" : "5",
      "p" : "0.000002247",
      "s" : "buy",
      "i" : "ALGO_BTC",
      "m" : "4611686018429088209"
    }, {
      "d" : "1756434129565865160",
      "t" : 1756434129565,
      "tn" : 1756434129565865160,
      "q" : "5",
      "p" : "0.000002247",
      "s" : "buy",
      "i" : "ALGO_BTC",
      "m" : "4611686018429088208"
    }, {
      "d" : "1756434129525773033",
      "t" : 1756434129525,
      "tn" : 1756434129525773033,
      "q" : "5",
      "p" : "0.000002247",
      "s" : "buy",
      "i" : "ALGO_BTC",
      "m" : "4611686018429088207"
    }, {
      "d" : "1756434129165266772",
      "t" : 1756434129165,
      "tn" : 1756434129165266772,
      "q" : "5",
      "p" : "0.000002247",
      "s" : "buy",
      "i" : "ALGO_BTC",
      "m" : "4611686018429088206"
    }, {
      "d" : "1756434129065212043",
      "t" : 1756434129065,
      "tn" : 1756434129065212043,
      "q" : "5",
      "p" : "0.000002247",
      "s" : "buy",
      "i" : "ALGO_BTC",
      "m" : "4611686018429088205"
    }, {
      "d" : "1756434128864116195",
      "t" : 1756434128864,
      "tn" : 1756434128864116195,
      "q" : "5",
      "p" : "0.000002247",
      "s" : "buy",
      "i" : "ALGO_BTC",
      "m" : "4611686018429088204"
    }, {
      "d" : "1756434128763991466",
      "t" : 1756434128763,
      "tn" : 1756434128763991466,
      "q" : "5",
      "p" : "0.000002247",
      "s" : "buy",
      "i" : "ALGO_BTC",
      "m" : "4611686018429088203"
    }, {
      "d" : "1756434128563524853",
      "t" : 1756434128563,
      "tn" : 1756434128563524853,
      "q" : "5",
      "p" : "0.000002247",
      "s" : "buy",
      "i" : "ALGO_BTC",
      "m" : "4611686018429088202"
    }, {
      "d" : "1756434128523448011",
      "t" : 1756434128523,
      "tn" : 1756434128523448011,
      "q" : "5",
      "p" : "0.000002247",
      "s" : "buy",
      "i" : "ALGO_BTC",
      "m" : "4611686018429088201"
    }, {
      "d" : "1756434128463362124",
      "t" : 1756434128463,
      "tn" : 1756434128463362124,
      "q" : "5",
      "p" : "0.000002247",
      "s" : "buy",
      "i" : "ALGO_BTC",
      "m" : "4611686018429088200"
    }, {
      "d" : "1756434128263119335",
      "t" : 1756434128263,
      "tn" : 1756434128263119335,
      "q" : "5",
      "p" : "0.000002247",
      "s" : "buy",
      "i" : "ALGO_BTC",
      "m" : "4611686018429088199"
    }, {
      "d" : "1756434128162989574",
      "t" : 1756434128162,
      "tn" : 1756434128162989574,
      "q" : "5",
      "p" : "0.000002247",
      "s" : "buy",
      "i" : "ALGO_BTC",
      "m" : "4611686018429088198"
    }, {
      "d" : "1756434128102900612",
      "t" : 1756434128102,
      "tn" : 1756434128102900612,
      "q" : "5",
      "p" : "0.000002247",
      "s" : "buy",
      "i" : "ALGO_BTC",
      "m" : "4611686018429088197"
    }, {
      "d" : "1756434128062908745",
      "t" : 1756434128062,
      "tn" : 1756434128062908745,
      "q" : "5",
      "p" : "0.000002247",
      "s" : "buy",
      "i" : "ALGO_BTC",
      "m" : "4611686018429088196"
    }, {
      "d" : "1756434127861787334",
      "t" : 1756434127861,
      "tn" : 1756434127861787334,
      "q" : "5",
      "p" : "0.000002247",
      "s" : "buy",
      "i" : "ALGO_BTC",
      "m" : "4611686018429088195"
    }, {
      "d" : "1756434127661506726",
      "t" : 1756434127661,
      "tn" : 1756434127661506726,
      "q" : "5",
      "p" : "0.000002247",
      "s" : "buy",
      "i" : "ALGO_BTC",
      "m" : "4611686018429088194"
    }, {
      "d" : "1756434127566233530",
      "t" : 1756434127566,
      "tn" : 1756434127566233530,
      "q" : "5",
      "p" : "0.000002247",
      "s" : "buy",
      "i" : "ALGO_BTC",
      "m" : "4611686018429088193"
    }, {
      "d" : "1756434127526205905",
      "t" : 1756434127526,
      "tn" : 1756434127526205905,
      "q" : "5",
      "p" : "0.000002247",
      "s" : "buy",
      "i" : "ALGO_BTC",
      "m" : "4611686018429088192"
    }, {
      "d" : "1756434064296033902",
      "t" : 1756434064296,
      "tn" : 1756434064296033902,
      "q" : "170",
      "p" : "0.000002246",
      "s" : "buy",
      "i" : "ALGO_BTC",
      "m" : "4611686018429088191"
    }, {
      "d" : "1756433654425122734",
      "t" : 1756433654425,
      "tn" : 1756433654425122734,
      "q" : "27",
      "p" : "0.000002243",
      "s" : "buy",
      "i" : "ALGO_BTC",
      "m" : "4611686018429088190"
    }, {
      "d" : "1756432401577349804",
      "t" : 1756432401577,
      "tn" : 1756432401577349804,
      "q" : "3",
      "p" : "0.000002235",
      "s" : "buy",
      "i" : "ALGO_BTC",
      "m" : "4611686018429088189"
    }, {
      "d" : "1756432399031909508",
      "t" : 1756432399031,
      "tn" : 1756432399031909508,
      "q" : "5",
      "p" : "0.000002235",
      "s" : "buy",
      "i" : "ALGO_BTC",
      "m" : "4611686018429088188"
    }, {
      "d" : "1756432398564306600",
      "t" : 1756432398564,
      "tn" : 1756432398564306600,
      "q" : "5",
      "p" : "0.000002235",
      "s" : "buy",
      "i" : "ALGO_BTC",
      "m" : "4611686018429088187"
    }, {
      "d" : "1756432398562650626",
      "t" : 1756432398562,
      "tn" : 1756432398562650626,
      "q" : "5",
      "p" : "0.000002235",
      "s" : "buy",
      "i" : "ALGO_BTC",
      "m" : "4611686018429088186"
    }, {
      "d" : "1756432398524631200",
      "t" : 1756432398524,
      "tn" : 1756432398524631200,
      "q" : "5",
      "p" : "0.000002235",
      "s" : "buy",
      "i" : "ALGO_BTC",
      "m" : "4611686018429088185"
    }, {
      "d" : "1756432398522627138",
      "t" : 1756432398522,
      "tn" : 1756432398522627138,
      "q" : "5",
      "p" : "0.000002235",
      "s" : "buy",
      "i" : "ALGO_BTC",
      "m" : "4611686018429088184"
    }, {
      "d" : "1756430505230300366",
      "t" : 1756430505230,
      "tn" : 1756430505230300366,
      "q" : "2241",
      "p" : "0.000002229",
      "s" : "sell",
      "i" : "ALGO_BTC",
      "m" : "4611686018429088183"
    }, {
      "d" : "1756430505161450684",
      "t" : 1756430505161,
      "tn" : 1756430505161450684,
      "q" : "1417",
      "p" : "0.000002229",
      "s" : "sell",
      "i" : "ALGO_BTC",
      "m" : "4611686018429088182"
    }, {
      "d" : "1756430505158940265",
      "t" : 1756430505158,
      "tn" : 1756430505158940264,
      "q" : "208",
      "p" : "0.000002229",
      "s" : "sell",
      "i" : "ALGO_BTC",
      "m" : "4611686018429088181"
    }, {
      "d" : "1756430505158940264",
      "t" : 1756430505158,
      "tn" : 1756430505158940264,
      "q" : "346",
      "p" : "0.000002229",
      "s" : "sell",
      "i" : "ALGO_BTC",
      "m" : "4611686018429088181"
    }, {
      "d" : "1756430505113475289",
      "t" : 1756430505113,
      "tn" : 1756430505113475289,
      "q" : "28",
      "p" : "0.000002230",
      "s" : "sell",
      "i" : "ALGO_BTC",
      "m" : "4611686018429088180"
    }, {
      "d" : "1756430473108632304",
      "t" : 1756430473108,
      "tn" : 1756430473108632304,
      "q" : "41",
      "p" : "0.000002230",
      "s" : "sell",
      "i" : "ALGO_BTC",
      "m" : "4611686018429088179"
    }, {
      "d" : "1756428187084725169",
      "t" : 1756428187084,
      "tn" : 1756428187084725169,
      "q" : "27",
      "p" : "0.000002240",
      "s" : "sell",
      "i" : "ALGO_BTC",
      "m" : "4611686018429088178"
    }, {
      "d" : "1756428168864966238",
      "t" : 1756428168864,
      "tn" : 1756428168864966238,
      "q" : "5",
      "p" : "0.000002243",
      "s" : "sell",
      "i" : "ALGO_BTC",
      "m" : "4611686018429088177"
    }, {
      "d" : "1756428168524011132",
      "t" : 1756428168524,
      "tn" : 1756428168524011132,
      "q" : "5",
      "p" : "0.000002243",
      "s" : "sell",
      "i" : "ALGO_BTC",
      "m" : "4611686018429088176"
    }, {
      "d" : "1756428168521248351",
      "t" : 1756428168521,
      "tn" : 1756428168521248351,
      "q" : "5",
      "p" : "0.000002243",
      "s" : "sell",
      "i" : "ALGO_BTC",
      "m" : "4611686018429088175"
    }, {
      "d" : "1756428168499324622",
      "t" : 1756428168499,
      "tn" : 1756428168499324622,
      "q" : "5",
      "p" : "0.000002243",
      "s" : "sell",
      "i" : "ALGO_BTC",
      "m" : "4611686018429088174"
    }, {
      "d" : "1756428168496444849",
      "t" : 1756428168496,
      "tn" : 1756428168496444849,
      "q" : "5",
      "p" : "0.000002243",
      "s" : "sell",
      "i" : "ALGO_BTC",
      "m" : "4611686018429088173"
    }, {
      "d" : "1756424064492522009",
      "t" : 1756424064492,
      "tn" : 1756424064492522009,
      "q" : "343",
      "p" : "0.000002247",
      "s" : "sell",
      "i" : "ALGO_BTC",
      "m" : "4611686018429088172"
    }, {
      "d" : "1756424064492518359",
      "t" : 1756424064492,
      "tn" : 1756424064492518359,
      "q" : "2",
      "p" : "0.000002248",
      "s" : "sell",
      "i" : "ALGO_BTC",
      "m" : "4611686018429088171"
    }, {
      "d" : "1756424061573369037",
      "t" : 1756424061573,
      "tn" : 1756424061573369037,
      "q" : "5",
      "p" : "0.000002248",
      "s" : "sell",
      "i" : "ALGO_BTC",
      "m" : "4611686018429088170"
    }, {
      "d" : "1756424061364344226",
      "t" : 1756424061364,
      "tn" : 1756424061364344226,
      "q" : "5",
      "p" : "0.000002248",
      "s" : "sell",
      "i" : "ALGO_BTC",
      "m" : "4611686018429088169"
    }, {
      "d" : "1756424060967900995",
      "t" : 1756424060967,
      "tn" : 1756424060967900995,
      "q" : "5",
      "p" : "0.000002248",
      "s" : "sell",
      "i" : "ALGO_BTC",
      "m" : "4611686018429088168"
    }, {
      "d" : "1756424060522125989",
      "t" : 1756424060522,
      "tn" : 1756424060522125989,
      "q" : "5",
      "p" : "0.000002248",
      "s" : "sell",
      "i" : "ALGO_BTC",
      "m" : "4611686018429088167"
    }, {
      "d" : "1756424060466261655",
      "t" : 1756424060466,
      "tn" : 1756424060466261655,
      "q" : "5",
      "p" : "0.000002248",
      "s" : "sell",
      "i" : "ALGO_BTC",
      "m" : "4611686018429088166"
    }, {
      "d" : "1756423231596064483",
      "t" : 1756423231596,
      "tn" : 1756423231596064483,
      "q" : "27",
      "p" : "0.000002252",
      "s" : "sell",
      "i" : "ALGO_BTC",
      "m" : "4611686018429088165"
    }, {
      "d" : "1756422971140962803",
      "t" : 1756422971140,
      "tn" : 1756422971140962803,
      "q" : "170",
      "p" : "0.000002251",
      "s" : "sell",
      "i" : "ALGO_BTC",
      "m" : "4611686018429088164"
    }, {
      "d" : "1756422967595200084",
      "t" : 1756422967595,
      "tn" : 1756422967595200084,
      "q" : "12",
      "p" : "0.000002254",
      "s" : "sell",
      "i" : "ALGO_BTC",
      "m" : "4611686018429088163"
    } ]
  }
}