{
  "id" : -1,
  "method" : "public/get-trades",
  "code" : 0,
  "result" : {
    "data" : [ {
      "d" : "1756460077644637608",
      "t" : 1756460077644,
      "tn" : 1756460077644637608,
      "q" : "2930",
      "p" : "0.007343",
      "s" : "sell",
      "i" : "ALI_USD",
      "m" : "4611686018432395859"
    }, {
      "d" : "1756460077644635150",
      "t" : 1756460077644,
      "tn" : 1756460077644635150,
      "q" : "2400",
      "p" : "0.007344",
      "s" : "sell",
      "i" : "ALI_USD",
      "m" : "4611686018432395858"
    }, {
      "d" : "1756459933879005788",
      "t" : 1756459933879,
      "tn" : 1756459933879005788,
      "q" : "3180",
      "p" : "0.007378",
      "s" : "buy",
      "i" : "ALI_USD",
      "m" : "4611686018432395857"
    }, {
      "d" : "1756459778763622522",
      "t" : 1756459778763,
      "tn" : 1756459778763622522,
      "q" : "8960",
      "p" : "0.007390",
      "s" : "sell",
      "i" : "ALI_USD",
      "m" : "4611686018432395856"
    }, {
      "d" : "1756459778760896379",
      "t" : 1756459778760,
      "tn" : 1756459778760896379,
      "q" : "3380",
      "p" : "0.007390",
      "s" : "sell",
      "i" : "ALI_USD",
      "m" : "4611686018432395855"
    }, {
      "d" : "1756459614662469692",
      "t" : 1756459614662,
      "tn" : 1756459614662469691,
      "q" : "3220",
      "p" : "0.007339",
      "s" : "sell",
      "i" : "ALI_USD",
      "m" : "4611686018432395854"
    }, {
      "d" : "1756459614662469691",
      "t" : 1756459614662,
      "tn" : 1756459614662469691,
      "q" : "130",
      "p" : "0.007339",
      "s" : "sell",
      "i" : "ALI_USD",
      "m" : "4611686018432395854"
    }, {
      "d" : "1756459587581390684",
      "t" : 1756459587581,
      "tn" : 1756459587581390684,
      "q" : "2700",
      "p" : "0.007419",
      "s" : "sell",
      "i" : "ALI_USD",
      "m" : "4611686018432395853"
    }, {
      "d" : "1756459578243980786",
      "t" : 1756459578243,
      "tn" : 1756459578243980786,
      "q" : "5620",
      "p" : "0.007372",
      "s" : "buy",
      "i" : "ALI_USD",
      "m" : "4611686018432395852"
    }, {
      "d" : "1756459513141294676",
      "t" : 1756459513141,
      "tn" : 1756459513141294676,
      "q" : "12610",
      "p" : "0.007394",
      "s" : "buy",
      "i" : "ALI_USD",
      "m" : "4611686018432395851"
    }, {
      "d" : "1756459506724914079",
      "t" : 1756459506724,
      "tn" : 1756459506724914079,
      "q" : "12960",
      "p" : "0.007339",
      "s" : "sell",
      "i" : "ALI_USD",
      "m" : "4611686018432395850"
    }, {
      "d" : "1756459506724911140",
      "t" : 1756459506724,
      "tn" : 1756459506724911139,
      "q" : "21960",
      "p" : "0.007340",
      "s" : "sell",
      "i" : "ALI_USD",
      "m" : "4611686018432395849"
    }, {
      "d" : "1756459506724911139",
      "t" : 1756459506724,
      "tn" : 1756459506724911139,
      "q" : "3500",
      "p" : "0.007340",
      "s" : "sell",
      "i" : "ALI_USD",
      "m" : "4611686018432395849"
    }, {
      "d" : "1756459497925987051",
      "t" : 1756459497925,
      "tn" : 1756459497925987051,
      "q" : "9700",
      "p" : "0.007359",
      "s" : "sell",
      "i" : "ALI_USD",
      "m" : "4611686018432395848"
    }, {
      "d" : "1756459488777945538",
      "t" : 1756459488777,
      "tn" : 1756459488777945538,
      "q" : "1320",
      "p" : "0.007374",
      "s" : "sell",
      "i" : "ALI_USD",
      "m" : "4611686018432395847"
    }, {
      "d" : "1756459480115421184",
      "t" : 1756459480115,
      "tn" : 1756459480115421184,
      "q" : "3150",
      "p" : "0.007376",
      "s" : "sell",
      "i" : "ALI_USD",
      "m" : "4611686018432395846"
    }, {
      "d" : "1756459480115418374",
      "t" : 1756459480115,
      "tn" : 1756459480115418374,
      "q" : "2450",
      "p" : "0.007377",
      "s" : "sell",
      "i" : "ALI_USD",
      "m" : "4611686018432395845"
    }, {
      "d" : "1756459471409360107",
      "t" : 1756459471409,
      "tn" : 1756459471409360107,
      "q" : "9490",
      "p" : "0.007378",
      "s" : "buy",
      "i" : "ALI_USD",
      "m" : "4611686018432395844"
    }, {
      "d" : "1756459471384927555",
      "t" : 1756459471384,
      "tn" : 1756459471384927555,
      "q" : "9490",
      "p" : "0.007378",
      "s" : "buy",
      "i" : "ALI_USD",
      "m" : "4611686018432395843"
    }, {
      "d" : "1756459466145019240",
      "t" : 1756459466145,
      "tn" : 1756459466145019240,
      "q" : "1420",
      "p" : "0.007401",
      "s" : "sell",
      "i" : "ALI_USD",
      "m" : "4611686018432395842"
    }, {
      "d" : "1756459462051676710",
      "t" : 1756459462051,
      "tn" : 1756459462051676710,
      "q" : "5550",
      "p" : "0.007405",
      "s" : "sell",
      "i" : "ALI_USD",
      "m" : "4611686018432395841"
    }, {
      "d" : "1756459462051674026",
      "t" : 1756459462051,
      "tn" : 1756459462051674026,
      "q" : "4860",
      "p" : "0.007406",
      "s" : "sell",
      "i" : "ALI_USD",
      "m" : "4611686018432395840"
    }, {
      "d" : "1756459462051670866",
      "t" : 1756459462051,
      "tn" : 1756459462051670866,
      "q" : "1450",
      "p" : "0.007407",
      "s" : "sell",
      "i" : "ALI_USD",
      "m" : "4611686018432395839"
    }, {
      "d" : "1756459455474945827",
      "t" : 1756459455474,
      "tn" : 1756459455474945827,
      "q" : "25420",
      "p" : "0.007450",
      "s" : "sell",
      "i" : "ALI_USD",
      "m" : "4611686018432395838"
    }, {
      "d" : "1756459306430488121",
      "t" : 1756459306430,
      "tn" : 1756459306430488121,
      "q" : "16520",
      "p" : "0.007450",
      "s" : "sell",
      "i" : "ALI_USD",
      "m" : "4611686018432395837"
    }, {
      "d" : "1756459306430486306",
      "t" : 1756459306430,
      "tn" : 1756459306430486306,
      "q" : "12990",
      "p" : "0.007451",
      "s" : "sell",
      "i" : "ALI_USD",
      "m" : "4611686018432395836"
    }, {
      "d" : "1756459306430484817",
      "t" : 1756459306430,
      "tn" : 1756459306430484817,
      "q" : "5620",
      "p" : "0.007452",
      "s" : "sell",
      "i" : "ALI_USD",
      "m" : "4611686018432395835"
    }, {
      "d" : "1756459306430482911",
      "t" : 1756459306430,
      "tn" : 1756459306430482911,
      "q" : "22660",
      "p" : "0.007453",
      "s" : "sell",
      "i" : "ALI_USD",
      "m" : "4611686018432395834"
    }, {
      "d" : "1756459242944535533",
      "t" : 1756459242944,
      "tn" : 1756459242944535533,
      "q" : "5850",
      "p" : "0.007512",
      "s" : "buy",
      "i" : "ALI_USD",
      "m" : "4611686018432395833"
    }, {
      "d" : "1756459159041480302",
      "t" : 1756459159041,
      "tn" : 1756459159041480302,
      "q" : "3740",
      "p" : "0.007512",
      "s" : "buy",
      "i" : "ALI_USD",
      "m" : "4611686018432395832"
    }, {
      "d" : "1756458888277422193",
      "t" : 1756458888277,
      "tn" : 1756458888277422193,
      "q" : "5230",
      "p" : "0.007512",
      "s" : "buy",
      "i" : "ALI_USD",
      "m" : "4611686018432395831"
    }, {
      "d" : "1756458371528103935",
      "t" : 1756458371528,
      "tn" : 1756458371528103935,
      "q" : "1710",
      "p" : "0.007510",
      "s" : "buy",
      "i" : "ALI_USD",
      "m" : "4611686018432395830"
    }, {
      "d" : "1756458371528100346",
      "t" : 1756458371528,
      "tn" : 1756458371528100346,
      "q" : "2320",
      "p" : "0.007509",
      "s" : "buy",
      "i" : "ALI_USD",
      "m" : "4611686018432395829"
    }, {
      "d" : "1756458322871859611",
      "t" : 1756458322871,
      "tn" : 1756458322871859611,
      "q" : "1720",
      "p" : "0.007485",
      "s" : "buy",
      "i" : "ALI_USD",
      "m" : "4611686018432395828"
    }, {
      "d" : "1756457854403068859",
      "t" : 1756457854403,
      "tn" : 1756457854403068859,
      "q" : "4030",
      "p" : "0.007493",
      "s" : "buy",
      "i" : "ALI_USD",
      "m" : "4611686018432395827"
    }, {
      "d" : "1756457849441339648",
      "t" : 1756457849441,
      "tn" : 1756457849441339648,
      "q" : "12010",
      "p" : "0.007478",
      "s" : "buy",
      "i" : "ALI_USD",
      "m" : "4611686018432395826"
    }, {
      "d" : "1756457712914365085",
      "t" : 1756457712914,
      "tn" : 1756457712914365085,
      "q" : "3120",
      "p" : "0.007487",
      "s" : "buy",
      "i" : "ALI_USD",
      "m" : "4611686018432395825"
    }, {
      "d" : "1756457457412147072",
      "t" : 1756457457412,
      "tn" : 1756457457412147072,
      "q" : "3390",
      "p" : "0.007451",
      "s" : "sell",
      "i" : "ALI_USD",
      "m" : "4611686018432395824"
    }, {
      "d" : "1756457362583800552",
      "t" : 1756457362583,
      "tn" : 1756457362583800552,
      "q" : "3680",
      "p" : "0.007500",
      "s" : "buy",
      "i" : "ALI_USD",
      "m" : "4611686018432395823"
    }, {
      "d" : "1756457074279998552",
      "t" : 1756457074279,
      "tn" : 1756457074279998552,
      "q" : "12280",
      "p" : "0.007469",
      "s" : "sell",
      "i" : "ALI_USD",
      "m" : "4611686018432395822"
    }, {
      "d" : "1756457067599912470",
      "t" : 1756457067599,
      "tn" : 1756457067599912470,
      "q" : "3570",
      "p" : "0.007516",
      "s" : "buy",
      "i" : "ALI_USD",
      "m" : "4611686018432395821"
    }, {
      "d" : "1756455955963772808",
      "t" : 1756455955963,
      "tn" : 1756455955963772808,
      "q" : "3380",
      "p" : "0.007513",
      "s" : "sell",
      "i" : "ALI_USD",
      "m" : "4611686018432395820"
    }, {
      "d" : "1756455654770229489",
      "t" : 1756455654770,
      "tn" : 1756455654770229489,
      "q" : "11960",
      "p" : "0.007524",
      "s" : "buy",
      "i" : "ALI_USD",
      "m" : "4611686018432395819"
    }, {
      "d" : "1756455654734343332",
      "t" : 1756455654734,
      "tn" : 1756455654734343332,
      "q" : "11960",
      "p" : "0.007524",
      "s" : "buy",
      "i" : "ALI_USD",
      "m" : "4611686018432395818"
    }, {
      "d" : "1756455264523070912",
      "t" : 1756455264523,
      "tn" : 1756455264523070912,
      "q" : "6270",
      "p" : "0.007567",
      "s" : "buy",
      "i" : "ALI_USD",
      "m" : "4611686018432395817"
    }, {
      "d" : "1756455045391702766",
      "t" : 1756455045391,
      "tn" : 1756455045391702766,
      "q" : "3310",
      "p" : "0.007542",
      "s" : "sell",
      "i" : "ALI_USD",
      "m" : "4611686018432395816"
    }, {
      "d" : "1756455044352627468",
      "t" : 1756455044352,
      "tn" : 1756455044352627468,
      "q" : "3880",
      "p" : "0.007534",
      "s" : "buy",
      "i" : "ALI_USD",
      "m" : "4611686018432395815"
    }, {
      "d" : "1756454602205382171",
      "t" : 1756454602205,
      "tn" : 1756454602205382171,
      "q" : "2030",
      "p" : "0.007511",
      "s" : "sell",
      "i" : "ALI_USD",
      "m" : "4611686018432395814"
    }, {
      "d" : "1756454602198858962",
      "t" : 1756454602198,
      "tn" : 1756454602198858962,
      "q" : "5330",
      "p" : "0.007511",
      "s" : "sell",
      "i" : "ALI_USD",
      "m" : "4611686018432395813"
    }, {
      "d" : "1756454592029370132",
      "t" : 1756454592029,
      "tn" : 1756454592029370132,
      "q" : "3880",
      "p" : "0.007479",
      "s" : "sell",
      "i" : "ALI_USD",
      "m" : "4611686018432395812"
    }, {
      "d" : "1756454200334366693",
      "t" : 1756454200334,
      "tn" : 1756454200334366693,
      "q" : "18400",
      "p" : "0.007531",
      "s" : "sell",
      "i" : "ALI_USD",
      "m" : "4611686018432395811"
    }, {
      "d" : "1756454185271069187",
      "t" : 1756454185271,
      "tn" : 1756454185271069187,
      "q" : "3290",
      "p" : "0.007594",
      "s" : "sell",
      "i" : "ALI_USD",
      "m" : "4611686018432395810"
    }, {
      "d" : "1756454185223912704",
      "t" : 1756454185223,
      "tn" : 1756454185223912704,
      "q" : "10530",
      "p" : "0.007594",
      "s" : "sell",
      "i" : "ALI_USD",
      "m" : "4611686018432395809"
    }, {
      "d" : "1756454185192535995",
      "t" : 1756454185192,
      "tn" : 1756454185192535995,
      "q" : "10900",
      "p" : "0.007594",
      "s" : "buy",
      "i" : "ALI_USD",
      "m" : "4611686018432395808"
    }, {
      "d" : "1756454174421899610",
      "t" : 1756454174421,
      "tn" : 1756454174421899610,
      "q" : "3270",
      "p" : "0.007571",
      "s" : "sell",
      "i" : "ALI_USD",
      "m" : "4611686018432395807"
    }, {
      "d" : "1756454174215402709",
      "t" : 1756454174215,
      "tn" : 1756454174215402709,
      "q" : "3970",
      "p" : "0.007571",
      "s" : "sell",
      "i" : "ALI_USD",
      "m" : "4611686018432395806"
    }, {
      "d" : "1756454174206686930",
      "t" : 1756454174206,
      "tn" : 1756454174206686930,
      "q" : "80",
      "p" : "0.007571",
      "s" : "sell",
      "i" : "ALI_USD",
      "m" : "4611686018432395805"
    }, {
      "d" : "1756454174206684791",
      "t" : 1756454174206,
      "tn" : 1756454174206684791,
      "q" : "2560",
      "p" : "0.007572",
      "s" : "sell",
      "i" : "ALI_USD",
      "m" : "4611686018432395804"
    }, {
      "d" : "1756454174181528715",
      "t" : 1756454174181,
      "tn" : 1756454174181528715,
      "q" : "3060",
      "p" : "0.007572",
      "s" : "sell",
      "i" : "ALI_USD",
      "m" : "4611686018432395803"
    }, {
      "d" : "1756454174071095415",
      "t" : 1756454174071,
      "tn" : 1756454174071095415,
      "q" : "5280",
      "p" : "0.007572",
      "s" : "sell",
      "i" : "ALI_USD",
      "m" : "4611686018432395802"
    }, {
      "d" : "1756454167059112173",
      "t" : 1756454167059,
      "tn" : 1756454167059112173,
      "q" : "9240",
      "p" : "0.007558",
      "s" : "buy",
      "i" : "ALI_USD",
      "m" : "4611686018432395801"
    }, {
      "d" : "1756454167059109267",
      "t" : 1756454167059,
      "tn" : 1756454167059109267,
      "q" : "5620",
      "p" : "0.007557",
      "s" : "buy",
      "i" : "ALI_USD",
      "m" : "4611686018432395800"
    }, {
      "d" : "1756454020879263759",
      "t" : 1756454020879,
      "tn" : 1756454020879263759,
      "q" : "3310",
      "p" : "0.007542",
      "s" : "sell",
      "i" : "ALI_USD",
      "m" : "4611686018432395799"
    }, {
      "d" : "1756453581581982338",
      "t" : 1756453581581,
      "tn" : 1756453581581982338,
      "q" : "5560",
      "p" : "0.007504",
      "s" : "sell",
      "i" : "ALI_USD",
      "m" : "4611686018432395798"
    }, {
      "d" : "1756453040079567619",
      "t" : 1756453040079,
      "tn" : 1756453040079567619,
      "q" : "4000",
      "p" : "0.007491",
      "s" : "buy",
      "i" : "ALI_USD",
      "m" : "4611686018432395797"
    }, {
      "d" : "1756453032584007934",
      "t" : 1756453032584,
      "tn" : 1756453032584007934,
      "q" : "1420",
      "p" : "0.007515",
      "s" : "sell",
      "i" : "ALI_USD",
      "m" : "4611686018432395796"
    }, {
      "d" : "1756453023440599129",
      "t" : 1756453023440,
      "tn" : 1756453023440599129,
      "q" : "350",
      "p" : "0.007524",
      "s" : "sell",
      "i" : "ALI_USD",
      "m" : "4611686018432395795"
    }, {
      "d" : "1756453017834893270",
      "t" : 1756453017834,
      "tn" : 1756453017834893270,
      "q" : "1280",
      "p" : "0.007551",
      "s" : "sell",
      "i" : "ALI_USD",
      "m" : "4611686018432395794"
    }, {
      "d" : "1756452774628999872",
      "t" : 1756452774628,
      "tn" : 1756452774628999872,
      "q" : "14320",
      "p" : "0.007615",
      "s" : "buy",
      "i" : "ALI_USD",
      "m" : "4611686018432395793"
    }, {
      "d" : "1756452771578534246",
      "t" : 1756452771578,
      "tn" : 1756452771578534246,
      "q" : "5270",
      "p" : "0.007588",
      "s" : "sell",
      "i" : "ALI_USD",
      "m" : "4611686018432395792"
    }, {
      "d" : "1756452663429809572",
      "t" : 1756452663429,
      "tn" : 1756452663429809572,
      "q" : "3850",
      "p" : "0.007661",
      "s" : "sell",
      "i" : "ALI_USD",
      "m" : "4611686018432395791"
    }, {
      "d" : "1756452663394168049",
      "t" : 1756452663394,
      "tn" : 1756452663394168049,
      "q" : "8850",
      "p" : "0.007661",
      "s" : "sell",
      "i" : "ALI_USD",
      "m" : "4611686018432395790"
    }, {
      "d" : "1756452377835429685",
      "t" : 1756452377835,
      "tn" : 1756452377835429685,
      "q" : "18000",
      "p" : "0.007578",
      "s" : "sell",
      "i" : "ALI_USD",
      "m" : "4611686018432395789"
    }, {
      "d" : "1756452284912647624",
      "t" : 1756452284912,
      "tn" : 1756452284912647624,
      "q" : "3870",
      "p" : "0.007664",
      "s" : "buy",
      "i" : "ALI_USD",
      "m" : "4611686018432395788"
    }, {
      "d" : "1756452097655118229",
      "t" : 1756452097655,
      "tn" : 1756452097655118229,
      "q" : "15880",
      "p" : "0.007675",
      "s" : "buy",
      "i" : "ALI_USD",
      "m" : "4611686018432395787"
    }, {
      "d" : "1756451793805343007",
      "t" : 1756451793805,
      "tn" : 1756451793805343007,
      "q" : "1290",
      "p" : "0.007738",
      "s" : "buy",
      "i" : "ALI_USD",
      "m" : "4611686018432395786"
    }, {
      "d" : "1756451787346429309",
      "t" : 1756451787346,
      "tn" : 1756451787346429309,
      "q" : "5050",
      "p" : "0.007726",
      "s" : "buy",
      "i" : "ALI_USD",
      "m" : "4611686018432395785"
    }, {
      "d" : "1756451647762305056",
      "t" : 1756451647762,
      "tn" : 1756451647762305056,
      "q" : "10820",
      "p" : "0.007726",
      "s" : "buy",
      "i" : "ALI_USD",
      "m" : "4611686018432395784"
    }, {
      "d" : "1756451293797639303",
      "t" : 1756451293797,
      "tn" : 1756451293797639303,
      "q" : "3150",
      "p" : "0.007726",
      "s" : "buy",
      "i" : "ALI_USD",
      "m" : "4611686018432395783"
    }, {
      "d" : "1756450474788923882",
      "t" : 1756450474788,
      "tn" : 1756450474788923882,
      "q" : "3240",
      "p" : "0.007710",
      "s" : "sell",
      "i" : "ALI_USD",
      "m" : "4611686018432395782"
    }, {
      "d" : "1756450290308640851",
      "t" : 1756450290308,
      "tn" : 1756450290308640851,
      "q" : "19410",
      "p" : "0.007726",
      "s" : "sell",
      "i" : "ALI_USD",
      "m" : "4611686018432395781"
    }, {
      "d" : "1756450290305789602",
      "t" : 1756450290305,
      "tn" : 1756450290305789602,
      "q" : "2590",
      "p" : "0.007726",
      "s" : "buy",
      "i" : "ALI_USD",
      "m" : "4611686018432395780"
    }, {
      "d" : "1756449586584888375",
      "t" : 1756449586584,
      "tn" : 1756449586584888375,
      "q" : "80",
      "p" : "0.007636",
      "s" : "buy",
      "i" : "ALI_USD",
      "m" : "4611686018432395779"
    }, {
      "d" : "1756449586584886516",
      "t" : 1756449586584,
      "tn" : 1756449586584886516,
      "q" : "3930",
      "p" : "0.007635",
      "s" : "buy",
      "i" : "ALI_USD",
      "m" : "4611686018432395778"
    }, {
      "d" : "1756449159159259720",
      "t" : 1756449159159,
      "tn" : 1756449159159259720,
      "q" : "5940",
      "p" : "0.007642",
      "s" : "buy",
      "i" : "ALI_USD",
      "m" : "4611686018432395777"
    }, {
      "d" : "1756449060129317603",
      "t" : 1756449060129,
      "tn" : 1756449060129317603,
      "q" : "3270",
      "p" : "0.007636",
      "s" : "sell",
      "i" : "ALI_USD",
      "m" : "4611686018432395776"
    }, {
      "d" : "1756449060105103105",
      "t" : 1756449060105,
      "tn" : 1756449060105103105,
      "q" : "5260",
      "p" : "0.007634",
      "s" : "buy",
      "i" : "ALI_USD",
      "m" : "4611686018432395775"
    }, {
      "d" : "1756448867772664557",
      "t" : 1756448867772,
      "tn" : 1756448867772664557,
      "q" : "19730",
      "p" : "0.007604",
      "s" : "sell",
      "i" : "ALI_USD",
      "m" : "4611686018432395774"
    }, {
      "d" : "1756448867752782879",
      "t" : 1756448867752,
      "tn" : 1756448867752782879,
      "q" : "10520",
      "p" : "0.007603",
      "s" : "sell",
      "i" : "ALI_USD",
      "m" : "4611686018432395773"
    }, {
      "d" : "1756448861225041670",
      "t" : 1756448861225,
      "tn" : 1756448861225041670,
      "q" : "3930",
      "p" : "0.007642",
      "s" : "sell",
      "i" : "ALI_USD",
      "m" : "4611686018432395772"
    }, {
      "d" : "1756448861195044356",
      "t" : 1756448861195,
      "tn" : 1756448861195044356,
      "q" : "5230",
      "p" : "0.007641",
      "s" : "sell",
      "i" : "ALI_USD",
      "m" : "4611686018432395771"
    }, {
      "d" : "1756448678056559369",
      "t" : 1756448678056,
      "tn" : 1756448678056559369,
      "q" : "3240",
      "p" : "0.007719",
      "s" : "sell",
      "i" : "ALI_USD",
      "m" : "4611686018432395770"
    }, {
      "d" : "1756448678026650344",
      "t" : 1756448678026,
      "tn" : 1756448678026650344,
      "q" : "5180",
      "p" : "0.007719",
      "s" : "sell",
      "i" : "ALI_USD",
      "m" : "4611686018432395769"
    }, {
      "d" : "1756448665914367985",
      "t" : 1756448665914,
      "tn" : 1756448665914367985,
      "q" : "19410",
      "p" : "0.007727",
      "s" : "sell",
      "i" : "ALI_USD",
      "m" : "4611686018432395768"
    }, {
      "d" : "1756448665479447889",
      "t" : 1756448665479,
      "tn" : 1756448665479447889,
      "q" : "4420",
      "p" : "0.007727",
      "s" : "sell",
      "i" : "ALI_USD",
      "m" : "4611686018432395767"
    }, {
      "d" : "1756448665473977991",
      "t" : 1756448665473,
      "tn" : 1756448665473977991,
      "q" : "1280",
      "p" : "0.007727",
      "s" : "buy",
      "i" : "ALI_USD",
      "m" : "4611686018432395766"
    }, {
      "d" : "1756448665473975416",
      "t" : 1756448665473,
      "tn" : 1756448665473975416,
      "q" : "5620",
      "p" : "0.007726",
      "s" : "buy",
      "i" : "ALI_USD",
      "m" : "4611686018432395765"
    }, {
      "d" : "1756448655508352618",
      "t" : 1756448655508,
      "tn" : 1756448655508352618,
      "q" : "4520",
      "p" : "0.007681",
      "s" : "sell",
      "i" : "ALI_USD",
      "m" : "4611686018432395764"
    }, {
      "d" : "1756448655508351161",
      "t" : 1756448655508,
      "tn" : 1756448655508351161,
      "q" : "5620",
      "p" : "0.007682",
      "s" : "sell",
      "i" : "ALI_USD",
      "m" : "4611686018432395763"
    }, {
      "d" : "1756448655483455468",
      "t" : 1756448655483,
      "tn" : 1756448655483455468,
      "q" : "26040",
      "p" : "0.007681",
      "s" : "sell",
      "i" : "ALI_USD",
      "m" : "4611686018432395762"
    }, {
      "d" : "1756448655479010808",
      "t" : 1756448655479,
      "tn" : 1756448655479010808,
      "q" : "34730",
      "p" : "0.007681",
      "s" : "buy",
      "i" : "ALI_USD",
      "m" : "4611686018432395761"
    }, {
      "d" : "1756448655479008228",
      "t" : 1756448655479,
      "tn" : 1756448655479008228,
      "q" : "5230",
      "p" : "0.007680",
      "s" : "buy",
      "i" : "ALI_USD",
      "m" : "4611686018432395760"
    }, {
      "d" : "1756448655479006209",
      "t" : 1756448655479,
      "tn" : 1756448655479006209,
      "q" : "1400",
      "p" : "0.007679",
      "s" : "buy",
      "i" : "ALI_USD",
      "m" : "4611686018432395759"
    }, {
      "d" : "1756448648502781206",
      "t" : 1756448648502,
      "tn" : 1756448648502781206,
      "q" : "5230",
      "p" : "0.007655",
      "s" : "sell",
      "i" : "ALI_USD",
      "m" : "4611686018432395758"
    }, {
      "d" : "1756448648074148338",
      "t" : 1756448648074,
      "tn" : 1756448648074148338,
      "q" : "3140",
      "p" : "0.007654",
      "s" : "buy",
      "i" : "ALI_USD",
      "m" : "4611686018432395757"
    }, {
      "d" : "1756448640499511523",
      "t" : 1756448640499,
      "tn" : 1756448640499511523,
      "q" : "38760",
      "p" : "0.007651",
      "s" : "buy",
      "i" : "ALI_USD",
      "m" : "4611686018432395756"
    }, {
      "d" : "1756448634909252262",
      "t" : 1756448634909,
      "tn" : 1756448634909252262,
      "q" : "23340",
      "p" : "0.007650",
      "s" : "sell",
      "i" : "ALI_USD",
      "m" : "4611686018432395755"
    }, {
      "d" : "1756448634038245178",
      "t" : 1756448634038,
      "tn" : 1756448634038245178,
      "q" : "2360",
      "p" : "0.007649",
      "s" : "buy",
      "i" : "ALI_USD",
      "m" : "4611686018432395754"
    }, {
      "d" : "1756448625281156357",
      "t" : 1756448625281,
      "tn" : 1756448625281156357,
      "q" : "1420",
      "p" : "0.007629",
      "s" : "buy",
      "i" : "ALI_USD",
      "m" : "4611686018432395753"
    }, {
      "d" : "1756448625281153664",
      "t" : 1756448625281,
      "tn" : 1756448625281153664,
      "q" : "2360",
      "p" : "0.007627",
      "s" : "buy",
      "i" : "ALI_USD",
      "m" : "4611686018432395752"
    }, {
      "d" : "1756448625281151342",
      "t" : 1756448625281,
      "tn" : 1756448625281151342,
      "q" : "5620",
      "p" : "0.007626",
      "s" : "buy",
      "i" : "ALI_USD",
      "m" : "4611686018432395751"
    }, {
      "d" : "1756448616771488182",
      "t" : 1756448616771,
      "tn" : 1756448616771488182,
      "q" : "20600",
      "p" : "0.007627",
      "s" : "sell",
      "i" : "ALI_USD",
      "m" : "4611686018432395750"
    }, {
      "d" : "1756448616771486370",
      "t" : 1756448616771,
      "tn" : 1756448616771486370,
      "q" : "5620",
      "p" : "0.007628",
      "s" : "sell",
      "i" : "ALI_USD",
      "m" : "4611686018432395749"
    }, {
      "d" : "1756448616388431009",
      "t" : 1756448616388,
      "tn" : 1756448616388431009,
      "q" : "23410",
      "p" : "0.007627",
      "s" : "sell",
      "i" : "ALI_USD",
      "m" : "4611686018432395748"
    }, {
      "d" : "1756448616363285028",
      "t" : 1756448616363,
      "tn" : 1756448616363285028,
      "q" : "3420",
      "p" : "0.007627",
      "s" : "sell",
      "i" : "ALI_USD",
      "m" : "4611686018432395747"
    }, {
      "d" : "1756448616333113497",
      "t" : 1756448616333,
      "tn" : 1756448616333113497,
      "q" : "4420",
      "p" : "0.007627",
      "s" : "sell",
      "i" : "ALI_USD",
      "m" : "4611686018432395746"
    }, {
      "d" : "1756448616327984540",
      "t" : 1756448616327,
      "tn" : 1756448616327984539,
      "q" : "4720",
      "p" : "0.007626",
      "s" : "buy",
      "i" : "ALI_USD",
      "m" : "4611686018432395745"
    }, {
      "d" : "1756448616327984539",
      "t" : 1756448616327,
      "tn" : 1756448616327984539,
      "q" : "5620",
      "p" : "0.007626",
      "s" : "buy",
      "i" : "ALI_USD",
      "m" : "4611686018432395745"
    }, {
      "d" : "1756448606698705509",
      "t" : 1756448606698,
      "tn" : 1756448606698705509,
      "q" : "2900",
      "p" : "0.007605",
      "s" : "sell",
      "i" : "ALI_USD",
      "m" : "4611686018432395744"
    }, {
      "d" : "1756448606649840909",
      "t" : 1756448606649,
      "tn" : 1756448606649840909,
      "q" : "52600",
      "p" : "0.007605",
      "s" : "sell",
      "i" : "ALI_USD",
      "m" : "4611686018432395743"
    }, {
      "d" : "1756448606598041521",
      "t" : 1756448606598,
      "tn" : 1756448606598041521,
      "q" : "9440",
      "p" : "0.007602",
      "s" : "buy",
      "i" : "ALI_USD",
      "m" : "4611686018432395742"
    }, {
      "d" : "1756448596713126650",
      "t" : 1756448596713,
      "tn" : 1756448596713126650,
      "q" : "3820",
      "p" : "0.007561",
      "s" : "sell",
      "i" : "ALI_USD",
      "m" : "4611686018432395741"
    }, {
      "d" : "1756448596683477112",
      "t" : 1756448596683,
      "tn" : 1756448596683477112,
      "q" : "10580",
      "p" : "0.007561",
      "s" : "sell",
      "i" : "ALI_USD",
      "m" : "4611686018432395740"
    }, {
      "d" : "1756448586481131324",
      "t" : 1756448586481,
      "tn" : 1756448586481131324,
      "q" : "3320",
      "p" : "0.007532",
      "s" : "sell",
      "i" : "ALI_USD",
      "m" : "4611686018432395739"
    }, {
      "d" : "1756448585521575247",
      "t" : 1756448585521,
      "tn" : 1756448585521575247,
      "q" : "5310",
      "p" : "0.007531",
      "s" : "sell",
      "i" : "ALI_USD",
      "m" : "4611686018432395738"
    }, {
      "d" : "1756448300858302451",
      "t" : 1756448300858,
      "tn" : 1756448300858302451,
      "q" : "3700",
      "p" : "0.007481",
      "s" : "sell",
      "i" : "ALI_USD",
      "m" : "4611686018432395737"
    }, {
      "d" : "1756448300858300341",
      "t" : 1756448300858,
      "tn" : 1756448300858300341,
      "q" : "1420",
      "p" : "0.007515",
      "s" : "sell",
      "i" : "ALI_USD",
      "m" : "4611686018432395736"
    }, {
      "d" : "1756448300858297709",
      "t" : 1756448300858,
      "tn" : 1756448300858297709,
      "q" : "720",
      "p" : "0.007525",
      "s" : "sell",
      "i" : "ALI_USD",
      "m" : "4611686018432395735"
    }, {
      "d" : "1756448180852983162",
      "t" : 1756448180852,
      "tn" : 1756448180852983162,
      "q" : "11860",
      "p" : "0.007534",
      "s" : "sell",
      "i" : "ALI_USD",
      "m" : "4611686018432395734"
    }, {
      "d" : "1756448171739624895",
      "t" : 1756448171739,
      "tn" : 1756448171739624895,
      "q" : "11950",
      "p" : "0.007534",
      "s" : "buy",
      "i" : "ALI_USD",
      "m" : "4611686018432395733"
    }, {
      "d" : "1756448171709208834",
      "t" : 1756448171709,
      "tn" : 1756448171709208834,
      "q" : "6640",
      "p" : "0.007534",
      "s" : "buy",
      "i" : "ALI_USD",
      "m" : "4611686018432395732"
    }, {
      "d" : "1756448171698180640",
      "t" : 1756448171698,
      "tn" : 1756448171698180640,
      "q" : "1430",
      "p" : "0.007534",
      "s" : "sell",
      "i" : "ALI_USD",
      "m" : "4611686018432395731"
    }, {
      "d" : "1756448049769373923",
      "t" : 1756448049769,
      "tn" : 1756448049769373923,
      "q" : "4900",
      "p" : "0.007557",
      "s" : "sell",
      "i" : "ALI_USD",
      "m" : "4611686018432395730"
    }, {
      "d" : "1756445960528145198",
      "t" : 1756445960528,
      "tn" : 1756445960528145198,
      "q" : "3120",
      "p" : "0.007651",
      "s" : "buy",
      "i" : "ALI_USD",
      "m" : "4611686018432395729"
    }, {
      "d" : "1756445942340109193",
      "t" : 1756445942340,
      "tn" : 1756445942340109193,
      "q" : "2610",
      "p" : "0.007650",
      "s" : "sell",
      "i" : "ALI_USD",
      "m" : "4611686018432395728"
    }, {
      "d" : "1756445942239398981",
      "t" : 1756445942239,
      "tn" : 1756445942239398981,
      "q" : "5230",
      "p" : "0.007650",
      "s" : "sell",
      "i" : "ALI_USD",
      "m" : "4611686018432395727"
    }, {
      "d" : "1756445942129127878",
      "t" : 1756445942129,
      "tn" : 1756445942129127878,
      "q" : "4360",
      "p" : "0.007650",
      "s" : "buy",
      "i" : "ALI_USD",
      "m" : "4611686018432395726"
    }, {
      "d" : "1756445936109388327",
      "t" : 1756445936109,
      "tn" : 1756445936109388327,
      "q" : "19670",
      "p" : "0.007627",
      "s" : "sell",
      "i" : "ALI_USD",
      "m" : "4611686018432395725"
    }, {
      "d" : "1756445495444458024",
      "t" : 1756445495444,
      "tn" : 1756445495444458024,
      "q" : "3290",
      "p" : "0.007591",
      "s" : "sell",
      "i" : "ALI_USD",
      "m" : "4611686018432395724"
    }, {
      "d" : "1756445330502947581",
      "t" : 1756445330502,
      "tn" : 1756445330502947581,
      "q" : "4200",
      "p" : "0.007650",
      "s" : "buy",
      "i" : "ALI_USD",
      "m" : "4611686018432395723"
    }, {
      "d" : "1756445243719237494",
      "t" : 1756445243719,
      "tn" : 1756445243719237493,
      "q" : "4700",
      "p" : "0.007629",
      "s" : "sell",
      "i" : "ALI_USD",
      "m" : "4611686018432395722"
    }, {
      "d" : "1756445243719237493",
      "t" : 1756445243719,
      "tn" : 1756445243719237493,
      "q" : "540",
      "p" : "0.007629",
      "s" : "sell",
      "i" : "ALI_USD",
      "m" : "4611686018432395722"
    }, {
      "d" : "1756445241144854259",
      "t" : 1756445241144,
      "tn" : 1756445241144854259,
      "q" : "2620",
      "p" : "0.007629",
      "s" : "sell",
      "i" : "ALI_USD",
      "m" : "4611686018432395721"
    }, {
      "d" : "1756444769374526785",
      "t" : 1756444769374,
      "tn" : 1756444769374526785,
      "q" : "1420",
      "p" : "0.007629",
      "s" : "buy",
      "i" : "ALI_USD",
      "m" : "4611686018432395720"
    }, {
      "d" : "1756444465302416380",
      "t" : 1756444465302,
      "tn" : 1756444465302416380,
      "q" : "5050",
      "p" : "0.007628",
      "s" : "buy",
      "i" : "ALI_USD",
      "m" : "4611686018432395719"
    }, {
      "d" : "1756444459127027674",
      "t" : 1756444459127,
      "tn" : 1756444459127027674,
      "q" : "470",
      "p" : "0.007620",
      "s" : "buy",
      "i" : "ALI_USD",
      "m" : "4611686018432395718"
    }, {
      "d" : "1756444453660154447",
      "t" : 1756444453660,
      "tn" : 1756444453660154447,
      "q" : "2630",
      "p" : "0.007616",
      "s" : "sell",
      "i" : "ALI_USD",
      "m" : "4611686018432395717"
    }, {
      "d" : "1756444453582495747",
      "t" : 1756444453582,
      "tn" : 1756444453582495747,
      "q" : "3460",
      "p" : "0.007616",
      "s" : "sell",
      "i" : "ALI_USD",
      "m" : "4611686018432395716"
    }, {
      "d" : "1756444453546247796",
      "t" : 1756444453546,
      "tn" : 1756444453546247796,
      "q" : "3460",
      "p" : "0.007616",
      "s" : "sell",
      "i" : "ALI_USD",
      "m" : "4611686018432395715"
    }, {
      "d" : "1756443470642133030",
      "t" : 1756443470642,
      "tn" : 1756443470642133030,
      "q" : "4540",
      "p" : "0.007612",
      "s" : "sell",
      "i" : "ALI_USD",
      "m" : "4611686018432395714"
    } ]
  }
}