{
  "id" : -1,
  "method" : "public/get-trades",
  "code" : 0,
  "result" : {
    "data" : [ {
      "d" : "1756458154632516676",
      "t" : 1756458154632,
      "tn" : 1756458154632516676,
      "q" : "35.5",
      "p" : "0.3547",
      "s" : "sell",
      "i" : "ALICE_USD",
      "m" : "4611686018430070418"
    }, {
      "d" : "1756458153833013679",
      "t" : 1756458153833,
      "tn" : 1756458153833013679,
      "q" : "14.8",
      "p" : "0.3547",
      "s" : "sell",
      "i" : "ALICE_USD",
      "m" : "4611686018430070417"
    }, {
      "d" : "1756458153198157897",
      "t" : 1756458153198,
      "tn" : 1756458153198157897,
      "q" : "14.8",
      "p" : "0.3547",
      "s" : "sell",
      "i" : "ALICE_USD",
      "m" : "4611686018430070416"
    }, {
      "d" : "1756458152766332707",
      "t" : 1756458152766,
      "tn" : 1756458152766332707,
      "q" : "14.8",
      "p" : "0.3547",
      "s" : "sell",
      "i" : "ALICE_USD",
      "m" : "4611686018430070415"
    }, {
      "d" : "1756458152763749986",
      "t" : 1756458152763,
      "tn" : 1756458152763749986,
      "q" : "566.2",
      "p" : "0.3547",
      "s" : "sell",
      "i" : "ALICE_USD",
      "m" : "4611686018430070414"
    }, {
      "d" : "1756458151678620505",
      "t" : 1756458151678,
      "tn" : 1756458151678620505,
      "q" : "61.6",
      "p" : "0.3547",
      "s" : "sell",
      "i" : "ALICE_USD",
      "m" : "4611686018430070413"
    }, {
      "d" : "1756454172505697665",
      "t" : 1756454172505,
      "tn" : 1756454172505697665,
      "q" : "3.5",
      "p" : "0.3652",
      "s" : "sell",
      "i" : "ALICE_USD",
      "m" : "4611686018430070412"
    }, {
      "d" : "1756452603924456981",
      "t" : 1756452603924,
      "tn" : 1756452603924456981,
      "q" : "3.5",
      "p" : "0.3652",
      "s" : "sell",
      "i" : "ALICE_USD",
      "m" : "4611686018430070411"
    }, {
      "d" : "1756451672517041024",
      "t" : 1756451672517,
      "tn" : 1756451672517041024,
      "q" : "7.4",
      "p" : "0.3652",
      "s" : "sell",
      "i" : "ALICE_USD",
      "m" : "4611686018430070410"
    }, {
      "d" : "1756444038811060522",
      "t" : 1756444038811,
      "tn" : 1756444038811060522,
      "q" : "18.9",
      "p" : "0.3743",
      "s" : "buy",
      "i" : "ALICE_USD",
      "m" : "4611686018430070409"
    }, {
      "d" : "1756442918757337921",
      "t" : 1756442918757,
      "tn" : 1756442918757337921,
      "q" : "66.7",
      "p" : "0.3748",
      "s" : "sell",
      "i" : "ALICE_USD",
      "m" : "4611686018430070408"
    }, {
      "d" : "1756442918653255764",
      "t" : 1756442918653,
      "tn" : 1756442918653255764,
      "q" : "106.8",
      "p" : "0.3748",
      "s" : "sell",
      "i" : "ALICE_USD",
      "m" : "4611686018430070407"
    }, {
      "d" : "1756442918314126973",
      "t" : 1756442918314,
      "tn" : 1756442918314126973,
      "q" : "66.7",
      "p" : "0.3748",
      "s" : "sell",
      "i" : "ALICE_USD",
      "m" : "4611686018430070406"
    }, {
      "d" : "1756442918274586916",
      "t" : 1756442918274,
      "tn" : 1756442918274586916,
      "q" : "106.7",
      "p" : "0.3748",
      "s" : "sell",
      "i" : "ALICE_USD",
      "m" : "4611686018430070405"
    }, {
      "d" : "1756442918257068005",
      "t" : 1756442918257,
      "tn" : 1756442918257068005,
      "q" : "213.4",
      "p" : "0.3748",
      "s" : "sell",
      "i" : "ALICE_USD",
      "m" : "4611686018430070404"
    }, {
      "d" : "1756442918175264020",
      "t" : 1756442918175,
      "tn" : 1756442918175264020,
      "q" : "66.7",
      "p" : "0.3747",
      "s" : "sell",
      "i" : "ALICE_USD",
      "m" : "4611686018430070403"
    }, {
      "d" : "1756442918141152119",
      "t" : 1756442918141,
      "tn" : 1756442918141152119,
      "q" : "154.0",
      "p" : "0.3747",
      "s" : "sell",
      "i" : "ALICE_USD",
      "m" : "4611686018430070402"
    }, {
      "d" : "1756442918120191249",
      "t" : 1756442918120,
      "tn" : 1756442918120191249,
      "q" : "135.8",
      "p" : "0.3747",
      "s" : "sell",
      "i" : "ALICE_USD",
      "m" : "4611686018430070401"
    }, {
      "d" : "1756442917997055505",
      "t" : 1756442917997,
      "tn" : 1756442917997055505,
      "q" : "66.7",
      "p" : "0.3748",
      "s" : "sell",
      "i" : "ALICE_USD",
      "m" : "4611686018430070400"
    }, {
      "d" : "1756442917982193934",
      "t" : 1756442917982,
      "tn" : 1756442917982193934,
      "q" : "106.7",
      "p" : "0.3748",
      "s" : "sell",
      "i" : "ALICE_USD",
      "m" : "4611686018430070399"
    }, {
      "d" : "1756442917965535640",
      "t" : 1756442917965,
      "tn" : 1756442917965535640,
      "q" : "213.4",
      "p" : "0.3748",
      "s" : "sell",
      "i" : "ALICE_USD",
      "m" : "4611686018430070398"
    }, {
      "d" : "1756442917781190119",
      "t" : 1756442917781,
      "tn" : 1756442917781190119,
      "q" : "153.8",
      "p" : "0.3747",
      "s" : "sell",
      "i" : "ALICE_USD",
      "m" : "4611686018430070397"
    }, {
      "d" : "1756442917757314178",
      "t" : 1756442917757,
      "tn" : 1756442917757314178,
      "q" : "213.5",
      "p" : "0.3747",
      "s" : "sell",
      "i" : "ALICE_USD",
      "m" : "4611686018430070396"
    }, {
      "d" : "1756442917684022840",
      "t" : 1756442917684,
      "tn" : 1756442917684022840,
      "q" : "213.6",
      "p" : "0.3746",
      "s" : "sell",
      "i" : "ALICE_USD",
      "m" : "4611686018430070395"
    }, {
      "d" : "1756442915571586945",
      "t" : 1756442915571,
      "tn" : 1756442915571586945,
      "q" : "213.4",
      "p" : "0.3748",
      "s" : "sell",
      "i" : "ALICE_USD",
      "m" : "4611686018430070394"
    }, {
      "d" : "1756442915487251846",
      "t" : 1756442915487,
      "tn" : 1756442915487251846,
      "q" : "154.0",
      "p" : "0.3747",
      "s" : "sell",
      "i" : "ALICE_USD",
      "m" : "4611686018430070393"
    }, {
      "d" : "1756442915473199949",
      "t" : 1756442915473,
      "tn" : 1756442915473199949,
      "q" : "96.5",
      "p" : "0.3747",
      "s" : "sell",
      "i" : "ALICE_USD",
      "m" : "4611686018430070392"
    }, {
      "d" : "1756442915457114370",
      "t" : 1756442915457,
      "tn" : 1756442915457114370,
      "q" : "213.5",
      "p" : "0.3747",
      "s" : "sell",
      "i" : "ALICE_USD",
      "m" : "4611686018430070391"
    }, {
      "d" : "1756442915362890073",
      "t" : 1756442915362,
      "tn" : 1756442915362890073,
      "q" : "13.9",
      "p" : "0.3747",
      "s" : "sell",
      "i" : "ALICE_USD",
      "m" : "4611686018430070390"
    }, {
      "d" : "1756442915353127938",
      "t" : 1756442915353,
      "tn" : 1756442915353127938,
      "q" : "234.3",
      "p" : "0.3747",
      "s" : "sell",
      "i" : "ALICE_USD",
      "m" : "4611686018430070389"
    }, {
      "d" : "1756442915345842191",
      "t" : 1756442915345,
      "tn" : 1756442915345842191,
      "q" : "14.1",
      "p" : "0.3746",
      "s" : "sell",
      "i" : "ALICE_USD",
      "m" : "4611686018430070388"
    }, {
      "d" : "1756442915335647585",
      "t" : 1756442915335,
      "tn" : 1756442915335647585,
      "q" : "211.0",
      "p" : "0.3745",
      "s" : "sell",
      "i" : "ALICE_USD",
      "m" : "4611686018430070387"
    }, {
      "d" : "1756442857746330618",
      "t" : 1756442857746,
      "tn" : 1756442857746330618,
      "q" : "213.6",
      "p" : "0.3746",
      "s" : "sell",
      "i" : "ALICE_USD",
      "m" : "4611686018430070386"
    }, {
      "d" : "1756442820451544893",
      "t" : 1756442820451,
      "tn" : 1756442820451544892,
      "q" : "96.9",
      "p" : "0.3751",
      "s" : "sell",
      "i" : "ALICE_USD",
      "m" : "4611686018430070385"
    }, {
      "d" : "1756442820451544892",
      "t" : 1756442820451,
      "tn" : 1756442820451544892,
      "q" : "100.9",
      "p" : "0.3751",
      "s" : "sell",
      "i" : "ALICE_USD",
      "m" : "4611686018430070385"
    }, {
      "d" : "1756442813970456552",
      "t" : 1756442813970,
      "tn" : 1756442813970456552,
      "q" : "8.2",
      "p" : "0.3750",
      "s" : "sell",
      "i" : "ALICE_USD",
      "m" : "4611686018430070384"
    }, {
      "d" : "1756441280759963961",
      "t" : 1756441280759,
      "tn" : 1756441280759963961,
      "q" : "16.8",
      "p" : "0.3742",
      "s" : "sell",
      "i" : "ALICE_USD",
      "m" : "4611686018430070383"
    }, {
      "d" : "1756439883532180897",
      "t" : 1756439883532,
      "tn" : 1756439883532180897,
      "q" : "5.9",
      "p" : "0.3758",
      "s" : "buy",
      "i" : "ALICE_USD",
      "m" : "4611686018430070382"
    }, {
      "d" : "1756439838704835715",
      "t" : 1756439838704,
      "tn" : 1756439838704835715,
      "q" : "4.7",
      "p" : "0.3757",
      "s" : "buy",
      "i" : "ALICE_USD",
      "m" : "4611686018430070381"
    }, {
      "d" : "1756435939452386029",
      "t" : 1756435939452,
      "tn" : 1756435939452386029,
      "q" : "10.2",
      "p" : "0.3737",
      "s" : "sell",
      "i" : "ALICE_USD",
      "m" : "4611686018430070380"
    }, {
      "d" : "1756434278721270757",
      "t" : 1756434278721,
      "tn" : 1756434278721270757,
      "q" : "14.2",
      "p" : "0.3765",
      "s" : "buy",
      "i" : "ALICE_USD",
      "m" : "4611686018430070379"
    }, {
      "d" : "1756430951196303319",
      "t" : 1756430951196,
      "tn" : 1756430951196303319,
      "q" : "16.0",
      "p" : "0.3724",
      "s" : "sell",
      "i" : "ALICE_USD",
      "m" : "4611686018430070378"
    }, {
      "d" : "1756427553382620369",
      "t" : 1756427553382,
      "tn" : 1756427553382620369,
      "q" : "1396.0",
      "p" : "0.3801",
      "s" : "buy",
      "i" : "ALICE_USD",
      "m" : "4611686018430070377"
    }, {
      "d" : "1756427550291244787",
      "t" : 1756427550291,
      "tn" : 1756427550291244787,
      "q" : "442.5",
      "p" : "0.3800",
      "s" : "sell",
      "i" : "ALICE_USD",
      "m" : "4611686018430070376"
    }, {
      "d" : "1756427550283382561",
      "t" : 1756427550283,
      "tn" : 1756427550283382561,
      "q" : "160.8",
      "p" : "0.3800",
      "s" : "buy",
      "i" : "ALICE_USD",
      "m" : "4611686018430070375"
    }, {
      "d" : "1756427547111170378",
      "t" : 1756427547111,
      "tn" : 1756427547111170378,
      "q" : "1567.3",
      "p" : "0.3797",
      "s" : "buy",
      "i" : "ALICE_USD",
      "m" : "4611686018430070374"
    }, {
      "d" : "1756427380433236120",
      "t" : 1756427380433,
      "tn" : 1756427380433236120,
      "q" : "4.0",
      "p" : "0.3799",
      "s" : "sell",
      "i" : "ALICE_USD",
      "m" : "4611686018430070373"
    }, {
      "d" : "1756425844114466113",
      "t" : 1756425844114,
      "tn" : 1756425844114466113,
      "q" : "3.4",
      "p" : "0.3801",
      "s" : "buy",
      "i" : "ALICE_USD",
      "m" : "4611686018430070372"
    }, {
      "d" : "1756425814437101101",
      "t" : 1756425814437,
      "tn" : 1756425814437101101,
      "q" : "9.8",
      "p" : "0.3784",
      "s" : "sell",
      "i" : "ALICE_USD",
      "m" : "4611686018430070371"
    }, {
      "d" : "1756425583214033018",
      "t" : 1756425583214,
      "tn" : 1756425583214033018,
      "q" : "13.6",
      "p" : "0.3787",
      "s" : "sell",
      "i" : "ALICE_USD",
      "m" : "4611686018430070370"
    }, {
      "d" : "1756420841147919640",
      "t" : 1756420841147,
      "tn" : 1756420841147919640,
      "q" : "11.8",
      "p" : "0.3785",
      "s" : "buy",
      "i" : "ALICE_USD",
      "m" : "4611686018430070369"
    }, {
      "d" : "1756418693185607623",
      "t" : 1756418693185,
      "tn" : 1756418693185607623,
      "q" : "20.0",
      "p" : "0.3745",
      "s" : "sell",
      "i" : "ALICE_USD",
      "m" : "4611686018430070368"
    }, {
      "d" : "1756418621272780165",
      "t" : 1756418621272,
      "tn" : 1756418621272780165,
      "q" : "23.6",
      "p" : "0.3764",
      "s" : "buy",
      "i" : "ALICE_USD",
      "m" : "4611686018430070367"
    }, {
      "d" : "1756418342468496742",
      "t" : 1756418342468,
      "tn" : 1756418342468496742,
      "q" : "3.0",
      "p" : "0.3753",
      "s" : "buy",
      "i" : "ALICE_USD",
      "m" : "4611686018430070366"
    }, {
      "d" : "1756415863626778209",
      "t" : 1756415863626,
      "tn" : 1756415863626778209,
      "q" : "104.2",
      "p" : "0.3722",
      "s" : "buy",
      "i" : "ALICE_USD",
      "m" : "4611686018430070365"
    }, {
      "d" : "1756415098883114047",
      "t" : 1756415098883,
      "tn" : 1756415098883114047,
      "q" : "9.0",
      "p" : "0.3704",
      "s" : "buy",
      "i" : "ALICE_USD",
      "m" : "4611686018430070364"
    }, {
      "d" : "1756414912772157745",
      "t" : 1756414912772,
      "tn" : 1756414912772157745,
      "q" : "52.4",
      "p" : "0.3706",
      "s" : "buy",
      "i" : "ALICE_USD",
      "m" : "4611686018430070363"
    }, {
      "d" : "1756411609692024912",
      "t" : 1756411609692,
      "tn" : 1756411609692024912,
      "q" : "55.9",
      "p" : "0.3668",
      "s" : "sell",
      "i" : "ALICE_USD",
      "m" : "4611686018430070362"
    }, {
      "d" : "1756408534041967377",
      "t" : 1756408534041,
      "tn" : 1756408534041967377,
      "q" : "8.0",
      "p" : "0.3723",
      "s" : "sell",
      "i" : "ALICE_USD",
      "m" : "4611686018430070361"
    }, {
      "d" : "1756401120144425549",
      "t" : 1756401120144,
      "tn" : 1756401120144425549,
      "q" : "419.5",
      "p" : "0.3723",
      "s" : "buy",
      "i" : "ALICE_USD",
      "m" : "4611686018430070360"
    }, {
      "d" : "1756400932634536519",
      "t" : 1756400932634,
      "tn" : 1756400932634536519,
      "q" : "59.0",
      "p" : "0.3708",
      "s" : "sell",
      "i" : "ALICE_USD",
      "m" : "4611686018430070359"
    }, {
      "d" : "1756397599945940596",
      "t" : 1756397599945,
      "tn" : 1756397599945940596,
      "q" : "58.6",
      "p" : "0.3772",
      "s" : "sell",
      "i" : "ALICE_USD",
      "m" : "4611686018430070358"
    }, {
      "d" : "1756392548916606071",
      "t" : 1756392548916,
      "tn" : 1756392548916606071,
      "q" : "250.8",
      "p" : "0.3821",
      "s" : "buy",
      "i" : "ALICE_USD",
      "m" : "4611686018430070357"
    }, {
      "d" : "1756391378158730786",
      "t" : 1756391378158,
      "tn" : 1756391378158730786,
      "q" : "6.3",
      "p" : "0.3805",
      "s" : "buy",
      "i" : "ALICE_USD",
      "m" : "4611686018430070356"
    }, {
      "d" : "1756390574249997213",
      "t" : 1756390574249,
      "tn" : 1756390574249997213,
      "q" : "523.3",
      "p" : "0.3828",
      "s" : "buy",
      "i" : "ALICE_USD",
      "m" : "4611686018430070355"
    }, {
      "d" : "1756390573766187694",
      "t" : 1756390573766,
      "tn" : 1756390573766187694,
      "q" : "307.4",
      "p" : "0.3819",
      "s" : "buy",
      "i" : "ALICE_USD",
      "m" : "4611686018430070354"
    }, {
      "d" : "1756390572753250650",
      "t" : 1756390572753,
      "tn" : 1756390572753250650,
      "q" : "84.9",
      "p" : "0.3819",
      "s" : "buy",
      "i" : "ALICE_USD",
      "m" : "4611686018430070353"
    }, {
      "d" : "1756388593584892528",
      "t" : 1756388593584,
      "tn" : 1756388593584892528,
      "q" : "20.0",
      "p" : "0.3793",
      "s" : "buy",
      "i" : "ALICE_USD",
      "m" : "4611686018430070352"
    }, {
      "d" : "1756384296333819731",
      "t" : 1756384296333,
      "tn" : 1756384296333819731,
      "q" : "31.7",
      "p" : "0.3798",
      "s" : "buy",
      "i" : "ALICE_USD",
      "m" : "4611686018430070351"
    }, {
      "d" : "1756382871798316933",
      "t" : 1756382871798,
      "tn" : 1756382871798316933,
      "q" : "78.9",
      "p" : "0.3781",
      "s" : "buy",
      "i" : "ALICE_USD",
      "m" : "4611686018430070350"
    }, {
      "d" : "1756382871798256025",
      "t" : 1756382871798,
      "tn" : 1756382871798256025,
      "q" : "78.9",
      "p" : "0.3781",
      "s" : "buy",
      "i" : "ALICE_USD",
      "m" : "4611686018430070349"
    }, {
      "d" : "1756382871798253888",
      "t" : 1756382871798,
      "tn" : 1756382871798253888,
      "q" : "78.9",
      "p" : "0.3781",
      "s" : "buy",
      "i" : "ALICE_USD",
      "m" : "4611686018430070348"
    }, {
      "d" : "1756382871798251821",
      "t" : 1756382871798,
      "tn" : 1756382871798251821,
      "q" : "78.9",
      "p" : "0.3781",
      "s" : "buy",
      "i" : "ALICE_USD",
      "m" : "4611686018430070347"
    }, {
      "d" : "1756382871798249355",
      "t" : 1756382871798,
      "tn" : 1756382871798249355,
      "q" : "78.9",
      "p" : "0.3781",
      "s" : "buy",
      "i" : "ALICE_USD",
      "m" : "4611686018430070346"
    }, {
      "d" : "1756382871798248428",
      "t" : 1756382871798,
      "tn" : 1756382871798248428,
      "q" : "78.9",
      "p" : "0.3781",
      "s" : "buy",
      "i" : "ALICE_USD",
      "m" : "4611686018430070345"
    }, {
      "d" : "1756382871798245058",
      "t" : 1756382871798,
      "tn" : 1756382871798245058,
      "q" : "78.9",
      "p" : "0.3781",
      "s" : "buy",
      "i" : "ALICE_USD",
      "m" : "4611686018430070344"
    }, {
      "d" : "1756382871798244003",
      "t" : 1756382871798,
      "tn" : 1756382871798244003,
      "q" : "78.9",
      "p" : "0.3781",
      "s" : "buy",
      "i" : "ALICE_USD",
      "m" : "4611686018430070343"
    }, {
      "d" : "1756382871798166750",
      "t" : 1756382871798,
      "tn" : 1756382871798166750,
      "q" : "78.9",
      "p" : "0.3781",
      "s" : "buy",
      "i" : "ALICE_USD",
      "m" : "4611686018430070342"
    }, {
      "d" : "1756382871798146473",
      "t" : 1756382871798,
      "tn" : 1756382871798146473,
      "q" : "78.9",
      "p" : "0.3781",
      "s" : "buy",
      "i" : "ALICE_USD",
      "m" : "4611686018430070341"
    }, {
      "d" : "1756382599494630255",
      "t" : 1756382599494,
      "tn" : 1756382599494630255,
      "q" : "58.6",
      "p" : "0.3771",
      "s" : "buy",
      "i" : "ALICE_USD",
      "m" : "4611686018430070340"
    }, {
      "d" : "1756380182306655990",
      "t" : 1756380182306,
      "tn" : 1756380182306655990,
      "q" : "111.9",
      "p" : "0.3766",
      "s" : "sell",
      "i" : "ALICE_USD",
      "m" : "4611686018430070339"
    }, {
      "d" : "1756378784371470839",
      "t" : 1756378784371,
      "tn" : 1756378784371470839,
      "q" : "149.3",
      "p" : "0.3785",
      "s" : "sell",
      "i" : "ALICE_USD",
      "m" : "4611686018430070338"
    }, {
      "d" : "1756378784369999163",
      "t" : 1756378784369,
      "tn" : 1756378784369999163,
      "q" : "1021.7",
      "p" : "0.3785",
      "s" : "buy",
      "i" : "ALICE_USD",
      "m" : "4611686018430070337"
    }, {
      "d" : "1756374231004453487",
      "t" : 1756374231004,
      "tn" : 1756374231004453487,
      "q" : "17.1",
      "p" : "0.3785",
      "s" : "buy",
      "i" : "ALICE_USD",
      "m" : "4611686018430070336"
    } ]
  }
}