{
  "id" : -1,
  "method" : "public/get-trades",
  "code" : 0,
  "result" : {
    "data" : [ {
      "d" : "1756458654613948400",
      "t" : 1756458654613,
      "tn" : 1756458654613948400,
      "q" : "3850",
      "p" : "0.0034171",
      "s" : "sell",
      "i" : "AMP_USD",
      "m" : "4611686018430346661"
    }, {
      "d" : "1756457575113089322",
      "t" : 1756457575113,
      "tn" : 1756457575113089322,
      "q" : "8220",
      "p" : "0.0034419",
      "s" : "buy",
      "i" : "AMP_USD",
      "m" : "4611686018430346660"
    }, {
      "d" : "1756457575113087175",
      "t" : 1756457575113,
      "tn" : 1756457575113087175,
      "q" : "36320",
      "p" : "0.0034411",
      "s" : "buy",
      "i" : "AMP_USD",
      "m" : "4611686018430346659"
    }, {
      "d" : "1756455846486750053",
      "t" : 1756455846486,
      "tn" : 1756455846486750053,
      "q" : "500",
      "p" : "0.0034187",
      "s" : "buy",
      "i" : "AMP_USD",
      "m" : "4611686018430346658"
    }, {
      "d" : "1756454523270585336",
      "t" : 1756454523270,
      "tn" : 1756454523270585336,
      "q" : "5000",
      "p" : "0.0034472",
      "s" : "buy",
      "i" : "AMP_USD",
      "m" : "4611686018430346657"
    }, {
      "d" : "1756452488538206320",
      "t" : 1756452488538,
      "tn" : 1756452488538206320,
      "q" : "4500",
      "p" : "0.0034713",
      "s" : "buy",
      "i" : "AMP_USD",
      "m" : "4611686018430346656"
    }, {
      "d" : "1756452488026162721",
      "t" : 1756452488026,
      "tn" : 1756452488026162721,
      "q" : "10000",
      "p" : "0.0034422",
      "s" : "buy",
      "i" : "AMP_USD",
      "m" : "4611686018430346655"
    }, {
      "d" : "1756451707662619756",
      "t" : 1756451707662,
      "tn" : 1756451707662619756,
      "q" : "1280",
      "p" : "0.0034696",
      "s" : "buy",
      "i" : "AMP_USD",
      "m" : "4611686018430346654"
    }, {
      "d" : "1756451672338114536",
      "t" : 1756451672338,
      "tn" : 1756451672338114536,
      "q" : "2950",
      "p" : "0.0034813",
      "s" : "sell",
      "i" : "AMP_USD",
      "m" : "4611686018430346653"
    }, {
      "d" : "1756451420568149080",
      "t" : 1756451420568,
      "tn" : 1756451420568149080,
      "q" : "490",
      "p" : "0.0034833",
      "s" : "buy",
      "i" : "AMP_USD",
      "m" : "4611686018430346652"
    }, {
      "d" : "1756450666400287001",
      "t" : 1756450666400,
      "tn" : 1756450666400287001,
      "q" : "5710",
      "p" : "0.0034981",
      "s" : "buy",
      "i" : "AMP_USD",
      "m" : "4611686018430346651"
    }, {
      "d" : "1756450664885965096",
      "t" : 1756450664885,
      "tn" : 1756450664885965096,
      "q" : "5710",
      "p" : "0.0034999",
      "s" : "buy",
      "i" : "AMP_USD",
      "m" : "4611686018430346650"
    }, {
      "d" : "1756450265724730496",
      "t" : 1756450265724,
      "tn" : 1756450265724730496,
      "q" : "1280",
      "p" : "0.0034906",
      "s" : "buy",
      "i" : "AMP_USD",
      "m" : "4611686018430346649"
    }, {
      "d" : "1756450250716256902",
      "t" : 1756450250716,
      "tn" : 1756450250716256902,
      "q" : "9760",
      "p" : "0.0034926",
      "s" : "buy",
      "i" : "AMP_USD",
      "m" : "4611686018430346648"
    }, {
      "d" : "1756450250711051192",
      "t" : 1756450250711,
      "tn" : 1756450250711051192,
      "q" : "13860",
      "p" : "0.0034926",
      "s" : "buy",
      "i" : "AMP_USD",
      "m" : "4611686018430346647"
    }, {
      "d" : "1756450250706755231",
      "t" : 1756450250706,
      "tn" : 1756450250706755231,
      "q" : "40000",
      "p" : "0.0034926",
      "s" : "buy",
      "i" : "AMP_USD",
      "m" : "4611686018430346646"
    }, {
      "d" : "1756450250704965739",
      "t" : 1756450250704,
      "tn" : 1756450250704965739,
      "q" : "40650",
      "p" : "0.0034926",
      "s" : "buy",
      "i" : "AMP_USD",
      "m" : "4611686018430346645"
    }, {
      "d" : "1756450250689164770",
      "t" : 1756450250689,
      "tn" : 1756450250689164770,
      "q" : "92800",
      "p" : "0.0034926",
      "s" : "buy",
      "i" : "AMP_USD",
      "m" : "4611686018430346644"
    }, {
      "d" : "1756450245258581335",
      "t" : 1756450245258,
      "tn" : 1756450245258581335,
      "q" : "1640",
      "p" : "0.0035000",
      "s" : "sell",
      "i" : "AMP_USD",
      "m" : "4611686018430346643"
    }, {
      "d" : "1756450099547601341",
      "t" : 1756450099547,
      "tn" : 1756450099547601341,
      "q" : "26960",
      "p" : "0.0035200",
      "s" : "buy",
      "i" : "AMP_USD",
      "m" : "4611686018430346642"
    }, {
      "d" : "1756448730457792778",
      "t" : 1756448730457,
      "tn" : 1756448730457792778,
      "q" : "2500",
      "p" : "0.0035002",
      "s" : "sell",
      "i" : "AMP_USD",
      "m" : "4611686018430346641"
    }, {
      "d" : "1756447318333224963",
      "t" : 1756447318333,
      "tn" : 1756447318333224963,
      "q" : "5310",
      "p" : "0.0035390",
      "s" : "buy",
      "i" : "AMP_USD",
      "m" : "4611686018430346640"
    }, {
      "d" : "1756446565104664506",
      "t" : 1756446565104,
      "tn" : 1756446565104664506,
      "q" : "6250",
      "p" : "0.0035199",
      "s" : "buy",
      "i" : "AMP_USD",
      "m" : "4611686018430346639"
    }, {
      "d" : "1756446550472838284",
      "t" : 1756446550472,
      "tn" : 1756446550472838284,
      "q" : "3400",
      "p" : "0.0035199",
      "s" : "buy",
      "i" : "AMP_USD",
      "m" : "4611686018430346638"
    }, {
      "d" : "1756446550442675097",
      "t" : 1756446550442,
      "tn" : 1756446550442675097,
      "q" : "2360",
      "p" : "0.0035200",
      "s" : "buy",
      "i" : "AMP_USD",
      "m" : "4611686018430346637"
    }, {
      "d" : "1756446550432789495",
      "t" : 1756446550432,
      "tn" : 1756446550432789495,
      "q" : "15840",
      "p" : "0.0035200",
      "s" : "buy",
      "i" : "AMP_USD",
      "m" : "4611686018430346636"
    }, {
      "d" : "1756446550042259614",
      "t" : 1756446550042,
      "tn" : 1756446550042259614,
      "q" : "9890",
      "p" : "0.0035200",
      "s" : "buy",
      "i" : "AMP_USD",
      "m" : "4611686018430346635"
    }, {
      "d" : "1756446549099832534",
      "t" : 1756446549099,
      "tn" : 1756446549099832534,
      "q" : "2590",
      "p" : "0.0035201",
      "s" : "buy",
      "i" : "AMP_USD",
      "m" : "4611686018430346634"
    }, {
      "d" : "1756446291406137242",
      "t" : 1756446291406,
      "tn" : 1756446291406137242,
      "q" : "7730",
      "p" : "0.0035039",
      "s" : "buy",
      "i" : "AMP_USD",
      "m" : "4611686018430346633"
    }, {
      "d" : "1756446291401297517",
      "t" : 1756446291401,
      "tn" : 1756446291401297517,
      "q" : "300",
      "p" : "0.0035039",
      "s" : "sell",
      "i" : "AMP_USD",
      "m" : "4611686018430346632"
    }, {
      "d" : "1756446285775881278",
      "t" : 1756446285775,
      "tn" : 1756446285775881278,
      "q" : "470",
      "p" : "0.0035135",
      "s" : "sell",
      "i" : "AMP_USD",
      "m" : "4611686018430346631"
    }, {
      "d" : "1756445912078335333",
      "t" : 1756445912078,
      "tn" : 1756445912078335333,
      "q" : "2460",
      "p" : "0.0035135",
      "s" : "sell",
      "i" : "AMP_USD",
      "m" : "4611686018430346630"
    }, {
      "d" : "1756443363661310421",
      "t" : 1756443363661,
      "tn" : 1756443363661310421,
      "q" : "300",
      "p" : "0.0035483",
      "s" : "buy",
      "i" : "AMP_USD",
      "m" : "4611686018430346629"
    }, {
      "d" : "1756441731083317704",
      "t" : 1756441731083,
      "tn" : 1756441731083317704,
      "q" : "21740",
      "p" : "0.0035419",
      "s" : "sell",
      "i" : "AMP_USD",
      "m" : "4611686018430346628"
    }, {
      "d" : "1756441731079900492",
      "t" : 1756441731079,
      "tn" : 1756441731079900492,
      "q" : "2550",
      "p" : "0.0035419",
      "s" : "sell",
      "i" : "AMP_USD",
      "m" : "4611686018430346627"
    }, {
      "d" : "1756441731079898214",
      "t" : 1756441731079,
      "tn" : 1756441731079898214,
      "q" : "12240",
      "p" : "0.0035420",
      "s" : "sell",
      "i" : "AMP_USD",
      "m" : "4611686018430346626"
    }, {
      "d" : "1756441528270184044",
      "t" : 1756441528270,
      "tn" : 1756441528270184044,
      "q" : "5770",
      "p" : "0.0035594",
      "s" : "sell",
      "i" : "AMP_USD",
      "m" : "4611686018430346625"
    }, {
      "d" : "1756441523873317242",
      "t" : 1756441523873,
      "tn" : 1756441523873317242,
      "q" : "10300",
      "p" : "0.0035615",
      "s" : "sell",
      "i" : "AMP_USD",
      "m" : "4611686018430346624"
    }, {
      "d" : "1756438788994160674",
      "t" : 1756438788994,
      "tn" : 1756438788994160674,
      "q" : "4400",
      "p" : "0.0035689",
      "s" : "buy",
      "i" : "AMP_USD",
      "m" : "4611686018430346623"
    }, {
      "d" : "1756438788992621514",
      "t" : 1756438788992,
      "tn" : 1756438788992621514,
      "q" : "4500",
      "p" : "0.0035689",
      "s" : "buy",
      "i" : "AMP_USD",
      "m" : "4611686018430346622"
    }, {
      "d" : "1756438715537023332",
      "t" : 1756438715537,
      "tn" : 1756438715537023332,
      "q" : "10250",
      "p" : "0.0035627",
      "s" : "buy",
      "i" : "AMP_USD",
      "m" : "4611686018430346621"
    }, {
      "d" : "1756438332844926860",
      "t" : 1756438332844,
      "tn" : 1756438332844926860,
      "q" : "1000",
      "p" : "0.0035336",
      "s" : "sell",
      "i" : "AMP_USD",
      "m" : "4611686018430346620"
    }, {
      "d" : "1756438304787096295",
      "t" : 1756438304787,
      "tn" : 1756438304787096295,
      "q" : "30000",
      "p" : "0.0035393",
      "s" : "buy",
      "i" : "AMP_USD",
      "m" : "4611686018430346619"
    }, {
      "d" : "1756436589190695653",
      "t" : 1756436589190,
      "tn" : 1756436589190695653,
      "q" : "4570",
      "p" : "0.0035498",
      "s" : "buy",
      "i" : "AMP_USD",
      "m" : "4611686018430346618"
    }, {
      "d" : "1756436077132601576",
      "t" : 1756436077132,
      "tn" : 1756436077132601576,
      "q" : "550",
      "p" : "0.0035270",
      "s" : "sell",
      "i" : "AMP_USD",
      "m" : "4611686018430346617"
    }, {
      "d" : "1756435904046648712",
      "t" : 1756435904046,
      "tn" : 1756435904046648712,
      "q" : "62950",
      "p" : "0.0035307",
      "s" : "buy",
      "i" : "AMP_USD",
      "m" : "4611686018430346616"
    }, {
      "d" : "1756435266292170095",
      "t" : 1756435266292,
      "tn" : 1756435266292170095,
      "q" : "4210",
      "p" : "0.0035496",
      "s" : "buy",
      "i" : "AMP_USD",
      "m" : "4611686018430346615"
    }, {
      "d" : "1756434044998323392",
      "t" : 1756434044998,
      "tn" : 1756434044998323392,
      "q" : "5000",
      "p" : "0.0035489",
      "s" : "sell",
      "i" : "AMP_USD",
      "m" : "4611686018430346614"
    }, {
      "d" : "1756433822133913622",
      "t" : 1756433822133,
      "tn" : 1756433822133913622,
      "q" : "12760",
      "p" : "0.0035488",
      "s" : "sell",
      "i" : "AMP_USD",
      "m" : "4611686018430346613"
    }, {
      "d" : "1756433816339388264",
      "t" : 1756433816339,
      "tn" : 1756433816339388264,
      "q" : "3090",
      "p" : "0.0035489",
      "s" : "sell",
      "i" : "AMP_USD",
      "m" : "4611686018430346612"
    }, {
      "d" : "1756433810765865822",
      "t" : 1756433810765,
      "tn" : 1756433810765865822,
      "q" : "1580",
      "p" : "0.0035497",
      "s" : "buy",
      "i" : "AMP_USD",
      "m" : "4611686018430346611"
    }, {
      "d" : "1756433810412207288",
      "t" : 1756433810412,
      "tn" : 1756433810412207288,
      "q" : "1580",
      "p" : "0.0035497",
      "s" : "sell",
      "i" : "AMP_USD",
      "m" : "4611686018430346610"
    }, {
      "d" : "1756431916815803534",
      "t" : 1756431916815,
      "tn" : 1756431916815803534,
      "q" : "1580",
      "p" : "0.0035681",
      "s" : "buy",
      "i" : "AMP_USD",
      "m" : "4611686018430346609"
    }, {
      "d" : "1756430709678159066",
      "t" : 1756430709678,
      "tn" : 1756430709678159066,
      "q" : "4300",
      "p" : "0.0035535",
      "s" : "sell",
      "i" : "AMP_USD",
      "m" : "4611686018430346608"
    }, {
      "d" : "1756430569591941383",
      "t" : 1756430569591,
      "tn" : 1756430569591941383,
      "q" : "3910",
      "p" : "0.0035534",
      "s" : "sell",
      "i" : "AMP_USD",
      "m" : "4611686018430346607"
    }, {
      "d" : "1756430566330361680",
      "t" : 1756430566330,
      "tn" : 1756430566330361680,
      "q" : "5390",
      "p" : "0.0035535",
      "s" : "sell",
      "i" : "AMP_USD",
      "m" : "4611686018430346606"
    }, {
      "d" : "1756429310455888620",
      "t" : 1756429310455,
      "tn" : 1756429310455888620,
      "q" : "2260",
      "p" : "0.0035624",
      "s" : "sell",
      "i" : "AMP_USD",
      "m" : "4611686018430346605"
    }, {
      "d" : "1756429066115278343",
      "t" : 1756429066115,
      "tn" : 1756429066115278343,
      "q" : "6000",
      "p" : "0.0035576",
      "s" : "sell",
      "i" : "AMP_USD",
      "m" : "4611686018430346604"
    }, {
      "d" : "1756426963035397930",
      "t" : 1756426963035,
      "tn" : 1756426963035397930,
      "q" : "1380",
      "p" : "0.0035615",
      "s" : "sell",
      "i" : "AMP_USD",
      "m" : "4611686018430346603"
    }, {
      "d" : "1756422658652661481",
      "t" : 1756422658652,
      "tn" : 1756422658652661481,
      "q" : "2050",
      "p" : "0.0035655",
      "s" : "sell",
      "i" : "AMP_USD",
      "m" : "4611686018430346602"
    }, {
      "d" : "1756419384561001303",
      "t" : 1756419384561,
      "tn" : 1756419384561001303,
      "q" : "9210",
      "p" : "0.0035504",
      "s" : "sell",
      "i" : "AMP_USD",
      "m" : "4611686018430346601"
    }, {
      "d" : "1756418221314599555",
      "t" : 1756418221314,
      "tn" : 1756418221314599555,
      "q" : "1550",
      "p" : "0.0035317",
      "s" : "sell",
      "i" : "AMP_USD",
      "m" : "4611686018430346600"
    }, {
      "d" : "1756417162518549855",
      "t" : 1756417162518,
      "tn" : 1756417162518549855,
      "q" : "930",
      "p" : "0.0035296",
      "s" : "sell",
      "i" : "AMP_USD",
      "m" : "4611686018430346599"
    }, {
      "d" : "1756417131580955690",
      "t" : 1756417131580,
      "tn" : 1756417131580955690,
      "q" : "2050",
      "p" : "0.0035329",
      "s" : "sell",
      "i" : "AMP_USD",
      "m" : "4611686018430346598"
    }, {
      "d" : "1756416352973993744",
      "t" : 1756416352973,
      "tn" : 1756416352973993744,
      "q" : "2920",
      "p" : "0.0035455",
      "s" : "buy",
      "i" : "AMP_USD",
      "m" : "4611686018430346597"
    }, {
      "d" : "1756415381516758125",
      "t" : 1756415381516,
      "tn" : 1756415381516758125,
      "q" : "5000",
      "p" : "0.0035285",
      "s" : "sell",
      "i" : "AMP_USD",
      "m" : "4611686018430346596"
    }, {
      "d" : "1756414874072259356",
      "t" : 1756414874072,
      "tn" : 1756414874072259356,
      "q" : "2550",
      "p" : "0.0035256",
      "s" : "sell",
      "i" : "AMP_USD",
      "m" : "4611686018430346595"
    }, {
      "d" : "1756414579849533282",
      "t" : 1756414579849,
      "tn" : 1756414579849533282,
      "q" : "770",
      "p" : "0.0035255",
      "s" : "sell",
      "i" : "AMP_USD",
      "m" : "4611686018430346594"
    }, {
      "d" : "1756413724139387880",
      "t" : 1756413724139,
      "tn" : 1756413724139387880,
      "q" : "1630",
      "p" : "0.0035216",
      "s" : "sell",
      "i" : "AMP_USD",
      "m" : "4611686018430346593"
    }, {
      "d" : "1756413655256988794",
      "t" : 1756413655256,
      "tn" : 1756413655256988794,
      "q" : "3340",
      "p" : "0.0035304",
      "s" : "sell",
      "i" : "AMP_USD",
      "m" : "4611686018430346592"
    }, {
      "d" : "1756413655256985695",
      "t" : 1756413655256,
      "tn" : 1756413655256985695,
      "q" : "8960",
      "p" : "0.0035305",
      "s" : "sell",
      "i" : "AMP_USD",
      "m" : "4611686018430346591"
    }, {
      "d" : "1756411826486764659",
      "t" : 1756411826486,
      "tn" : 1756411826486764659,
      "q" : "8960",
      "p" : "0.0035267",
      "s" : "buy",
      "i" : "AMP_USD",
      "m" : "4611686018430346590"
    }, {
      "d" : "1756411124423089668",
      "t" : 1756411124423,
      "tn" : 1756411124423089668,
      "q" : "13110",
      "p" : "0.0035067",
      "s" : "buy",
      "i" : "AMP_USD",
      "m" : "4611686018430346589"
    }, {
      "d" : "1756411124413922704",
      "t" : 1756411124413,
      "tn" : 1756411124413922704,
      "q" : "8960",
      "p" : "0.0035067",
      "s" : "sell",
      "i" : "AMP_USD",
      "m" : "4611686018430346588"
    }, {
      "d" : "1756411120508916172",
      "t" : 1756411120508,
      "tn" : 1756411120508916172,
      "q" : "2930",
      "p" : "0.0035135",
      "s" : "sell",
      "i" : "AMP_USD",
      "m" : "4611686018430346587"
    }, {
      "d" : "1756410664122935317",
      "t" : 1756410664122,
      "tn" : 1756410664122935317,
      "q" : "28810",
      "p" : "0.0035187",
      "s" : "sell",
      "i" : "AMP_USD",
      "m" : "4611686018430346586"
    }, {
      "d" : "1756410664121710845",
      "t" : 1756410664121,
      "tn" : 1756410664121710845,
      "q" : "28810",
      "p" : "0.0035187",
      "s" : "sell",
      "i" : "AMP_USD",
      "m" : "4611686018430346585"
    }, {
      "d" : "1756410664120075717",
      "t" : 1756410664120,
      "tn" : 1756410664120075717,
      "q" : "28810",
      "p" : "0.0035187",
      "s" : "sell",
      "i" : "AMP_USD",
      "m" : "4611686018430346584"
    }, {
      "d" : "1756410549608029838",
      "t" : 1756410549608,
      "tn" : 1756410549608029838,
      "q" : "3590",
      "p" : "0.0035246",
      "s" : "sell",
      "i" : "AMP_USD",
      "m" : "4611686018430346583"
    }, {
      "d" : "1756410549605976349",
      "t" : 1756410549605,
      "tn" : 1756410549605976349,
      "q" : "41100",
      "p" : "0.0035246",
      "s" : "sell",
      "i" : "AMP_USD",
      "m" : "4611686018430346582"
    }, {
      "d" : "1756410383024009959",
      "t" : 1756410383024,
      "tn" : 1756410383024009959,
      "q" : "8880",
      "p" : "0.0035376",
      "s" : "sell",
      "i" : "AMP_USD",
      "m" : "4611686018430346581"
    }, {
      "d" : "1756410327400144084",
      "t" : 1756410327400,
      "tn" : 1756410327400144084,
      "q" : "2900",
      "p" : "0.0035455",
      "s" : "sell",
      "i" : "AMP_USD",
      "m" : "4611686018430346580"
    }, {
      "d" : "1756410327209036615",
      "t" : 1756410327209,
      "tn" : 1756410327209036615,
      "q" : "27640",
      "p" : "0.0035456",
      "s" : "sell",
      "i" : "AMP_USD",
      "m" : "4611686018430346579"
    }, {
      "d" : "1756410243514936217",
      "t" : 1756410243514,
      "tn" : 1756410243514936217,
      "q" : "2890",
      "p" : "0.0035533",
      "s" : "sell",
      "i" : "AMP_USD",
      "m" : "4611686018430346578"
    }, {
      "d" : "1756408970106039878",
      "t" : 1756408970106,
      "tn" : 1756408970106039878,
      "q" : "8040",
      "p" : "0.0035730",
      "s" : "sell",
      "i" : "AMP_USD",
      "m" : "4611686018430346577"
    }, {
      "d" : "1756408947975008771",
      "t" : 1756408947975,
      "tn" : 1756408947975008771,
      "q" : "3350",
      "p" : "0.0035597",
      "s" : "sell",
      "i" : "AMP_USD",
      "m" : "4611686018430346576"
    }, {
      "d" : "1756408845257554637",
      "t" : 1756408845257,
      "tn" : 1756408845257554637,
      "q" : "4500",
      "p" : "0.0035606",
      "s" : "sell",
      "i" : "AMP_USD",
      "m" : "4611686018430346575"
    }, {
      "d" : "1756408826553035065",
      "t" : 1756408826553,
      "tn" : 1756408826553035065,
      "q" : "1270",
      "p" : "0.0035626",
      "s" : "sell",
      "i" : "AMP_USD",
      "m" : "4611686018430346574"
    }, {
      "d" : "1756407473774501342",
      "t" : 1756407473774,
      "tn" : 1756407473774501342,
      "q" : "850",
      "p" : "0.0035710",
      "s" : "sell",
      "i" : "AMP_USD",
      "m" : "4611686018430346573"
    }, {
      "d" : "1756406613272426218",
      "t" : 1756406613272,
      "tn" : 1756406613272426218,
      "q" : "850",
      "p" : "0.0035729",
      "s" : "sell",
      "i" : "AMP_USD",
      "m" : "4611686018430346572"
    }, {
      "d" : "1756406161752163871",
      "t" : 1756406161752,
      "tn" : 1756406161752163871,
      "q" : "1400",
      "p" : "0.0035715",
      "s" : "sell",
      "i" : "AMP_USD",
      "m" : "4611686018430346571"
    }, {
      "d" : "1756404697875387365",
      "t" : 1756404697875,
      "tn" : 1756404697875387365,
      "q" : "600",
      "p" : "0.0035674",
      "s" : "sell",
      "i" : "AMP_USD",
      "m" : "4611686018430346570"
    }, {
      "d" : "1756403595789201224",
      "t" : 1756403595789,
      "tn" : 1756403595789201224,
      "q" : "16920",
      "p" : "0.0035875",
      "s" : "buy",
      "i" : "AMP_USD",
      "m" : "4611686018430346569"
    }, {
      "d" : "1756403595784036586",
      "t" : 1756403595784,
      "tn" : 1756403595784036585,
      "q" : "27870",
      "p" : "0.0035875",
      "s" : "sell",
      "i" : "AMP_USD",
      "m" : "4611686018430346568"
    }, {
      "d" : "1756403595784036585",
      "t" : 1756403595784,
      "tn" : 1756403595784036585,
      "q" : "42150",
      "p" : "0.0035875",
      "s" : "sell",
      "i" : "AMP_USD",
      "m" : "4611686018430346568"
    }, {
      "d" : "1756403046660222863",
      "t" : 1756403046660,
      "tn" : 1756403046660222863,
      "q" : "2000",
      "p" : "0.0035671",
      "s" : "sell",
      "i" : "AMP_USD",
      "m" : "4611686018430346567"
    }, {
      "d" : "1756402713904515000",
      "t" : 1756402713904,
      "tn" : 1756402713904515000,
      "q" : "62250",
      "p" : "0.0035801",
      "s" : "sell",
      "i" : "AMP_USD",
      "m" : "4611686018430346566"
    }, {
      "d" : "1756402713899513567",
      "t" : 1756402713899,
      "tn" : 1756402713899513567,
      "q" : "34880",
      "p" : "0.0035798",
      "s" : "buy",
      "i" : "AMP_USD",
      "m" : "4611686018430346565"
    }, {
      "d" : "1756402707841715457",
      "t" : 1756402707841,
      "tn" : 1756402707841715457,
      "q" : "62510",
      "p" : "0.0035716",
      "s" : "sell",
      "i" : "AMP_USD",
      "m" : "4611686018430346564"
    }, {
      "d" : "1756402707832776712",
      "t" : 1756402707832,
      "tn" : 1756402707832776712,
      "q" : "3260",
      "p" : "0.0035716",
      "s" : "buy",
      "i" : "AMP_USD",
      "m" : "4611686018430346563"
    }, {
      "d" : "1756402325379504269",
      "t" : 1756402325379,
      "tn" : 1756402325379504269,
      "q" : "1520",
      "p" : "0.0035598",
      "s" : "sell",
      "i" : "AMP_USD",
      "m" : "4611686018430346562"
    }, {
      "d" : "1756401251815417363",
      "t" : 1756401251815,
      "tn" : 1756401251815417363,
      "q" : "2360",
      "p" : "0.0035609",
      "s" : "sell",
      "i" : "AMP_USD",
      "m" : "4611686018430346561"
    }, {
      "d" : "1756401122682218758",
      "t" : 1756401122682,
      "tn" : 1756401122682218758,
      "q" : "2000",
      "p" : "0.0035598",
      "s" : "sell",
      "i" : "AMP_USD",
      "m" : "4611686018430346560"
    }, {
      "d" : "1756400981115976173",
      "t" : 1756400981115,
      "tn" : 1756400981115976173,
      "q" : "2540",
      "p" : "0.0035619",
      "s" : "sell",
      "i" : "AMP_USD",
      "m" : "4611686018430346559"
    }, {
      "d" : "1756400014834235697",
      "t" : 1756400014834,
      "tn" : 1756400014834235697,
      "q" : "6050",
      "p" : "0.0035688",
      "s" : "sell",
      "i" : "AMP_USD",
      "m" : "4611686018430346558"
    }, {
      "d" : "1756399886895249493",
      "t" : 1756399886895,
      "tn" : 1756399886895249493,
      "q" : "550",
      "p" : "0.0035803",
      "s" : "sell",
      "i" : "AMP_USD",
      "m" : "4611686018430346557"
    }, {
      "d" : "1756397718954589796",
      "t" : 1756397718954,
      "tn" : 1756397718954589796,
      "q" : "1860",
      "p" : "0.0036003",
      "s" : "sell",
      "i" : "AMP_USD",
      "m" : "4611686018430346556"
    }, {
      "d" : "1756397713890312603",
      "t" : 1756397713890,
      "tn" : 1756397713890312603,
      "q" : "39380",
      "p" : "0.0036067",
      "s" : "sell",
      "i" : "AMP_USD",
      "m" : "4611686018430346555"
    }, {
      "d" : "1756397116597300550",
      "t" : 1756397116597,
      "tn" : 1756397116597300550,
      "q" : "450",
      "p" : "0.0035958",
      "s" : "sell",
      "i" : "AMP_USD",
      "m" : "4611686018430346554"
    }, {
      "d" : "1756396713872124494",
      "t" : 1756396713872,
      "tn" : 1756396713872124494,
      "q" : "15580",
      "p" : "0.0035650",
      "s" : "sell",
      "i" : "AMP_USD",
      "m" : "4611686018430346553"
    }, {
      "d" : "1756395087394908687",
      "t" : 1756395087394,
      "tn" : 1756395087394908687,
      "q" : "850",
      "p" : "0.0035555",
      "s" : "sell",
      "i" : "AMP_USD",
      "m" : "4611686018430346552"
    }, {
      "d" : "1756394436416680718",
      "t" : 1756394436416,
      "tn" : 1756394436416680718,
      "q" : "420",
      "p" : "0.0035616",
      "s" : "sell",
      "i" : "AMP_USD",
      "m" : "4611686018430346551"
    }, {
      "d" : "1756393452429683941",
      "t" : 1756393452429,
      "tn" : 1756393452429683941,
      "q" : "690",
      "p" : "0.0035746",
      "s" : "sell",
      "i" : "AMP_USD",
      "m" : "4611686018430346550"
    }, {
      "d" : "1756393360986565563",
      "t" : 1756393360986,
      "tn" : 1756393360986565563,
      "q" : "630",
      "p" : "0.0035716",
      "s" : "sell",
      "i" : "AMP_USD",
      "m" : "4611686018430346549"
    }, {
      "d" : "1756393279124912963",
      "t" : 1756393279124,
      "tn" : 1756393279124912963,
      "q" : "350",
      "p" : "0.0035704",
      "s" : "sell",
      "i" : "AMP_USD",
      "m" : "4611686018430346548"
    }, {
      "d" : "1756392222940975557",
      "t" : 1756392222940,
      "tn" : 1756392222940975557,
      "q" : "2000",
      "p" : "0.0035687",
      "s" : "sell",
      "i" : "AMP_USD",
      "m" : "4611686018430346547"
    }, {
      "d" : "1756391870896413484",
      "t" : 1756391870896,
      "tn" : 1756391870896413484,
      "q" : "2890",
      "p" : "0.0035769",
      "s" : "buy",
      "i" : "AMP_USD",
      "m" : "4611686018430346546"
    }, {
      "d" : "1756391801574084732",
      "t" : 1756391801574,
      "tn" : 1756391801574084732,
      "q" : "380",
      "p" : "0.0035775",
      "s" : "sell",
      "i" : "AMP_USD",
      "m" : "4611686018430346545"
    }, {
      "d" : "1756391636570852275",
      "t" : 1756391636570,
      "tn" : 1756391636570852275,
      "q" : "5220",
      "p" : "0.0035734",
      "s" : "buy",
      "i" : "AMP_USD",
      "m" : "4611686018430346544"
    }, {
      "d" : "1756390808905103239",
      "t" : 1756390808905,
      "tn" : 1756390808905103239,
      "q" : "2680",
      "p" : "0.0035675",
      "s" : "sell",
      "i" : "AMP_USD",
      "m" : "4611686018430346543"
    }, {
      "d" : "1756388574171263207",
      "t" : 1756388574171,
      "tn" : 1756388574171263207,
      "q" : "17140",
      "p" : "0.0035766",
      "s" : "sell",
      "i" : "AMP_USD",
      "m" : "4611686018430346542"
    }, {
      "d" : "1756388067786631430",
      "t" : 1756388067786,
      "tn" : 1756388067786631430,
      "q" : "48740",
      "p" : "0.0035798",
      "s" : "sell",
      "i" : "AMP_USD",
      "m" : "4611686018430346541"
    }, {
      "d" : "1756387837096665000",
      "t" : 1756387837096,
      "tn" : 1756387837096665000,
      "q" : "10130",
      "p" : "0.0035806",
      "s" : "sell",
      "i" : "AMP_USD",
      "m" : "4611686018430346540"
    }, {
      "d" : "1756387833837223796",
      "t" : 1756387833837,
      "tn" : 1756387833837223796,
      "q" : "3200",
      "p" : "0.0035806",
      "s" : "sell",
      "i" : "AMP_USD",
      "m" : "4611686018430346539"
    }, {
      "d" : "1756387173673678646",
      "t" : 1756387173673,
      "tn" : 1756387173673678646,
      "q" : "1240",
      "p" : "0.0035876",
      "s" : "sell",
      "i" : "AMP_USD",
      "m" : "4611686018430346538"
    }, {
      "d" : "1756387170506396634",
      "t" : 1756387170506,
      "tn" : 1756387170506396634,
      "q" : "8760",
      "p" : "0.0035875",
      "s" : "sell",
      "i" : "AMP_USD",
      "m" : "4611686018430346537"
    }, {
      "d" : "1756386391348028160",
      "t" : 1756386391348,
      "tn" : 1756386391348028160,
      "q" : "16220",
      "p" : "0.0035764",
      "s" : "buy",
      "i" : "AMP_USD",
      "m" : "4611686018430346536"
    }, {
      "d" : "1756386391345507891",
      "t" : 1756386391345,
      "tn" : 1756386391345507891,
      "q" : "25160",
      "p" : "0.0035764",
      "s" : "buy",
      "i" : "AMP_USD",
      "m" : "4611686018430346535"
    }, {
      "d" : "1756386391332625277",
      "t" : 1756386391332,
      "tn" : 1756386391332625277,
      "q" : "25160",
      "p" : "0.0035764",
      "s" : "buy",
      "i" : "AMP_USD",
      "m" : "4611686018430346534"
    }, {
      "d" : "1756386391331515925",
      "t" : 1756386391331,
      "tn" : 1756386391331515925,
      "q" : "67370",
      "p" : "0.0035764",
      "s" : "buy",
      "i" : "AMP_USD",
      "m" : "4611686018430346533"
    }, {
      "d" : "1756386391326064127",
      "t" : 1756386391326,
      "tn" : 1756386391326064127,
      "q" : "42150",
      "p" : "0.0035764",
      "s" : "sell",
      "i" : "AMP_USD",
      "m" : "4611686018430346532"
    }, {
      "d" : "1756386387905201478",
      "t" : 1756386387905,
      "tn" : 1756386387905201478,
      "q" : "16760",
      "p" : "0.0035805",
      "s" : "buy",
      "i" : "AMP_USD",
      "m" : "4611686018430346531"
    }, {
      "d" : "1756386387880636719",
      "t" : 1756386387880,
      "tn" : 1756386387880636719,
      "q" : "12650",
      "p" : "0.0035805",
      "s" : "buy",
      "i" : "AMP_USD",
      "m" : "4611686018430346530"
    }, {
      "d" : "1756386387865608046",
      "t" : 1756386387865,
      "tn" : 1756386387865608046,
      "q" : "25140",
      "p" : "0.0035805",
      "s" : "buy",
      "i" : "AMP_USD",
      "m" : "4611686018430346529"
    }, {
      "d" : "1756386387850458759",
      "t" : 1756386387850,
      "tn" : 1756386387850458759,
      "q" : "25140",
      "p" : "0.0035805",
      "s" : "buy",
      "i" : "AMP_USD",
      "m" : "4611686018430346528"
    }, {
      "d" : "1756386387836438372",
      "t" : 1756386387836,
      "tn" : 1756386387836438372,
      "q" : "25140",
      "p" : "0.0035805",
      "s" : "buy",
      "i" : "AMP_USD",
      "m" : "4611686018430346527"
    }, {
      "d" : "1756386387816685718",
      "t" : 1756386387816,
      "tn" : 1756386387816685718,
      "q" : "25140",
      "p" : "0.0035805",
      "s" : "buy",
      "i" : "AMP_USD",
      "m" : "4611686018430346526"
    }, {
      "d" : "1756386387805228741",
      "t" : 1756386387805,
      "tn" : 1756386387805228741,
      "q" : "25140",
      "p" : "0.0035805",
      "s" : "buy",
      "i" : "AMP_USD",
      "m" : "4611686018430346525"
    }, {
      "d" : "1756386387722464510",
      "t" : 1756386387722,
      "tn" : 1756386387722464510,
      "q" : "25140",
      "p" : "0.0035805",
      "s" : "buy",
      "i" : "AMP_USD",
      "m" : "4611686018430346524"
    }, {
      "d" : "1756386387709443738",
      "t" : 1756386387709,
      "tn" : 1756386387709443738,
      "q" : "25140",
      "p" : "0.0035805",
      "s" : "buy",
      "i" : "AMP_USD",
      "m" : "4611686018430346523"
    }, {
      "d" : "1756386387698489929",
      "t" : 1756386387698,
      "tn" : 1756386387698489929,
      "q" : "19180",
      "p" : "0.0035805",
      "s" : "buy",
      "i" : "AMP_USD",
      "m" : "4611686018430346522"
    }, {
      "d" : "1756386387697994324",
      "t" : 1756386387697,
      "tn" : 1756386387697994324,
      "q" : "21190",
      "p" : "0.0035805",
      "s" : "buy",
      "i" : "AMP_USD",
      "m" : "4611686018430346521"
    }, {
      "d" : "1756386387684308089",
      "t" : 1756386387684,
      "tn" : 1756386387684308089,
      "q" : "7590",
      "p" : "0.0035805",
      "s" : "buy",
      "i" : "AMP_USD",
      "m" : "4611686018430346520"
    }, {
      "d" : "1756386387670385650",
      "t" : 1756386387670,
      "tn" : 1756386387670385650,
      "q" : "25140",
      "p" : "0.0035805",
      "s" : "buy",
      "i" : "AMP_USD",
      "m" : "4611686018430346519"
    }, {
      "d" : "1756386385068202254",
      "t" : 1756386385068,
      "tn" : 1756386385068202254,
      "q" : "9680",
      "p" : "0.0035805",
      "s" : "sell",
      "i" : "AMP_USD",
      "m" : "4611686018430346518"
    }, {
      "d" : "1756386381687892202",
      "t" : 1756386381687,
      "tn" : 1756386381687892202,
      "q" : "38170",
      "p" : "0.0035805",
      "s" : "buy",
      "i" : "AMP_USD",
      "m" : "4611686018430346517"
    }, {
      "d" : "1756386381682319926",
      "t" : 1756386381682,
      "tn" : 1756386381682319926,
      "q" : "9680",
      "p" : "0.0035805",
      "s" : "sell",
      "i" : "AMP_USD",
      "m" : "4611686018430346516"
    }, {
      "d" : "1756386378571955241",
      "t" : 1756386378571,
      "tn" : 1756386378571955241,
      "q" : "281690",
      "p" : "0.0035812",
      "s" : "buy",
      "i" : "AMP_USD",
      "m" : "4611686018430346515"
    }, {
      "d" : "1756386378566813144",
      "t" : 1756386378566,
      "tn" : 1756386378566813144,
      "q" : "8310",
      "p" : "0.0035812",
      "s" : "sell",
      "i" : "AMP_USD",
      "m" : "4611686018430346514"
    }, {
      "d" : "1756386372649201563",
      "t" : 1756386372649,
      "tn" : 1756386372649201563,
      "q" : "96050",
      "p" : "0.0035843",
      "s" : "buy",
      "i" : "AMP_USD",
      "m" : "4611686018430346513"
    } ]
  }
}