{
  "id" : -1,
  "method" : "public/get-trades",
  "code" : 0,
  "result" : {
    "data" : [ {
      "d" : "1756443480529113028",
      "t" : 1756443480529,
      "tn" : 1756443480529113028,
      "q" : "8050",
      "p" : "0.0035319",
      "s" : "sell",
      "i" : "AMP_USDT",
      "m" : "4611686018430340798"
    }, {
      "d" : "1756443456542502411",
      "t" : 1756443456542,
      "tn" : 1756443456542502411,
      "q" : "4390",
      "p" : "0.0035319",
      "s" : "sell",
      "i" : "AMP_USDT",
      "m" : "4611686018430340797"
    }, {
      "d" : "1756443454486513973",
      "t" : 1756443454486,
      "tn" : 1756443454486513973,
      "q" : "5890",
      "p" : "0.0035319",
      "s" : "sell",
      "i" : "AMP_USDT",
      "m" : "4611686018430340796"
    }, {
      "d" : "1756443454486442465",
      "t" : 1756443454486,
      "tn" : 1756443454486442465,
      "q" : "1840",
      "p" : "0.0035319",
      "s" : "sell",
      "i" : "AMP_USDT",
      "m" : "4611686018430340795"
    }, {
      "d" : "1756436077133423491",
      "t" : 1756436077133,
      "tn" : 1756436077133423491,
      "q" : "550",
      "p" : "0.0035319",
      "s" : "sell",
      "i" : "AMP_USDT",
      "m" : "4611686018430340794"
    }, {
      "d" : "1756410664120080492",
      "t" : 1756410664120,
      "tn" : 1756410664120080492,
      "q" : "28420",
      "p" : "0.0035188",
      "s" : "sell",
      "i" : "AMP_USDT",
      "m" : "4611686018430340793"
    }, {
      "d" : "1756410549605860084",
      "t" : 1756410549605,
      "tn" : 1756410549605860084,
      "q" : "5870",
      "p" : "0.0035247",
      "s" : "sell",
      "i" : "AMP_USDT",
      "m" : "4611686018430340792"
    }, {
      "d" : "1756410383024113468",
      "t" : 1756410383024,
      "tn" : 1756410383024113468,
      "q" : "370",
      "p" : "0.0035378",
      "s" : "sell",
      "i" : "AMP_USDT",
      "m" : "4611686018430340791"
    }, {
      "d" : "1756410383024005079",
      "t" : 1756410383024,
      "tn" : 1756410383024005079,
      "q" : "27890",
      "p" : "0.0035378",
      "s" : "sell",
      "i" : "AMP_USDT",
      "m" : "4611686018430340790"
    }, {
      "d" : "1756400324627433070",
      "t" : 1756400324627,
      "tn" : 1756400324627433070,
      "q" : "8820",
      "p" : "0.0035899",
      "s" : "buy",
      "i" : "AMP_USDT",
      "m" : "4611686018430340789"
    }, {
      "d" : "1756400324627430657",
      "t" : 1756400324627,
      "tn" : 1756400324627430657,
      "q" : "32060",
      "p" : "0.0035814",
      "s" : "buy",
      "i" : "AMP_USDT",
      "m" : "4611686018430340788"
    }, {
      "d" : "1756386391334099390",
      "t" : 1756386391334,
      "tn" : 1756386391334099390,
      "q" : "1390",
      "p" : "0.0035795",
      "s" : "sell",
      "i" : "AMP_USDT",
      "m" : "4611686018430340787"
    }, {
      "d" : "1756386391332513682",
      "t" : 1756386391332,
      "tn" : 1756386391332513682,
      "q" : "37970",
      "p" : "0.0035795",
      "s" : "sell",
      "i" : "AMP_USDT",
      "m" : "4611686018430340786"
    }, {
      "d" : "1756386391332511797",
      "t" : 1756386391332,
      "tn" : 1756386391332511797,
      "q" : "27930",
      "p" : "0.0035797",
      "s" : "sell",
      "i" : "AMP_USDT",
      "m" : "4611686018430340785"
    }, {
      "d" : "1756382974948976015",
      "t" : 1756382974948,
      "tn" : 1756382974948976015,
      "q" : "440",
      "p" : "0.0035522",
      "s" : "sell",
      "i" : "AMP_USDT",
      "m" : "4611686018430340784"
    }, {
      "d" : "1756382867910102023",
      "t" : 1756382867910,
      "tn" : 1756382867910102022,
      "q" : "30050",
      "p" : "0.0036018",
      "s" : "buy",
      "i" : "AMP_USDT",
      "m" : "4611686018430340783"
    }, {
      "d" : "1756382867910102022",
      "t" : 1756382867910,
      "tn" : 1756382867910102022,
      "q" : "44000",
      "p" : "0.0036018",
      "s" : "buy",
      "i" : "AMP_USDT",
      "m" : "4611686018430340783"
    }, {
      "d" : "1756382867910096842",
      "t" : 1756382867910,
      "tn" : 1756382867910096841,
      "q" : "26760",
      "p" : "0.0035964",
      "s" : "buy",
      "i" : "AMP_USDT",
      "m" : "4611686018430340782"
    }, {
      "d" : "1756382867910096841",
      "t" : 1756382867910,
      "tn" : 1756382867910096841,
      "q" : "17240",
      "p" : "0.0035964",
      "s" : "buy",
      "i" : "AMP_USDT",
      "m" : "4611686018430340782"
    }, {
      "d" : "1756382867910093066",
      "t" : 1756382867910,
      "tn" : 1756382867910093066,
      "q" : "40250",
      "p" : "0.0035950",
      "s" : "buy",
      "i" : "AMP_USDT",
      "m" : "4611686018430340781"
    }, {
      "d" : "1756382867910090697",
      "t" : 1756382867910,
      "tn" : 1756382867910090697,
      "q" : "17240",
      "p" : "0.0035910",
      "s" : "buy",
      "i" : "AMP_USDT",
      "m" : "4611686018430340780"
    }, {
      "d" : "1756382867910088679",
      "t" : 1756382867910,
      "tn" : 1756382867910088679,
      "q" : "36050",
      "p" : "0.0035900",
      "s" : "buy",
      "i" : "AMP_USDT",
      "m" : "4611686018430340779"
    }, {
      "d" : "1756382867910086275",
      "t" : 1756382867910,
      "tn" : 1756382867910086275,
      "q" : "50410",
      "p" : "0.0035885",
      "s" : "buy",
      "i" : "AMP_USDT",
      "m" : "4611686018430340778"
    }, {
      "d" : "1756382867910083801",
      "t" : 1756382867910,
      "tn" : 1756382867910083801,
      "q" : "32690",
      "p" : "0.0035850",
      "s" : "buy",
      "i" : "AMP_USDT",
      "m" : "4611686018430340777"
    }, {
      "d" : "1756382867910081581",
      "t" : 1756382867910,
      "tn" : 1756382867910081581,
      "q" : "39380",
      "p" : "0.0035815",
      "s" : "buy",
      "i" : "AMP_USDT",
      "m" : "4611686018430340776"
    }, {
      "d" : "1756382867910078777",
      "t" : 1756382867910,
      "tn" : 1756382867910078777,
      "q" : "34900",
      "p" : "0.0035814",
      "s" : "buy",
      "i" : "AMP_USDT",
      "m" : "4611686018430340775"
    }, {
      "d" : "1756382218049930771",
      "t" : 1756382218049,
      "tn" : 1756382218049930771,
      "q" : "21060",
      "p" : "0.0035397",
      "s" : "buy",
      "i" : "AMP_USDT",
      "m" : "4611686018430340774"
    }, {
      "d" : "1756382218049691009",
      "t" : 1756382218049,
      "tn" : 1756382218049691009,
      "q" : "110430",
      "p" : "0.0035397",
      "s" : "buy",
      "i" : "AMP_USDT",
      "m" : "4611686018430340773"
    }, {
      "d" : "1756382218044889221",
      "t" : 1756382218044,
      "tn" : 1756382218044889221,
      "q" : "2840",
      "p" : "0.0035397",
      "s" : "sell",
      "i" : "AMP_USDT",
      "m" : "4611686018430340772"
    } ]
  }
}