{
  "id" : -1,
  "method" : "public/get-trades",
  "code" : 0,
  "result" : {
    "data" : [ {
      "d" : "1756458177228506996",
      "t" : 1756458177228,
      "tn" : 1756458177228506996,
      "q" : "120",
      "p" : "0.015664",
      "s" : "sell",
      "i" : "ANIME_USD",
      "m" : "4611686018427576020"
    }, {
      "d" : "1756458125515853342",
      "t" : 1756458125515,
      "tn" : 1756458125515853342,
      "q" : "259",
      "p" : "0.015738",
      "s" : "sell",
      "i" : "ANIME_USD",
      "m" : "4611686018427576019"
    }, {
      "d" : "1756457757349695895",
      "t" : 1756457757349,
      "tn" : 1756457757349695895,
      "q" : "4000",
      "p" : "0.015799",
      "s" : "sell",
      "i" : "ANIME_USD",
      "m" : "4611686018427576018"
    }, {
      "d" : "1756457508379561549",
      "t" : 1756457508379,
      "tn" : 1756457508379561549,
      "q" : "5000",
      "p" : "0.015805",
      "s" : "sell",
      "i" : "ANIME_USD",
      "m" : "4611686018427576017"
    }, {
      "d" : "1756455637250866051",
      "t" : 1756455637250,
      "tn" : 1756455637250866051,
      "q" : "12634",
      "p" : "0.015853",
      "s" : "buy",
      "i" : "ANIME_USD",
      "m" : "4611686018427576016"
    }, {
      "d" : "1756454106592677124",
      "t" : 1756454106592,
      "tn" : 1756454106592677124,
      "q" : "1899",
      "p" : "0.015952",
      "s" : "sell",
      "i" : "ANIME_USD",
      "m" : "4611686018427576015"
    }, {
      "d" : "1756453166248777415",
      "t" : 1756453166248,
      "tn" : 1756453166248777415,
      "q" : "4000",
      "p" : "0.015989",
      "s" : "sell",
      "i" : "ANIME_USD",
      "m" : "4611686018427576014"
    }, {
      "d" : "1756452398734776041",
      "t" : 1756452398734,
      "tn" : 1756452398734776041,
      "q" : "256",
      "p" : "0.015896",
      "s" : "sell",
      "i" : "ANIME_USD",
      "m" : "4611686018427576013"
    }, {
      "d" : "1756451677689015480",
      "t" : 1756451677689,
      "tn" : 1756451677689015480,
      "q" : "10000",
      "p" : "0.015983",
      "s" : "buy",
      "i" : "ANIME_USD",
      "m" : "4611686018427576012"
    }, {
      "d" : "1756451676363505912",
      "t" : 1756451676363,
      "tn" : 1756451676363505912,
      "q" : "5931",
      "p" : "0.015960",
      "s" : "buy",
      "i" : "ANIME_USD",
      "m" : "4611686018427576011"
    }, {
      "d" : "1756451659928730929",
      "t" : 1756451659928,
      "tn" : 1756451659928730929,
      "q" : "3000",
      "p" : "0.015968",
      "s" : "sell",
      "i" : "ANIME_USD",
      "m" : "4611686018427576010"
    }, {
      "d" : "1756451406948407719",
      "t" : 1756451406948,
      "tn" : 1756451406948407719,
      "q" : "15268",
      "p" : "0.016057",
      "s" : "buy",
      "i" : "ANIME_USD",
      "m" : "4611686018427576009"
    }, {
      "d" : "1756451285212099848",
      "t" : 1756451285212,
      "tn" : 1756451285212099848,
      "q" : "254",
      "p" : "0.016053",
      "s" : "sell",
      "i" : "ANIME_USD",
      "m" : "4611686018427576008"
    }, {
      "d" : "1756449891381643497",
      "t" : 1756449891381,
      "tn" : 1756449891381643497,
      "q" : "5931",
      "p" : "0.016147",
      "s" : "sell",
      "i" : "ANIME_USD",
      "m" : "4611686018427576007"
    }, {
      "d" : "1756449600361825229",
      "t" : 1756449600361,
      "tn" : 1756449600361825229,
      "q" : "5000",
      "p" : "0.016206",
      "s" : "sell",
      "i" : "ANIME_USD",
      "m" : "4611686018427576006"
    }, {
      "d" : "1756449600361822202",
      "t" : 1756449600361,
      "tn" : 1756449600361822202,
      "q" : "251",
      "p" : "0.016209",
      "s" : "sell",
      "i" : "ANIME_USD",
      "m" : "4611686018427576005"
    }, {
      "d" : "1756447497268198698",
      "t" : 1756447497268,
      "tn" : 1756447497268198698,
      "q" : "1487",
      "p" : "0.016408",
      "s" : "buy",
      "i" : "ANIME_USD",
      "m" : "4611686018427576004"
    }, {
      "d" : "1756442777126054400",
      "t" : 1756442777126,
      "tn" : 1756442777126054400,
      "q" : "6177",
      "p" : "0.016436",
      "s" : "buy",
      "i" : "ANIME_USD",
      "m" : "4611686018427576003"
    }, {
      "d" : "1756442706284651966",
      "t" : 1756442706284,
      "tn" : 1756442706284651966,
      "q" : "6176",
      "p" : "0.016419",
      "s" : "sell",
      "i" : "ANIME_USD",
      "m" : "4611686018427576002"
    }, {
      "d" : "1756442703129568007",
      "t" : 1756442703129,
      "tn" : 1756442703129568007,
      "q" : "203",
      "p" : "0.016437",
      "s" : "buy",
      "i" : "ANIME_USD",
      "m" : "4611686018427576001"
    }, {
      "d" : "1756442703123548814",
      "t" : 1756442703123,
      "tn" : 1756442703123548814,
      "q" : "4000",
      "p" : "0.016437",
      "s" : "sell",
      "i" : "ANIME_USD",
      "m" : "4611686018427576000"
    }, {
      "d" : "1756436272960543355",
      "t" : 1756436272960,
      "tn" : 1756436272960543355,
      "q" : "1000",
      "p" : "0.016438",
      "s" : "buy",
      "i" : "ANIME_USD",
      "m" : "4611686018427575999"
    }, {
      "d" : "1756433389997853086",
      "t" : 1756433389997,
      "tn" : 1756433389997853086,
      "q" : "1213",
      "p" : "0.016355",
      "s" : "sell",
      "i" : "ANIME_USD",
      "m" : "4611686018427575998"
    }, {
      "d" : "1756432908234829062",
      "t" : 1756432908234,
      "tn" : 1756432908234829062,
      "q" : "2204",
      "p" : "0.016333",
      "s" : "buy",
      "i" : "ANIME_USD",
      "m" : "4611686018427575997"
    }, {
      "d" : "1756432908228323738",
      "t" : 1756432908228,
      "tn" : 1756432908228323738,
      "q" : "617",
      "p" : "0.016333",
      "s" : "sell",
      "i" : "ANIME_USD",
      "m" : "4611686018427575996"
    }, {
      "d" : "1756432380525406559",
      "t" : 1756432380525,
      "tn" : 1756432380525406559,
      "q" : "1010",
      "p" : "0.016384",
      "s" : "sell",
      "i" : "ANIME_USD",
      "m" : "4611686018427575995"
    }, {
      "d" : "1756432380500905242",
      "t" : 1756432380500,
      "tn" : 1756432380500905242,
      "q" : "2441",
      "p" : "0.016384",
      "s" : "sell",
      "i" : "ANIME_USD",
      "m" : "4611686018427575994"
    }, {
      "d" : "1756432380499337087",
      "t" : 1756432380499,
      "tn" : 1756432380499337087,
      "q" : "238",
      "p" : "0.016384",
      "s" : "sell",
      "i" : "ANIME_USD",
      "m" : "4611686018427575993"
    }, {
      "d" : "1756432380496832043",
      "t" : 1756432380496,
      "tn" : 1756432380496832043,
      "q" : "562",
      "p" : "0.016384",
      "s" : "buy",
      "i" : "ANIME_USD",
      "m" : "4611686018427575992"
    }, {
      "d" : "1756430603079720545",
      "t" : 1756430603079,
      "tn" : 1756430603079720545,
      "q" : "249",
      "p" : "0.016328",
      "s" : "sell",
      "i" : "ANIME_USD",
      "m" : "4611686018427575991"
    }, {
      "d" : "1756429246076635923",
      "t" : 1756429246076,
      "tn" : 1756429246076635923,
      "q" : "347",
      "p" : "0.016511",
      "s" : "buy",
      "i" : "ANIME_USD",
      "m" : "4611686018427575990"
    }, {
      "d" : "1756426291709644041",
      "t" : 1756426291709,
      "tn" : 1756426291709644041,
      "q" : "347",
      "p" : "0.016526",
      "s" : "sell",
      "i" : "ANIME_USD",
      "m" : "4611686018427575989"
    }, {
      "d" : "1756426153720381665",
      "t" : 1756426153720,
      "tn" : 1756426153720381665,
      "q" : "1798",
      "p" : "0.016500",
      "s" : "buy",
      "i" : "ANIME_USD",
      "m" : "4611686018427575988"
    }, {
      "d" : "1756420551094405111",
      "t" : 1756420551094,
      "tn" : 1756420551094405111,
      "q" : "571",
      "p" : "0.016562",
      "s" : "buy",
      "i" : "ANIME_USD",
      "m" : "4611686018427575987"
    }, {
      "d" : "1756420551050902112",
      "t" : 1756420551050,
      "tn" : 1756420551050902112,
      "q" : "611",
      "p" : "0.016533",
      "s" : "buy",
      "i" : "ANIME_USD",
      "m" : "4611686018427575986"
    }, {
      "d" : "1756420400638793866",
      "t" : 1756420400638,
      "tn" : 1756420400638793866,
      "q" : "496",
      "p" : "0.016498",
      "s" : "buy",
      "i" : "ANIME_USD",
      "m" : "4611686018427575985"
    }, {
      "d" : "1756420400565355114",
      "t" : 1756420400565,
      "tn" : 1756420400565355114,
      "q" : "4849",
      "p" : "0.016498",
      "s" : "buy",
      "i" : "ANIME_USD",
      "m" : "4611686018427575984"
    }, {
      "d" : "1756420400548107686",
      "t" : 1756420400548,
      "tn" : 1756420400548107686,
      "q" : "5455",
      "p" : "0.016498",
      "s" : "buy",
      "i" : "ANIME_USD",
      "m" : "4611686018427575983"
    }, {
      "d" : "1756420400482404531",
      "t" : 1756420400482,
      "tn" : 1756420400482404531,
      "q" : "5455",
      "p" : "0.016498",
      "s" : "buy",
      "i" : "ANIME_USD",
      "m" : "4611686018427575982"
    }, {
      "d" : "1756420400465143637",
      "t" : 1756420400465,
      "tn" : 1756420400465143637,
      "q" : "5455",
      "p" : "0.016498",
      "s" : "buy",
      "i" : "ANIME_USD",
      "m" : "4611686018427575981"
    }, {
      "d" : "1756420400448131661",
      "t" : 1756420400448,
      "tn" : 1756420400448131661,
      "q" : "5455",
      "p" : "0.016498",
      "s" : "buy",
      "i" : "ANIME_USD",
      "m" : "4611686018427575980"
    }, {
      "d" : "1756420400413814898",
      "t" : 1756420400413,
      "tn" : 1756420400413814898,
      "q" : "5455",
      "p" : "0.016498",
      "s" : "buy",
      "i" : "ANIME_USD",
      "m" : "4611686018427575979"
    }, {
      "d" : "1756420400403216321",
      "t" : 1756420400403,
      "tn" : 1756420400403216321,
      "q" : "12123",
      "p" : "0.016498",
      "s" : "buy",
      "i" : "ANIME_USD",
      "m" : "4611686018427575978"
    }, {
      "d" : "1756420400397043806",
      "t" : 1756420400397,
      "tn" : 1756420400397043806,
      "q" : "678",
      "p" : "0.016498",
      "s" : "buy",
      "i" : "ANIME_USD",
      "m" : "4611686018427575977"
    }, {
      "d" : "1756420400396313463",
      "t" : 1756420400396,
      "tn" : 1756420400396313463,
      "q" : "5455",
      "p" : "0.016498",
      "s" : "buy",
      "i" : "ANIME_USD",
      "m" : "4611686018427575976"
    }, {
      "d" : "1756420400390382274",
      "t" : 1756420400390,
      "tn" : 1756420400390382274,
      "q" : "4000",
      "p" : "0.016498",
      "s" : "sell",
      "i" : "ANIME_USD",
      "m" : "4611686018427575975"
    }, {
      "d" : "1756420270243241749",
      "t" : 1756420270243,
      "tn" : 1756420270243241749,
      "q" : "247",
      "p" : "0.016524",
      "s" : "buy",
      "i" : "ANIME_USD",
      "m" : "4611686018427575974"
    }, {
      "d" : "1756416811009215432",
      "t" : 1756416811009,
      "tn" : 1756416811009215432,
      "q" : "819",
      "p" : "0.016329",
      "s" : "sell",
      "i" : "ANIME_USD",
      "m" : "4611686018427575973"
    }, {
      "d" : "1756416098828203071",
      "t" : 1756416098828,
      "tn" : 1756416098828203071,
      "q" : "272",
      "p" : "0.016376",
      "s" : "buy",
      "i" : "ANIME_USD",
      "m" : "4611686018427575972"
    }, {
      "d" : "1756415793242314676",
      "t" : 1756415793242,
      "tn" : 1756415793242314676,
      "q" : "249",
      "p" : "0.016321",
      "s" : "buy",
      "i" : "ANIME_USD",
      "m" : "4611686018427575971"
    }, {
      "d" : "1756415793242312504",
      "t" : 1756415793242,
      "tn" : 1756415793242312504,
      "q" : "249",
      "p" : "0.016321",
      "s" : "buy",
      "i" : "ANIME_USD",
      "m" : "4611686018427575970"
    }, {
      "d" : "1756415793242310746",
      "t" : 1756415793242,
      "tn" : 1756415793242310746,
      "q" : "249",
      "p" : "0.016321",
      "s" : "buy",
      "i" : "ANIME_USD",
      "m" : "4611686018427575969"
    }, {
      "d" : "1756415793242308960",
      "t" : 1756415793242,
      "tn" : 1756415793242308960,
      "q" : "249",
      "p" : "0.016321",
      "s" : "buy",
      "i" : "ANIME_USD",
      "m" : "4611686018427575968"
    }, {
      "d" : "1756415793242306773",
      "t" : 1756415793242,
      "tn" : 1756415793242306773,
      "q" : "249",
      "p" : "0.016321",
      "s" : "buy",
      "i" : "ANIME_USD",
      "m" : "4611686018427575967"
    }, {
      "d" : "1756415793242226476",
      "t" : 1756415793242,
      "tn" : 1756415793242226476,
      "q" : "249",
      "p" : "0.016321",
      "s" : "buy",
      "i" : "ANIME_USD",
      "m" : "4611686018427575966"
    }, {
      "d" : "1756415793242225600",
      "t" : 1756415793242,
      "tn" : 1756415793242225600,
      "q" : "249",
      "p" : "0.016321",
      "s" : "buy",
      "i" : "ANIME_USD",
      "m" : "4611686018427575965"
    }, {
      "d" : "1756415793242222389",
      "t" : 1756415793242,
      "tn" : 1756415793242222389,
      "q" : "249",
      "p" : "0.016321",
      "s" : "buy",
      "i" : "ANIME_USD",
      "m" : "4611686018427575964"
    }, {
      "d" : "1756415793242220006",
      "t" : 1756415793242,
      "tn" : 1756415793242220006,
      "q" : "249",
      "p" : "0.016321",
      "s" : "buy",
      "i" : "ANIME_USD",
      "m" : "4611686018427575963"
    }, {
      "d" : "1756415793242153695",
      "t" : 1756415793242,
      "tn" : 1756415793242153695,
      "q" : "249",
      "p" : "0.016321",
      "s" : "buy",
      "i" : "ANIME_USD",
      "m" : "4611686018427575962"
    }, {
      "d" : "1756415793242151948",
      "t" : 1756415793242,
      "tn" : 1756415793242151948,
      "q" : "249",
      "p" : "0.016321",
      "s" : "buy",
      "i" : "ANIME_USD",
      "m" : "4611686018427575961"
    }, {
      "d" : "1756415793242151097",
      "t" : 1756415793242,
      "tn" : 1756415793242151097,
      "q" : "249",
      "p" : "0.016321",
      "s" : "buy",
      "i" : "ANIME_USD",
      "m" : "4611686018427575960"
    }, {
      "d" : "1756415793242148557",
      "t" : 1756415793242,
      "tn" : 1756415793242148557,
      "q" : "249",
      "p" : "0.016321",
      "s" : "buy",
      "i" : "ANIME_USD",
      "m" : "4611686018427575959"
    }, {
      "d" : "1756415793242092915",
      "t" : 1756415793242,
      "tn" : 1756415793242092915,
      "q" : "249",
      "p" : "0.016321",
      "s" : "buy",
      "i" : "ANIME_USD",
      "m" : "4611686018427575958"
    }, {
      "d" : "1756415793242090975",
      "t" : 1756415793242,
      "tn" : 1756415793242090975,
      "q" : "249",
      "p" : "0.016321",
      "s" : "buy",
      "i" : "ANIME_USD",
      "m" : "4611686018427575957"
    }, {
      "d" : "1756415793242088850",
      "t" : 1756415793242,
      "tn" : 1756415793242088850,
      "q" : "249",
      "p" : "0.016321",
      "s" : "buy",
      "i" : "ANIME_USD",
      "m" : "4611686018427575956"
    }, {
      "d" : "1756415793242086570",
      "t" : 1756415793242,
      "tn" : 1756415793242086570,
      "q" : "249",
      "p" : "0.016321",
      "s" : "buy",
      "i" : "ANIME_USD",
      "m" : "4611686018427575955"
    }, {
      "d" : "1756406412570700212",
      "t" : 1756406412570,
      "tn" : 1756406412570700212,
      "q" : "1186",
      "p" : "0.016349",
      "s" : "sell",
      "i" : "ANIME_USD",
      "m" : "4611686018427575954"
    }, {
      "d" : "1756405275841343462",
      "t" : 1756405275841,
      "tn" : 1756405275841343462,
      "q" : "615",
      "p" : "0.016275",
      "s" : "sell",
      "i" : "ANIME_USD",
      "m" : "4611686018427575953"
    }, {
      "d" : "1756404802564766563",
      "t" : 1756404802564,
      "tn" : 1756404802564766563,
      "q" : "3237",
      "p" : "0.016268",
      "s" : "sell",
      "i" : "ANIME_USD",
      "m" : "4611686018427575952"
    }, {
      "d" : "1756401909668205313",
      "t" : 1756401909668,
      "tn" : 1756401909668205313,
      "q" : "2938",
      "p" : "0.016223",
      "s" : "sell",
      "i" : "ANIME_USD",
      "m" : "4611686018427575951"
    }, {
      "d" : "1756401155268331521",
      "t" : 1756401155268,
      "tn" : 1756401155268331521,
      "q" : "5429",
      "p" : "0.016194",
      "s" : "buy",
      "i" : "ANIME_USD",
      "m" : "4611686018427575950"
    }, {
      "d" : "1756401155262187024",
      "t" : 1756401155262,
      "tn" : 1756401155262187024,
      "q" : "633",
      "p" : "0.016194",
      "s" : "buy",
      "i" : "ANIME_USD",
      "m" : "4611686018427575949"
    }, {
      "d" : "1756401155256942890",
      "t" : 1756401155256,
      "tn" : 1756401155256942890,
      "q" : "4000",
      "p" : "0.016194",
      "s" : "sell",
      "i" : "ANIME_USD",
      "m" : "4611686018427575948"
    }, {
      "d" : "1756397249311651809",
      "t" : 1756397249311,
      "tn" : 1756397249311651809,
      "q" : "5884",
      "p" : "0.016406",
      "s" : "buy",
      "i" : "ANIME_USD",
      "m" : "4611686018427575947"
    }, {
      "d" : "1756395273609686364",
      "t" : 1756395273609,
      "tn" : 1756395273609686364,
      "q" : "2928",
      "p" : "0.016490",
      "s" : "buy",
      "i" : "ANIME_USD",
      "m" : "4611686018427575946"
    }, {
      "d" : "1756394247360922283",
      "t" : 1756394247360,
      "tn" : 1756394247360922283,
      "q" : "4000",
      "p" : "0.016585",
      "s" : "buy",
      "i" : "ANIME_USD",
      "m" : "4611686018427575945"
    }, {
      "d" : "1756393749675168445",
      "t" : 1756393749675,
      "tn" : 1756393749675168445,
      "q" : "3383",
      "p" : "0.016513",
      "s" : "buy",
      "i" : "ANIME_USD",
      "m" : "4611686018427575944"
    }, {
      "d" : "1756393749674059368",
      "t" : 1756393749674,
      "tn" : 1756393749674059368,
      "q" : "6928",
      "p" : "0.016513",
      "s" : "sell",
      "i" : "ANIME_USD",
      "m" : "4611686018427575943"
    }, {
      "d" : "1756393746530931519",
      "t" : 1756393746530,
      "tn" : 1756393746530931519,
      "q" : "2000",
      "p" : "0.016545",
      "s" : "sell",
      "i" : "ANIME_USD",
      "m" : "4611686018427575942"
    }, {
      "d" : "1756390014313530996",
      "t" : 1756390014313,
      "tn" : 1756390014313530996,
      "q" : "4000",
      "p" : "0.016525",
      "s" : "sell",
      "i" : "ANIME_USD",
      "m" : "4611686018427575941"
    }, {
      "d" : "1756389961115656781",
      "t" : 1756389961115,
      "tn" : 1756389961115656781,
      "q" : "4000",
      "p" : "0.016517",
      "s" : "sell",
      "i" : "ANIME_USD",
      "m" : "4611686018427575940"
    }, {
      "d" : "1756389808543235775",
      "t" : 1756389808543,
      "tn" : 1756389808543235775,
      "q" : "6928",
      "p" : "0.016466",
      "s" : "buy",
      "i" : "ANIME_USD",
      "m" : "4611686018427575939"
    }, {
      "d" : "1756389708623724930",
      "t" : 1756389708623,
      "tn" : 1756389708623724930,
      "q" : "37687",
      "p" : "0.016372",
      "s" : "sell",
      "i" : "ANIME_USD",
      "m" : "4611686018427575938"
    }, {
      "d" : "1756389708623723046",
      "t" : 1756389708623,
      "tn" : 1756389708623723046,
      "q" : "6000",
      "p" : "0.016374",
      "s" : "sell",
      "i" : "ANIME_USD",
      "m" : "4611686018427575937"
    }, {
      "d" : "1756389484145598550",
      "t" : 1756389484145,
      "tn" : 1756389484145598550,
      "q" : "228",
      "p" : "0.016345",
      "s" : "buy",
      "i" : "ANIME_USD",
      "m" : "4611686018427575936"
    }, {
      "d" : "1756389484144766348",
      "t" : 1756389484144,
      "tn" : 1756389484144766348,
      "q" : "3059",
      "p" : "0.016345",
      "s" : "buy",
      "i" : "ANIME_USD",
      "m" : "4611686018427575935"
    }, {
      "d" : "1756389484138230587",
      "t" : 1756389484138,
      "tn" : 1756389484138230587,
      "q" : "18662",
      "p" : "0.016345",
      "s" : "sell",
      "i" : "ANIME_USD",
      "m" : "4611686018427575934"
    }, {
      "d" : "1756389484138228240",
      "t" : 1756389484138,
      "tn" : 1756389484138228240,
      "q" : "5000",
      "p" : "0.016346",
      "s" : "sell",
      "i" : "ANIME_USD",
      "m" : "4611686018427575933"
    }, {
      "d" : "1756389484138225405",
      "t" : 1756389484138,
      "tn" : 1756389484138225405,
      "q" : "4000",
      "p" : "0.016377",
      "s" : "sell",
      "i" : "ANIME_USD",
      "m" : "4611686018427575932"
    }, {
      "d" : "1756386119617831521",
      "t" : 1756386119617,
      "tn" : 1756386119617831521,
      "q" : "935",
      "p" : "0.016342",
      "s" : "sell",
      "i" : "ANIME_USD",
      "m" : "4611686018427575931"
    }, {
      "d" : "1756385917673110493",
      "t" : 1756385917673,
      "tn" : 1756385917673110493,
      "q" : "2000",
      "p" : "0.016367",
      "s" : "buy",
      "i" : "ANIME_USD",
      "m" : "4611686018427575930"
    }, {
      "d" : "1756385769839616205",
      "t" : 1756385769839,
      "tn" : 1756385769839616205,
      "q" : "2000",
      "p" : "0.016383",
      "s" : "buy",
      "i" : "ANIME_USD",
      "m" : "4611686018427575929"
    }, {
      "d" : "1756385690488060779",
      "t" : 1756385690488,
      "tn" : 1756385690488060779,
      "q" : "2000",
      "p" : "0.016370",
      "s" : "buy",
      "i" : "ANIME_USD",
      "m" : "4611686018427575928"
    }, {
      "d" : "1756385531875435237",
      "t" : 1756385531875,
      "tn" : 1756385531875435237,
      "q" : "5261",
      "p" : "0.016397",
      "s" : "sell",
      "i" : "ANIME_USD",
      "m" : "4611686018427575927"
    }, {
      "d" : "1756384865302602294",
      "t" : 1756384865302,
      "tn" : 1756384865302602294,
      "q" : "1220",
      "p" : "0.016389",
      "s" : "sell",
      "i" : "ANIME_USD",
      "m" : "4611686018427575926"
    }, {
      "d" : "1756384294197116723",
      "t" : 1756384294197,
      "tn" : 1756384294197116723,
      "q" : "447",
      "p" : "0.016368",
      "s" : "sell",
      "i" : "ANIME_USD",
      "m" : "4611686018427575925"
    }, {
      "d" : "1756382242095064315",
      "t" : 1756382242095,
      "tn" : 1756382242095064315,
      "q" : "2250",
      "p" : "0.016347",
      "s" : "sell",
      "i" : "ANIME_USD",
      "m" : "4611686018427575924"
    }, {
      "d" : "1756381216237132276",
      "t" : 1756381216237,
      "tn" : 1756381216237132276,
      "q" : "1440",
      "p" : "0.016404",
      "s" : "buy",
      "i" : "ANIME_USD",
      "m" : "4611686018427575923"
    }, {
      "d" : "1756380417791192494",
      "t" : 1756380417791,
      "tn" : 1756380417791192494,
      "q" : "6896",
      "p" : "0.016396",
      "s" : "buy",
      "i" : "ANIME_USD",
      "m" : "4611686018427575922"
    }, {
      "d" : "1756377236738685782",
      "t" : 1756377236738,
      "tn" : 1756377236738685782,
      "q" : "618",
      "p" : "0.016341",
      "s" : "buy",
      "i" : "ANIME_USD",
      "m" : "4611686018427575921"
    }, {
      "d" : "1756377236738683740",
      "t" : 1756377236738,
      "tn" : 1756377236738683740,
      "q" : "333",
      "p" : "0.016340",
      "s" : "buy",
      "i" : "ANIME_USD",
      "m" : "4611686018427575920"
    }, {
      "d" : "1756376918003322709",
      "t" : 1756376918003,
      "tn" : 1756376918003322709,
      "q" : "1401",
      "p" : "0.016309",
      "s" : "sell",
      "i" : "ANIME_USD",
      "m" : "4611686018427575919"
    }, {
      "d" : "1756375028384168655",
      "t" : 1756375028384,
      "tn" : 1756375028384168655,
      "q" : "276",
      "p" : "0.016278",
      "s" : "sell",
      "i" : "ANIME_USD",
      "m" : "4611686018427575918"
    } ]
  }
}