{
  "id" : -1,
  "method" : "public/get-trades",
  "code" : 0,
  "result" : {
    "data" : [ {
      "d" : "1756459579721027546",
      "t" : 1756459579721,
      "tn" : 1756459579721027546,
      "q" : "100",
      "p" : "0.015173",
      "s" : "buy",
      "i" : "ANKR_USD",
      "m" : "4611686018430197881"
    }, {
      "d" : "1756458683791730955",
      "t" : 1756458683791,
      "tn" : 1756458683791730955,
      "q" : "20",
      "p" : "0.015106",
      "s" : "buy",
      "i" : "ANKR_USD",
      "m" : "4611686018430197880"
    }, {
      "d" : "1756458189780803578",
      "t" : 1756458189780,
      "tn" : 1756458189780803578,
      "q" : "140",
      "p" : "0.015066",
      "s" : "buy",
      "i" : "ANKR_USD",
      "m" : "4611686018430197879"
    }, {
      "d" : "1756456842228790587",
      "t" : 1756456842228,
      "tn" : 1756456842228790587,
      "q" : "8580",
      "p" : "0.015245",
      "s" : "buy",
      "i" : "ANKR_USD",
      "m" : "4611686018430197878"
    }, {
      "d" : "1756455083791190755",
      "t" : 1756455083791,
      "tn" : 1756455083791190755,
      "q" : "10",
      "p" : "0.015262",
      "s" : "buy",
      "i" : "ANKR_USD",
      "m" : "4611686018430197877"
    }, {
      "d" : "1756454827708966153",
      "t" : 1756454827708,
      "tn" : 1756454827708966153,
      "q" : "15410",
      "p" : "0.015246",
      "s" : "sell",
      "i" : "ANKR_USD",
      "m" : "4611686018430197876"
    }, {
      "d" : "1756451640403051881",
      "t" : 1756451640403,
      "tn" : 1756451640403051881,
      "q" : "10510",
      "p" : "0.015472",
      "s" : "buy",
      "i" : "ANKR_USD",
      "m" : "4611686018430197875"
    }, {
      "d" : "1756451640402918879",
      "t" : 1756451640402,
      "tn" : 1756451640402918879,
      "q" : "50090",
      "p" : "0.015472",
      "s" : "buy",
      "i" : "ANKR_USD",
      "m" : "4611686018430197874"
    }, {
      "d" : "1756451640402916750",
      "t" : 1756451640402,
      "tn" : 1756451640402916750,
      "q" : "24630",
      "p" : "0.015471",
      "s" : "buy",
      "i" : "ANKR_USD",
      "m" : "4611686018430197873"
    }, {
      "d" : "1756451483791819233",
      "t" : 1756451483791,
      "tn" : 1756451483791819233,
      "q" : "10",
      "p" : "0.015528",
      "s" : "buy",
      "i" : "ANKR_USD",
      "m" : "4611686018430197872"
    }, {
      "d" : "1756451361686096286",
      "t" : 1756451361686,
      "tn" : 1756451361686096286,
      "q" : "90",
      "p" : "0.015398",
      "s" : "sell",
      "i" : "ANKR_USD",
      "m" : "4611686018430197871"
    }, {
      "d" : "1756451006651089546",
      "t" : 1756451006651,
      "tn" : 1756451006651089546,
      "q" : "36400",
      "p" : "0.015450",
      "s" : "buy",
      "i" : "ANKR_USD",
      "m" : "4611686018430197870"
    }, {
      "d" : "1756450985102659387",
      "t" : 1756450985102,
      "tn" : 1756450985102659387,
      "q" : "230",
      "p" : "0.015398",
      "s" : "sell",
      "i" : "ANKR_USD",
      "m" : "4611686018430197869"
    }, {
      "d" : "1756449283587922238",
      "t" : 1756449283587,
      "tn" : 1756449283587922238,
      "q" : "330",
      "p" : "0.015565",
      "s" : "sell",
      "i" : "ANKR_USD",
      "m" : "4611686018430197868"
    }, {
      "d" : "1756447883791775265",
      "t" : 1756447883791,
      "tn" : 1756447883791775265,
      "q" : "10",
      "p" : "0.015663",
      "s" : "buy",
      "i" : "ANKR_USD",
      "m" : "4611686018430197867"
    }, {
      "d" : "1756445847752906293",
      "t" : 1756445847752,
      "tn" : 1756445847752906293,
      "q" : "5380",
      "p" : "0.015642",
      "s" : "buy",
      "i" : "ANKR_USD",
      "m" : "4611686018430197866"
    }, {
      "d" : "1756445277676214334",
      "t" : 1756445277676,
      "tn" : 1756445277676214333,
      "q" : "19350",
      "p" : "0.015598",
      "s" : "sell",
      "i" : "ANKR_USD",
      "m" : "4611686018430197865"
    }, {
      "d" : "1756445277676214333",
      "t" : 1756445277676,
      "tn" : 1756445277676214333,
      "q" : "650",
      "p" : "0.015598",
      "s" : "sell",
      "i" : "ANKR_USD",
      "m" : "4611686018430197865"
    }, {
      "d" : "1756444635771696986",
      "t" : 1756444635771,
      "tn" : 1756444635771696986,
      "q" : "2050",
      "p" : "0.015666",
      "s" : "sell",
      "i" : "ANKR_USD",
      "m" : "4611686018430197864"
    }, {
      "d" : "1756444283791456892",
      "t" : 1756444283791,
      "tn" : 1756444283791456892,
      "q" : "10",
      "p" : "0.015706",
      "s" : "buy",
      "i" : "ANKR_USD",
      "m" : "4611686018430197863"
    }, {
      "d" : "1756443234484952056",
      "t" : 1756443234484,
      "tn" : 1756443234484952056,
      "q" : "3590",
      "p" : "0.015678",
      "s" : "sell",
      "i" : "ANKR_USD",
      "m" : "4611686018430197862"
    }, {
      "d" : "1756442962579667088",
      "t" : 1756442962579,
      "tn" : 1756442962579667088,
      "q" : "450",
      "p" : "0.015747",
      "s" : "buy",
      "i" : "ANKR_USD",
      "m" : "4611686018430197861"
    }, {
      "d" : "1756441216592948875",
      "t" : 1756441216592,
      "tn" : 1756441216592948875,
      "q" : "70",
      "p" : "0.015756",
      "s" : "buy",
      "i" : "ANKR_USD",
      "m" : "4611686018430197860"
    }, {
      "d" : "1756440683791540448",
      "t" : 1756440683791,
      "tn" : 1756440683791540448,
      "q" : "10",
      "p" : "0.015723",
      "s" : "buy",
      "i" : "ANKR_USD",
      "m" : "4611686018430197859"
    }, {
      "d" : "1756440261582286478",
      "t" : 1756440261582,
      "tn" : 1756440261582286478,
      "q" : "70",
      "p" : "0.015758",
      "s" : "buy",
      "i" : "ANKR_USD",
      "m" : "4611686018430197858"
    }, {
      "d" : "1756439853803447289",
      "t" : 1756439853803,
      "tn" : 1756439853803447289,
      "q" : "260",
      "p" : "0.015708",
      "s" : "sell",
      "i" : "ANKR_USD",
      "m" : "4611686018430197857"
    }, {
      "d" : "1756439737639267370",
      "t" : 1756439737639,
      "tn" : 1756439737639267370,
      "q" : "440",
      "p" : "0.015778",
      "s" : "buy",
      "i" : "ANKR_USD",
      "m" : "4611686018430197856"
    }, {
      "d" : "1756437827583922441",
      "t" : 1756437827583,
      "tn" : 1756437827583922441,
      "q" : "2500",
      "p" : "0.015750",
      "s" : "buy",
      "i" : "ANKR_USD",
      "m" : "4611686018430197855"
    }, {
      "d" : "1756437543683993359",
      "t" : 1756437543683,
      "tn" : 1756437543683993359,
      "q" : "100",
      "p" : "0.015734",
      "s" : "buy",
      "i" : "ANKR_USD",
      "m" : "4611686018430197854"
    }, {
      "d" : "1756437083791283784",
      "t" : 1756437083791,
      "tn" : 1756437083791283784,
      "q" : "10",
      "p" : "0.015775",
      "s" : "buy",
      "i" : "ANKR_USD",
      "m" : "4611686018430197853"
    }, {
      "d" : "1756436637618716057",
      "t" : 1756436637618,
      "tn" : 1756436637618716057,
      "q" : "240",
      "p" : "0.015691",
      "s" : "sell",
      "i" : "ANKR_USD",
      "m" : "4611686018430197852"
    }, {
      "d" : "1756435841746854894",
      "t" : 1756435841746,
      "tn" : 1756435841746854894,
      "q" : "140",
      "p" : "0.015684",
      "s" : "sell",
      "i" : "ANKR_USD",
      "m" : "4611686018430197851"
    }, {
      "d" : "1756435282849936541",
      "t" : 1756435282849,
      "tn" : 1756435282849936541,
      "q" : "6180",
      "p" : "0.015666",
      "s" : "sell",
      "i" : "ANKR_USD",
      "m" : "4611686018430197850"
    }, {
      "d" : "1756434146662187372",
      "t" : 1756434146662,
      "tn" : 1756434146662187372,
      "q" : "6180",
      "p" : "0.015773",
      "s" : "sell",
      "i" : "ANKR_USD",
      "m" : "4611686018430197849"
    }, {
      "d" : "1756433483791432950",
      "t" : 1756433483791,
      "tn" : 1756433483791432950,
      "q" : "10",
      "p" : "0.015705",
      "s" : "buy",
      "i" : "ANKR_USD",
      "m" : "4611686018430197848"
    }, {
      "d" : "1756432889027151443",
      "t" : 1756432889027,
      "tn" : 1756432889027151443,
      "q" : "50",
      "p" : "0.015605",
      "s" : "sell",
      "i" : "ANKR_USD",
      "m" : "4611686018430197847"
    }, {
      "d" : "1756432889026883131",
      "t" : 1756432889026,
      "tn" : 1756432889026883131,
      "q" : "300",
      "p" : "0.015605",
      "s" : "sell",
      "i" : "ANKR_USD",
      "m" : "4611686018430197846"
    }, {
      "d" : "1756432691648821467",
      "t" : 1756432691648,
      "tn" : 1756432691648821467,
      "q" : "340",
      "p" : "0.015656",
      "s" : "buy",
      "i" : "ANKR_USD",
      "m" : "4611686018430197845"
    }, {
      "d" : "1756431742845324959",
      "t" : 1756431742845,
      "tn" : 1756431742845324959,
      "q" : "640",
      "p" : "0.015711",
      "s" : "buy",
      "i" : "ANKR_USD",
      "m" : "4611686018430197844"
    }, {
      "d" : "1756431117668968807",
      "t" : 1756431117668,
      "tn" : 1756431117668968807,
      "q" : "35930",
      "p" : "0.015655",
      "s" : "buy",
      "i" : "ANKR_USD",
      "m" : "4611686018430197843"
    }, {
      "d" : "1756430626198913898",
      "t" : 1756430626198,
      "tn" : 1756430626198913898,
      "q" : "300",
      "p" : "0.015607",
      "s" : "buy",
      "i" : "ANKR_USD",
      "m" : "4611686018430197842"
    }, {
      "d" : "1756430448555040931",
      "t" : 1756430448555,
      "tn" : 1756430448555040931,
      "q" : "33290",
      "p" : "0.015670",
      "s" : "sell",
      "i" : "ANKR_USD",
      "m" : "4611686018430197841"
    }, {
      "d" : "1756430448555039118",
      "t" : 1756430448555,
      "tn" : 1756430448555039118,
      "q" : "68590",
      "p" : "0.015672",
      "s" : "sell",
      "i" : "ANKR_USD",
      "m" : "4611686018430197840"
    }, {
      "d" : "1756430448555036128",
      "t" : 1756430448555,
      "tn" : 1756430448555036128,
      "q" : "62660",
      "p" : "0.015674",
      "s" : "sell",
      "i" : "ANKR_USD",
      "m" : "4611686018430197839"
    }, {
      "d" : "1756430448555033321",
      "t" : 1756430448555,
      "tn" : 1756430448555033321,
      "q" : "13300",
      "p" : "0.015675",
      "s" : "sell",
      "i" : "ANKR_USD",
      "m" : "4611686018430197838"
    }, {
      "d" : "1756430440607551997",
      "t" : 1756430440607,
      "tn" : 1756430440607551997,
      "q" : "680",
      "p" : "0.015673",
      "s" : "sell",
      "i" : "ANKR_USD",
      "m" : "4611686018430197837"
    }, {
      "d" : "1756430438130682789",
      "t" : 1756430438130,
      "tn" : 1756430438130682789,
      "q" : "28710",
      "p" : "0.015672",
      "s" : "sell",
      "i" : "ANKR_USD",
      "m" : "4611686018430197836"
    }, {
      "d" : "1756430421756475997",
      "t" : 1756430421756,
      "tn" : 1756430421756475997,
      "q" : "28710",
      "p" : "0.015670",
      "s" : "sell",
      "i" : "ANKR_USD",
      "m" : "4611686018430197835"
    }, {
      "d" : "1756430303396358485",
      "t" : 1756430303396,
      "tn" : 1756430303396358485,
      "q" : "3250",
      "p" : "0.015676",
      "s" : "sell",
      "i" : "ANKR_USD",
      "m" : "4611686018430197834"
    }, {
      "d" : "1756430303382325446",
      "t" : 1756430303382,
      "tn" : 1756430303382325446,
      "q" : "1540",
      "p" : "0.015676",
      "s" : "sell",
      "i" : "ANKR_USD",
      "m" : "4611686018430197833"
    }, {
      "d" : "1756430227209173665",
      "t" : 1756430227209,
      "tn" : 1756430227209173665,
      "q" : "5850",
      "p" : "0.015685",
      "s" : "sell",
      "i" : "ANKR_USD",
      "m" : "4611686018430197832"
    }, {
      "d" : "1756429883791521832",
      "t" : 1756429883791,
      "tn" : 1756429883791521832,
      "q" : "10",
      "p" : "0.015753",
      "s" : "buy",
      "i" : "ANKR_USD",
      "m" : "4611686018430197831"
    }, {
      "d" : "1756429789615569537",
      "t" : 1756429789615,
      "tn" : 1756429789615569537,
      "q" : "200",
      "p" : "0.015724",
      "s" : "sell",
      "i" : "ANKR_USD",
      "m" : "4611686018430197830"
    }, {
      "d" : "1756428965509419276",
      "t" : 1756428965509,
      "tn" : 1756428965509419276,
      "q" : "34240",
      "p" : "0.015785",
      "s" : "buy",
      "i" : "ANKR_USD",
      "m" : "4611686018430197829"
    }, {
      "d" : "1756428875938167928",
      "t" : 1756428875938,
      "tn" : 1756428875938167928,
      "q" : "1000",
      "p" : "0.015776",
      "s" : "buy",
      "i" : "ANKR_USD",
      "m" : "4611686018430197828"
    }, {
      "d" : "1756428318679027994",
      "t" : 1756428318679,
      "tn" : 1756428318679027994,
      "q" : "31160",
      "p" : "0.015799",
      "s" : "sell",
      "i" : "ANKR_USD",
      "m" : "4611686018430197827"
    }, {
      "d" : "1756426857994727555",
      "t" : 1756426857994,
      "tn" : 1756426857994727555,
      "q" : "4000",
      "p" : "0.015930",
      "s" : "buy",
      "i" : "ANKR_USD",
      "m" : "4611686018430197826"
    }, {
      "d" : "1756426283791566986",
      "t" : 1756426283791,
      "tn" : 1756426283791566986,
      "q" : "10",
      "p" : "0.015903",
      "s" : "buy",
      "i" : "ANKR_USD",
      "m" : "4611686018430197825"
    }, {
      "d" : "1756425823313144072",
      "t" : 1756425823313,
      "tn" : 1756425823313144072,
      "q" : "100",
      "p" : "0.015936",
      "s" : "buy",
      "i" : "ANKR_USD",
      "m" : "4611686018430197824"
    }, {
      "d" : "1756425785169074774",
      "t" : 1756425785169,
      "tn" : 1756425785169074774,
      "q" : "31450",
      "p" : "0.015915",
      "s" : "buy",
      "i" : "ANKR_USD",
      "m" : "4611686018430197823"
    }, {
      "d" : "1756425785169071872",
      "t" : 1756425785169,
      "tn" : 1756425785169071871,
      "q" : "640",
      "p" : "0.015914",
      "s" : "buy",
      "i" : "ANKR_USD",
      "m" : "4611686018430197822"
    }, {
      "d" : "1756425785169071871",
      "t" : 1756425785169,
      "tn" : 1756425785169071871,
      "q" : "26960",
      "p" : "0.015914",
      "s" : "buy",
      "i" : "ANKR_USD",
      "m" : "4611686018430197822"
    }, {
      "d" : "1756425405891234184",
      "t" : 1756425405891,
      "tn" : 1756425405891234184,
      "q" : "3060",
      "p" : "0.015816",
      "s" : "sell",
      "i" : "ANKR_USD",
      "m" : "4611686018430197821"
    }, {
      "d" : "1756425091867853563",
      "t" : 1756425091867,
      "tn" : 1756425091867853563,
      "q" : "9380",
      "p" : "0.015827",
      "s" : "buy",
      "i" : "ANKR_USD",
      "m" : "4611686018430197820"
    }, {
      "d" : "1756423657082557105",
      "t" : 1756423657082,
      "tn" : 1756423657082557105,
      "q" : "1800",
      "p" : "0.015746",
      "s" : "sell",
      "i" : "ANKR_USD",
      "m" : "4611686018430197819"
    }, {
      "d" : "1756423211502842056",
      "t" : 1756423211502,
      "tn" : 1756423211502842056,
      "q" : "6950",
      "p" : "0.015757",
      "s" : "sell",
      "i" : "ANKR_USD",
      "m" : "4611686018430197818"
    }, {
      "d" : "1756422683791507658",
      "t" : 1756422683791,
      "tn" : 1756422683791507658,
      "q" : "10",
      "p" : "0.015806",
      "s" : "buy",
      "i" : "ANKR_USD",
      "m" : "4611686018430197817"
    }, {
      "d" : "1756422071754404196",
      "t" : 1756422071754,
      "tn" : 1756422071754404196,
      "q" : "2190",
      "p" : "0.015757",
      "s" : "sell",
      "i" : "ANKR_USD",
      "m" : "4611686018430197816"
    }, {
      "d" : "1756421825757769876",
      "t" : 1756421825757,
      "tn" : 1756421825757769876,
      "q" : "15890",
      "p" : "0.015767",
      "s" : "sell",
      "i" : "ANKR_USD",
      "m" : "4611686018430197815"
    }, {
      "d" : "1756421825752302627",
      "t" : 1756421825752,
      "tn" : 1756421825752302627,
      "q" : "4180",
      "p" : "0.015767",
      "s" : "buy",
      "i" : "ANKR_USD",
      "m" : "4611686018430197814"
    }, {
      "d" : "1756421670878773398",
      "t" : 1756421670878,
      "tn" : 1756421670878773398,
      "q" : "5250",
      "p" : "0.015796",
      "s" : "sell",
      "i" : "ANKR_USD",
      "m" : "4611686018430197813"
    }, {
      "d" : "1756421670876870706",
      "t" : 1756421670876,
      "tn" : 1756421670876870706,
      "q" : "640",
      "p" : "0.015796",
      "s" : "buy",
      "i" : "ANKR_USD",
      "m" : "4611686018430197812"
    }, {
      "d" : "1756421171251032583",
      "t" : 1756421171251,
      "tn" : 1756421171251032583,
      "q" : "25350",
      "p" : "0.015778",
      "s" : "buy",
      "i" : "ANKR_USD",
      "m" : "4611686018430197811"
    }, {
      "d" : "1756420683651116566",
      "t" : 1756420683651,
      "tn" : 1756420683651116566,
      "q" : "3800",
      "p" : "0.015745",
      "s" : "sell",
      "i" : "ANKR_USD",
      "m" : "4611686018430197810"
    }, {
      "d" : "1756420532082914645",
      "t" : 1756420532082,
      "tn" : 1756420532082914645,
      "q" : "4830",
      "p" : "0.015749",
      "s" : "buy",
      "i" : "ANKR_USD",
      "m" : "4611686018430197809"
    }, {
      "d" : "1756419665700970206",
      "t" : 1756419665700,
      "tn" : 1756419665700970206,
      "q" : "390",
      "p" : "0.015710",
      "s" : "sell",
      "i" : "ANKR_USD",
      "m" : "4611686018430197808"
    }, {
      "d" : "1756419083792052386",
      "t" : 1756419083792,
      "tn" : 1756419083792052386,
      "q" : "10",
      "p" : "0.015708",
      "s" : "buy",
      "i" : "ANKR_USD",
      "m" : "4611686018430197807"
    }, {
      "d" : "1756419075640254031",
      "t" : 1756419075640,
      "tn" : 1756419075640254031,
      "q" : "8980",
      "p" : "0.015677",
      "s" : "sell",
      "i" : "ANKR_USD",
      "m" : "4611686018430197806"
    }, {
      "d" : "1756417580947165096",
      "t" : 1756417580947,
      "tn" : 1756417580947165096,
      "q" : "470",
      "p" : "0.015658",
      "s" : "buy",
      "i" : "ANKR_USD",
      "m" : "4611686018430197805"
    }, {
      "d" : "1756417361334508380",
      "t" : 1756417361334,
      "tn" : 1756417361334508380,
      "q" : "990",
      "p" : "0.015636",
      "s" : "buy",
      "i" : "ANKR_USD",
      "m" : "4611686018430197804"
    }, {
      "d" : "1756416457809320029",
      "t" : 1756416457809,
      "tn" : 1756416457809320029,
      "q" : "1320",
      "p" : "0.015552",
      "s" : "sell",
      "i" : "ANKR_USD",
      "m" : "4611686018430197803"
    }, {
      "d" : "1756416178492243437",
      "t" : 1756416178492,
      "tn" : 1756416178492243437,
      "q" : "1440",
      "p" : "0.015583",
      "s" : "buy",
      "i" : "ANKR_USD",
      "m" : "4611686018430197802"
    }, {
      "d" : "1756415483791677231",
      "t" : 1756415483791,
      "tn" : 1756415483791677231,
      "q" : "10",
      "p" : "0.015581",
      "s" : "buy",
      "i" : "ANKR_USD",
      "m" : "4611686018430197801"
    }, {
      "d" : "1756415250121406978",
      "t" : 1756415250121,
      "tn" : 1756415250121406978,
      "q" : "3120",
      "p" : "0.015562",
      "s" : "buy",
      "i" : "ANKR_USD",
      "m" : "4611686018430197800"
    }, {
      "d" : "1756414636643152394",
      "t" : 1756414636643,
      "tn" : 1756414636643152394,
      "q" : "5110",
      "p" : "0.015521",
      "s" : "sell",
      "i" : "ANKR_USD",
      "m" : "4611686018430197799"
    }, {
      "d" : "1756414151707225861",
      "t" : 1756414151707,
      "tn" : 1756414151707225861,
      "q" : "400",
      "p" : "0.015511",
      "s" : "sell",
      "i" : "ANKR_USD",
      "m" : "4611686018430197798"
    }, {
      "d" : "1756413134486010404",
      "t" : 1756413134486,
      "tn" : 1756413134486010404,
      "q" : "110",
      "p" : "0.015497",
      "s" : "sell",
      "i" : "ANKR_USD",
      "m" : "4611686018430197797"
    }, {
      "d" : "1756412541752067692",
      "t" : 1756412541752,
      "tn" : 1756412541752067692,
      "q" : "3800",
      "p" : "0.015506",
      "s" : "buy",
      "i" : "ANKR_USD",
      "m" : "4611686018430197796"
    }, {
      "d" : "1756411883791607233",
      "t" : 1756411883791,
      "tn" : 1756411883791607233,
      "q" : "10",
      "p" : "0.015494",
      "s" : "buy",
      "i" : "ANKR_USD",
      "m" : "4611686018430197795"
    }, {
      "d" : "1756411641653784672",
      "t" : 1756411641653,
      "tn" : 1756411641653784672,
      "q" : "10000",
      "p" : "0.015464",
      "s" : "sell",
      "i" : "ANKR_USD",
      "m" : "4611686018430197794"
    }, {
      "d" : "1756409102151547506",
      "t" : 1756409102151,
      "tn" : 1756409102151547506,
      "q" : "550",
      "p" : "0.015674",
      "s" : "buy",
      "i" : "ANKR_USD",
      "m" : "4611686018430197793"
    }, {
      "d" : "1756409012840269614",
      "t" : 1756409012840,
      "tn" : 1756409012840269614,
      "q" : "1120",
      "p" : "0.015695",
      "s" : "buy",
      "i" : "ANKR_USD",
      "m" : "4611686018430197792"
    }, {
      "d" : "1756408283791235576",
      "t" : 1756408283791,
      "tn" : 1756408283791235576,
      "q" : "10",
      "p" : "0.015728",
      "s" : "buy",
      "i" : "ANKR_USD",
      "m" : "4611686018430197791"
    }, {
      "d" : "1756406650732854311",
      "t" : 1756406650732,
      "tn" : 1756406650732854311,
      "q" : "12600",
      "p" : "0.015675",
      "s" : "sell",
      "i" : "ANKR_USD",
      "m" : "4611686018430197790"
    }, {
      "d" : "1756406650725619232",
      "t" : 1756406650725,
      "tn" : 1756406650725619232,
      "q" : "28380",
      "p" : "0.015675",
      "s" : "sell",
      "i" : "ANKR_USD",
      "m" : "4611686018430197789"
    }, {
      "d" : "1756406650723521423",
      "t" : 1756406650723,
      "tn" : 1756406650723521423,
      "q" : "31760",
      "p" : "0.015675",
      "s" : "buy",
      "i" : "ANKR_USD",
      "m" : "4611686018430197788"
    }, {
      "d" : "1756406148389932728",
      "t" : 1756406148389,
      "tn" : 1756406148389932728,
      "q" : "1550",
      "p" : "0.015646",
      "s" : "buy",
      "i" : "ANKR_USD",
      "m" : "4611686018430197787"
    }, {
      "d" : "1756405840848193046",
      "t" : 1756405840848,
      "tn" : 1756405840848193046,
      "q" : "390",
      "p" : "0.015608",
      "s" : "sell",
      "i" : "ANKR_USD",
      "m" : "4611686018430197786"
    }, {
      "d" : "1756404841223449931",
      "t" : 1756404841223,
      "tn" : 1756404841223449931,
      "q" : "5130",
      "p" : "0.015560",
      "s" : "buy",
      "i" : "ANKR_USD",
      "m" : "4611686018430197785"
    }, {
      "d" : "1756404841217015144",
      "t" : 1756404841217,
      "tn" : 1756404841217015144,
      "q" : "470",
      "p" : "0.015560",
      "s" : "sell",
      "i" : "ANKR_USD",
      "m" : "4611686018430197784"
    }, {
      "d" : "1756404683791502481",
      "t" : 1756404683791,
      "tn" : 1756404683791502481,
      "q" : "10",
      "p" : "0.015623",
      "s" : "buy",
      "i" : "ANKR_USD",
      "m" : "4611686018430197783"
    }, {
      "d" : "1756404569604043590",
      "t" : 1756404569604,
      "tn" : 1756404569604043590,
      "q" : "460",
      "p" : "0.015604",
      "s" : "buy",
      "i" : "ANKR_USD",
      "m" : "4611686018430197782"
    }, {
      "d" : "1756402309793113054",
      "t" : 1756402309793,
      "tn" : 1756402309793113054,
      "q" : "25760",
      "p" : "0.015645",
      "s" : "sell",
      "i" : "ANKR_USD",
      "m" : "4611686018430197781"
    }, {
      "d" : "1756401499641082539",
      "t" : 1756401499641,
      "tn" : 1756401499641082539,
      "q" : "670",
      "p" : "0.015559",
      "s" : "buy",
      "i" : "ANKR_USD",
      "m" : "4611686018430197780"
    }, {
      "d" : "1756401083791298375",
      "t" : 1756401083791,
      "tn" : 1756401083791298375,
      "q" : "10",
      "p" : "0.015588",
      "s" : "buy",
      "i" : "ANKR_USD",
      "m" : "4611686018430197779"
    }, {
      "d" : "1756400836655103425",
      "t" : 1756400836655,
      "tn" : 1756400836655103425,
      "q" : "1300",
      "p" : "0.015595",
      "s" : "buy",
      "i" : "ANKR_USD",
      "m" : "4611686018430197778"
    }, {
      "d" : "1756400366580231512",
      "t" : 1756400366580,
      "tn" : 1756400366580231512,
      "q" : "75130",
      "p" : "0.015557",
      "s" : "sell",
      "i" : "ANKR_USD",
      "m" : "4611686018430197777"
    }, {
      "d" : "1756400358002399681",
      "t" : 1756400358002,
      "tn" : 1756400358002399681,
      "q" : "3720",
      "p" : "0.015557",
      "s" : "sell",
      "i" : "ANKR_USD",
      "m" : "4611686018430197776"
    }, {
      "d" : "1756400263320588798",
      "t" : 1756400263320,
      "tn" : 1756400263320588798,
      "q" : "4000",
      "p" : "0.015594",
      "s" : "sell",
      "i" : "ANKR_USD",
      "m" : "4611686018430197775"
    }, {
      "d" : "1756400114725057380",
      "t" : 1756400114725,
      "tn" : 1756400114725057380,
      "q" : "1250",
      "p" : "0.015648",
      "s" : "sell",
      "i" : "ANKR_USD",
      "m" : "4611686018430197774"
    }, {
      "d" : "1756398493638073757",
      "t" : 1756398493638,
      "tn" : 1756398493638073757,
      "q" : "260",
      "p" : "0.015759",
      "s" : "sell",
      "i" : "ANKR_USD",
      "m" : "4611686018430197773"
    }, {
      "d" : "1756398425094509019",
      "t" : 1756398425094,
      "tn" : 1756398425094509019,
      "q" : "33740",
      "p" : "0.015763",
      "s" : "sell",
      "i" : "ANKR_USD",
      "m" : "4611686018430197772"
    }, {
      "d" : "1756398425094506965",
      "t" : 1756398425094,
      "tn" : 1756398425094506965,
      "q" : "48900",
      "p" : "0.015764",
      "s" : "sell",
      "i" : "ANKR_USD",
      "m" : "4611686018430197771"
    }, {
      "d" : "1756398424594497998",
      "t" : 1756398424594,
      "tn" : 1756398424594497998,
      "q" : "180",
      "p" : "0.015765",
      "s" : "sell",
      "i" : "ANKR_USD",
      "m" : "4611686018430197770"
    }, {
      "d" : "1756398318266341743",
      "t" : 1756398318266,
      "tn" : 1756398318266341743,
      "q" : "170",
      "p" : "0.015806",
      "s" : "buy",
      "i" : "ANKR_USD",
      "m" : "4611686018430197769"
    }, {
      "d" : "1756398143592023788",
      "t" : 1756398143592,
      "tn" : 1756398143592023788,
      "q" : "2190",
      "p" : "0.015819",
      "s" : "sell",
      "i" : "ANKR_USD",
      "m" : "4611686018430197768"
    }, {
      "d" : "1756397496224586885",
      "t" : 1756397496224,
      "tn" : 1756397496224586885,
      "q" : "310",
      "p" : "0.015760",
      "s" : "sell",
      "i" : "ANKR_USD",
      "m" : "4611686018430197767"
    }, {
      "d" : "1756397483791564795",
      "t" : 1756397483791,
      "tn" : 1756397483791564795,
      "q" : "10",
      "p" : "0.015817",
      "s" : "buy",
      "i" : "ANKR_USD",
      "m" : "4611686018430197766"
    }, {
      "d" : "1756397113828130669",
      "t" : 1756397113828,
      "tn" : 1756397113828130669,
      "q" : "610",
      "p" : "0.015803",
      "s" : "buy",
      "i" : "ANKR_USD",
      "m" : "4611686018430197765"
    }, {
      "d" : "1756396917783843486",
      "t" : 1756396917783,
      "tn" : 1756396917783843486,
      "q" : "360",
      "p" : "0.015793",
      "s" : "sell",
      "i" : "ANKR_USD",
      "m" : "4611686018430197764"
    }, {
      "d" : "1756396917779397847",
      "t" : 1756396917779,
      "tn" : 1756396917779397847,
      "q" : "640",
      "p" : "0.015793",
      "s" : "buy",
      "i" : "ANKR_USD",
      "m" : "4611686018430197763"
    }, {
      "d" : "1756395394411473872",
      "t" : 1756395394411,
      "tn" : 1756395394411473872,
      "q" : "6910",
      "p" : "0.015815",
      "s" : "sell",
      "i" : "ANKR_USD",
      "m" : "4611686018430197762"
    }, {
      "d" : "1756395142564848500",
      "t" : 1756395142564,
      "tn" : 1756395142564848500,
      "q" : "140",
      "p" : "0.015886",
      "s" : "buy",
      "i" : "ANKR_USD",
      "m" : "4611686018430197761"
    }, {
      "d" : "1756394916238244475",
      "t" : 1756394916238,
      "tn" : 1756394916238244475,
      "q" : "3040",
      "p" : "0.015883",
      "s" : "buy",
      "i" : "ANKR_USD",
      "m" : "4611686018430197760"
    }, {
      "d" : "1756394752522453615",
      "t" : 1756394752522,
      "tn" : 1756394752522453615,
      "q" : "470",
      "p" : "0.015825",
      "s" : "sell",
      "i" : "ANKR_USD",
      "m" : "4611686018430197759"
    }, {
      "d" : "1756394270725785365",
      "t" : 1756394270725,
      "tn" : 1756394270725785365,
      "q" : "6090",
      "p" : "0.015974",
      "s" : "buy",
      "i" : "ANKR_USD",
      "m" : "4611686018430197758"
    }, {
      "d" : "1756394230634089396",
      "t" : 1756394230634,
      "tn" : 1756394230634089396,
      "q" : "2020",
      "p" : "0.015971",
      "s" : "buy",
      "i" : "ANKR_USD",
      "m" : "4611686018430197757"
    }, {
      "d" : "1756394127833132153",
      "t" : 1756394127833,
      "tn" : 1756394127833132153,
      "q" : "740",
      "p" : "0.015912",
      "s" : "buy",
      "i" : "ANKR_USD",
      "m" : "4611686018430197756"
    }, {
      "d" : "1756394033577440607",
      "t" : 1756394033577,
      "tn" : 1756394033577440607,
      "q" : "6040",
      "p" : "0.015872",
      "s" : "sell",
      "i" : "ANKR_USD",
      "m" : "4611686018430197755"
    }, {
      "d" : "1756393909582613264",
      "t" : 1756393909582,
      "tn" : 1756393909582613264,
      "q" : "8060",
      "p" : "0.015867",
      "s" : "sell",
      "i" : "ANKR_USD",
      "m" : "4611686018430197754"
    }, {
      "d" : "1756393883791618402",
      "t" : 1756393883791,
      "tn" : 1756393883791618402,
      "q" : "10",
      "p" : "0.015912",
      "s" : "buy",
      "i" : "ANKR_USD",
      "m" : "4611686018430197753"
    }, {
      "d" : "1756393347139235443",
      "t" : 1756393347139,
      "tn" : 1756393347139235443,
      "q" : "38510",
      "p" : "0.015923",
      "s" : "buy",
      "i" : "ANKR_USD",
      "m" : "4611686018430197752"
    }, {
      "d" : "1756393347139192637",
      "t" : 1756393347139,
      "tn" : 1756393347139192637,
      "q" : "5110",
      "p" : "0.015923",
      "s" : "buy",
      "i" : "ANKR_USD",
      "m" : "4611686018430197751"
    }, {
      "d" : "1756393338576967508",
      "t" : 1756393338576,
      "tn" : 1756393338576967508,
      "q" : "860",
      "p" : "0.015865",
      "s" : "buy",
      "i" : "ANKR_USD",
      "m" : "4611686018430197750"
    }, {
      "d" : "1756393338573362912",
      "t" : 1756393338573,
      "tn" : 1756393338573362912,
      "q" : "640",
      "p" : "0.015865",
      "s" : "sell",
      "i" : "ANKR_USD",
      "m" : "4611686018430197749"
    }, {
      "d" : "1756393323603623964",
      "t" : 1756393323603,
      "tn" : 1756393323603623964,
      "q" : "1430",
      "p" : "0.015905",
      "s" : "buy",
      "i" : "ANKR_USD",
      "m" : "4611686018430197748"
    }, {
      "d" : "1756392892671760366",
      "t" : 1756392892671,
      "tn" : 1756392892671760366,
      "q" : "29250",
      "p" : "0.015812",
      "s" : "buy",
      "i" : "ANKR_USD",
      "m" : "4611686018430197747"
    }, {
      "d" : "1756392892667917398",
      "t" : 1756392892667,
      "tn" : 1756392892667917398,
      "q" : "1990",
      "p" : "0.015812",
      "s" : "sell",
      "i" : "ANKR_USD",
      "m" : "4611686018430197746"
    }, {
      "d" : "1756392451731811471",
      "t" : 1756392451731,
      "tn" : 1756392451731811471,
      "q" : "31050",
      "p" : "0.015780",
      "s" : "buy",
      "i" : "ANKR_USD",
      "m" : "4611686018430197745"
    }, {
      "d" : "1756392451728980072",
      "t" : 1756392451728,
      "tn" : 1756392451728980072,
      "q" : "28510",
      "p" : "0.015780",
      "s" : "sell",
      "i" : "ANKR_USD",
      "m" : "4611686018430197744"
    }, {
      "d" : "1756392035743130905",
      "t" : 1756392035743,
      "tn" : 1756392035743130905,
      "q" : "2100",
      "p" : "0.015801",
      "s" : "sell",
      "i" : "ANKR_USD",
      "m" : "4611686018430197743"
    }, {
      "d" : "1756391211964418539",
      "t" : 1756391211964,
      "tn" : 1756391211964418539,
      "q" : "2510",
      "p" : "0.015692",
      "s" : "sell",
      "i" : "ANKR_USD",
      "m" : "4611686018430197742"
    }, {
      "d" : "1756390613735799429",
      "t" : 1756390613735,
      "tn" : 1756390613735799429,
      "q" : "370",
      "p" : "0.015779",
      "s" : "sell",
      "i" : "ANKR_USD",
      "m" : "4611686018430197741"
    }, {
      "d" : "1756390283791706606",
      "t" : 1756390283791,
      "tn" : 1756390283791706606,
      "q" : "10",
      "p" : "0.015769",
      "s" : "buy",
      "i" : "ANKR_USD",
      "m" : "4611686018430197740"
    }, {
      "d" : "1756390263606550475",
      "t" : 1756390263606,
      "tn" : 1756390263606550475,
      "q" : "610",
      "p" : "0.015757",
      "s" : "buy",
      "i" : "ANKR_USD",
      "m" : "4611686018430197739"
    }, {
      "d" : "1756390175648100471",
      "t" : 1756390175648,
      "tn" : 1756390175648100471,
      "q" : "700",
      "p" : "0.015705",
      "s" : "sell",
      "i" : "ANKR_USD",
      "m" : "4611686018430197738"
    }, {
      "d" : "1756389472234213139",
      "t" : 1756389472234,
      "tn" : 1756389472234213139,
      "q" : "52400",
      "p" : "0.015655",
      "s" : "buy",
      "i" : "ANKR_USD",
      "m" : "4611686018430197737"
    }, {
      "d" : "1756389304293797258",
      "t" : 1756389304293,
      "tn" : 1756389304293797258,
      "q" : "1500",
      "p" : "0.015601",
      "s" : "sell",
      "i" : "ANKR_USD",
      "m" : "4611686018430197736"
    }, {
      "d" : "1756388441899404817",
      "t" : 1756388441899,
      "tn" : 1756388441899404817,
      "q" : "3170",
      "p" : "0.015629",
      "s" : "sell",
      "i" : "ANKR_USD",
      "m" : "4611686018430197735"
    }, {
      "d" : "1756388057437776557",
      "t" : 1756388057437,
      "tn" : 1756388057437776557,
      "q" : "140",
      "p" : "0.015704",
      "s" : "buy",
      "i" : "ANKR_USD",
      "m" : "4611686018430197734"
    } ]
  }
}