{
  "id" : -1,
  "method" : "public/get-trades",
  "code" : 0,
  "result" : {
    "data" : [ {
      "d" : "1756456030318827323",
      "t" : 1756456030318,
      "tn" : 1756456030318827323,
      "q" : "110",
      "p" : "0.015144",
      "s" : "sell",
      "i" : "ANKR_USDT",
      "m" : "4611686018430721705"
    }, {
      "d" : "1756447256114913212",
      "t" : 1756447256114,
      "tn" : 1756447256114913212,
      "q" : "1280",
      "p" : "0.015650",
      "s" : "buy",
      "i" : "ANKR_USDT",
      "m" : "4611686018430721704"
    }, {
      "d" : "1756438674318509969",
      "t" : 1756438674318,
      "tn" : 1756438674318509969,
      "q" : "4330",
      "p" : "0.015741",
      "s" : "buy",
      "i" : "ANKR_USDT",
      "m" : "4611686018430721703"
    }, {
      "d" : "1756433611063807895",
      "t" : 1756433611063,
      "tn" : 1756433611063807895,
      "q" : "12740",
      "p" : "0.015694",
      "s" : "buy",
      "i" : "ANKR_USDT",
      "m" : "4611686018430721702"
    }, {
      "d" : "1756433611055237319",
      "t" : 1756433611055,
      "tn" : 1756433611055237319,
      "q" : "4930",
      "p" : "0.015694",
      "s" : "buy",
      "i" : "ANKR_USDT",
      "m" : "4611686018430721701"
    }, {
      "d" : "1756430310486089892",
      "t" : 1756430310486,
      "tn" : 1756430310486089892,
      "q" : "2550",
      "p" : "0.015696",
      "s" : "sell",
      "i" : "ANKR_USDT",
      "m" : "4611686018430721700"
    }, {
      "d" : "1756430310437525340",
      "t" : 1756430310437,
      "tn" : 1756430310437525340,
      "q" : "25480",
      "p" : "0.015696",
      "s" : "sell",
      "i" : "ANKR_USDT",
      "m" : "4611686018430721699"
    }, {
      "d" : "1756430310424619033",
      "t" : 1756430310424,
      "tn" : 1756430310424619033,
      "q" : "1190",
      "p" : "0.015695",
      "s" : "sell",
      "i" : "ANKR_USDT",
      "m" : "4611686018430721698"
    }, {
      "d" : "1756430307861604052",
      "t" : 1756430307861,
      "tn" : 1756430307861604051,
      "q" : "2480",
      "p" : "0.015695",
      "s" : "sell",
      "i" : "ANKR_USDT",
      "m" : "4611686018430721697"
    }, {
      "d" : "1756430307861604051",
      "t" : 1756430307861,
      "tn" : 1756430307861604051,
      "q" : "70",
      "p" : "0.015695",
      "s" : "sell",
      "i" : "ANKR_USDT",
      "m" : "4611686018430721697"
    }, {
      "d" : "1756430303647743260",
      "t" : 1756430303647,
      "tn" : 1756430303647743260,
      "q" : "660",
      "p" : "0.015696",
      "s" : "sell",
      "i" : "ANKR_USDT",
      "m" : "4611686018430721696"
    }, {
      "d" : "1756430303397065690",
      "t" : 1756430303397,
      "tn" : 1756430303397065690,
      "q" : "3250",
      "p" : "0.015695",
      "s" : "sell",
      "i" : "ANKR_USDT",
      "m" : "4611686018430721695"
    }, {
      "d" : "1756430303385902345",
      "t" : 1756430303385,
      "tn" : 1756430303385902345,
      "q" : "31860",
      "p" : "0.015695",
      "s" : "sell",
      "i" : "ANKR_USDT",
      "m" : "4611686018430721694"
    }, {
      "d" : "1756430303383157920",
      "t" : 1756430303383,
      "tn" : 1756430303383157920,
      "q" : "60",
      "p" : "0.015695",
      "s" : "sell",
      "i" : "ANKR_USDT",
      "m" : "4611686018430721693"
    }, {
      "d" : "1756430303383156299",
      "t" : 1756430303383,
      "tn" : 1756430303383156299,
      "q" : "1480",
      "p" : "0.015696",
      "s" : "sell",
      "i" : "ANKR_USDT",
      "m" : "4611686018430721692"
    }, {
      "d" : "1756430303367057507",
      "t" : 1756430303367,
      "tn" : 1756430303367057507,
      "q" : "660",
      "p" : "0.015695",
      "s" : "sell",
      "i" : "ANKR_USDT",
      "m" : "4611686018430721691"
    }, {
      "d" : "1756430290308909206",
      "t" : 1756430290308,
      "tn" : 1756430290308909206,
      "q" : "12750",
      "p" : "0.015694",
      "s" : "sell",
      "i" : "ANKR_USDT",
      "m" : "4611686018430721690"
    }, {
      "d" : "1756430248049735494",
      "t" : 1756430248049,
      "tn" : 1756430248049735494,
      "q" : "7010",
      "p" : "0.015684",
      "s" : "sell",
      "i" : "ANKR_USDT",
      "m" : "4611686018430721689"
    }, {
      "d" : "1756429119732238888",
      "t" : 1756429119732,
      "tn" : 1756429119732238888,
      "q" : "100",
      "p" : "0.015765",
      "s" : "sell",
      "i" : "ANKR_USDT",
      "m" : "4611686018430721688"
    }, {
      "d" : "1756422414026173905",
      "t" : 1756422414026,
      "tn" : 1756422414026173905,
      "q" : "11060",
      "p" : "0.015796",
      "s" : "buy",
      "i" : "ANKR_USDT",
      "m" : "4611686018430721687"
    }, {
      "d" : "1756422414026171532",
      "t" : 1756422414026,
      "tn" : 1756422414026171532,
      "q" : "1610",
      "p" : "0.015795",
      "s" : "buy",
      "i" : "ANKR_USDT",
      "m" : "4611686018430721686"
    }, {
      "d" : "1756408901664725948",
      "t" : 1756408901664,
      "tn" : 1756408901664725948,
      "q" : "140",
      "p" : "0.015626",
      "s" : "sell",
      "i" : "ANKR_USDT",
      "m" : "4611686018430721685"
    }, {
      "d" : "1756408179454704606",
      "t" : 1756408179454,
      "tn" : 1756408179454704606,
      "q" : "1370",
      "p" : "0.015670",
      "s" : "sell",
      "i" : "ANKR_USDT",
      "m" : "4611686018430721684"
    }, {
      "d" : "1756404792139099945",
      "t" : 1756404792139,
      "tn" : 1756404792139099945,
      "q" : "2850",
      "p" : "0.015560",
      "s" : "sell",
      "i" : "ANKR_USDT",
      "m" : "4611686018430721683"
    }, {
      "d" : "1756391248632746148",
      "t" : 1756391248632,
      "tn" : 1756391248632746148,
      "q" : "12690",
      "p" : "0.015757",
      "s" : "buy",
      "i" : "ANKR_USDT",
      "m" : "4611686018430721682"
    }, {
      "d" : "1756391130298625763",
      "t" : 1756391130298,
      "tn" : 1756391130298625763,
      "q" : "12700",
      "p" : "0.015740",
      "s" : "sell",
      "i" : "ANKR_USDT",
      "m" : "4611686018430721681"
    }, {
      "d" : "1756390297640232761",
      "t" : 1756390297640,
      "tn" : 1756390297640232761,
      "q" : "90",
      "p" : "0.015709",
      "s" : "sell",
      "i" : "ANKR_USDT",
      "m" : "4611686018430721680"
    }, {
      "d" : "1756390229490469618",
      "t" : 1756390229490,
      "tn" : 1756390229490469618,
      "q" : "3760",
      "p" : "0.015769",
      "s" : "buy",
      "i" : "ANKR_USDT",
      "m" : "4611686018430721679"
    }, {
      "d" : "1756387504601205163",
      "t" : 1756387504601,
      "tn" : 1756387504601205163,
      "q" : "1030",
      "p" : "0.015648",
      "s" : "sell",
      "i" : "ANKR_USDT",
      "m" : "4611686018430721678"
    } ]
  }
}