{
  "id" : -1,
  "method" : "public/get-trades",
  "code" : 0,
  "result" : {
    "data" : [ {
      "d" : "1756459357795349110",
      "t" : 1756459357795,
      "tn" : 1756459357795349110,
      "q" : "249.4",
      "p" : "0.5650",
      "s" : "buy",
      "i" : "APE_USD",
      "m" : "4611686018430873914"
    }, {
      "d" : "1756459180273372219",
      "t" : 1756459180273,
      "tn" : 1756459180273372219,
      "q" : "249.4",
      "p" : "0.5636",
      "s" : "buy",
      "i" : "APE_USD",
      "m" : "4611686018430873913"
    }, {
      "d" : "1756458723695984674",
      "t" : 1756458723695,
      "tn" : 1756458723695984674,
      "q" : "249.4",
      "p" : "0.5622",
      "s" : "buy",
      "i" : "APE_USD",
      "m" : "4611686018430873912"
    }, {
      "d" : "1756458583768304266",
      "t" : 1756458583768,
      "tn" : 1756458583768304266,
      "q" : "10.0",
      "p" : "0.5619",
      "s" : "sell",
      "i" : "APE_USD",
      "m" : "4611686018430873911"
    }, {
      "d" : "1756458381552881561",
      "t" : 1756458381552,
      "tn" : 1756458381552881561,
      "q" : "2.1",
      "p" : "0.5612",
      "s" : "sell",
      "i" : "APE_USD",
      "m" : "4611686018430873910"
    }, {
      "d" : "1756458205528343857",
      "t" : 1756458205528,
      "tn" : 1756458205528343857,
      "q" : "2.1",
      "p" : "0.5607",
      "s" : "sell",
      "i" : "APE_USD",
      "m" : "4611686018430873909"
    }, {
      "d" : "1756458189510114629",
      "t" : 1756458189510,
      "tn" : 1756458189510114629,
      "q" : "500.2",
      "p" : "0.5603",
      "s" : "buy",
      "i" : "APE_USD",
      "m" : "4611686018430873908"
    }, {
      "d" : "1756458188051207327",
      "t" : 1756458188051,
      "tn" : 1756458188051207327,
      "q" : "899.1",
      "p" : "0.5603",
      "s" : "buy",
      "i" : "APE_USD",
      "m" : "4611686018430873907"
    }, {
      "d" : "1756458188045376459",
      "t" : 1756458188045,
      "tn" : 1756458188045376459,
      "q" : "169.8",
      "p" : "0.5603",
      "s" : "buy",
      "i" : "APE_USD",
      "m" : "4611686018430873906"
    }, {
      "d" : "1756458177846129731",
      "t" : 1756458177846,
      "tn" : 1756458177846129731,
      "q" : "250.0",
      "p" : "0.5608",
      "s" : "sell",
      "i" : "APE_USD",
      "m" : "4611686018430873905"
    }, {
      "d" : "1756458161757445638",
      "t" : 1756458161757,
      "tn" : 1756458161757445638,
      "q" : "2.1",
      "p" : "0.5614",
      "s" : "sell",
      "i" : "APE_USD",
      "m" : "4611686018430873904"
    }, {
      "d" : "1756458158760388005",
      "t" : 1756458158760,
      "tn" : 1756458158760388005,
      "q" : "2.1",
      "p" : "0.5616",
      "s" : "sell",
      "i" : "APE_USD",
      "m" : "4611686018430873903"
    }, {
      "d" : "1756458154831325014",
      "t" : 1756458154831,
      "tn" : 1756458154831325014,
      "q" : "2.1",
      "p" : "0.5620",
      "s" : "sell",
      "i" : "APE_USD",
      "m" : "4611686018430873902"
    }, {
      "d" : "1756458154831321829",
      "t" : 1756458154831,
      "tn" : 1756458154831321829,
      "q" : "250.0",
      "p" : "0.5622",
      "s" : "sell",
      "i" : "APE_USD",
      "m" : "4611686018430873901"
    }, {
      "d" : "1756458142423065696",
      "t" : 1756458142423,
      "tn" : 1756458142423065695,
      "q" : "24.7",
      "p" : "0.5625",
      "s" : "sell",
      "i" : "APE_USD",
      "m" : "4611686018430873900"
    }, {
      "d" : "1756458142423065695",
      "t" : 1756458142423,
      "tn" : 1756458142423065695,
      "q" : "2.1",
      "p" : "0.5625",
      "s" : "sell",
      "i" : "APE_USD",
      "m" : "4611686018430873900"
    }, {
      "d" : "1756458105579533226",
      "t" : 1756458105579,
      "tn" : 1756458105579533226,
      "q" : "2.1",
      "p" : "0.5630",
      "s" : "sell",
      "i" : "APE_USD",
      "m" : "4611686018430873899"
    }, {
      "d" : "1756458048941336492",
      "t" : 1756458048941,
      "tn" : 1756458048941336491,
      "q" : "2.1",
      "p" : "0.5636",
      "s" : "sell",
      "i" : "APE_USD",
      "m" : "4611686018430873898"
    }, {
      "d" : "1756458048941336491",
      "t" : 1756458048941,
      "tn" : 1756458048941336491,
      "q" : "250.0",
      "p" : "0.5636",
      "s" : "sell",
      "i" : "APE_USD",
      "m" : "4611686018430873898"
    }, {
      "d" : "1756457745290317785",
      "t" : 1756457745290,
      "tn" : 1756457745290317785,
      "q" : "37.5",
      "p" : "0.5648",
      "s" : "buy",
      "i" : "APE_USD",
      "m" : "4611686018430873897"
    }, {
      "d" : "1756457738052605900",
      "t" : 1756457738052,
      "tn" : 1756457738052605900,
      "q" : "2.1",
      "p" : "0.5649",
      "s" : "sell",
      "i" : "APE_USD",
      "m" : "4611686018430873896"
    }, {
      "d" : "1756457736925193547",
      "t" : 1756457736925,
      "tn" : 1756457736925193546,
      "q" : "2.1",
      "p" : "0.5650",
      "s" : "sell",
      "i" : "APE_USD",
      "m" : "4611686018430873895"
    }, {
      "d" : "1756457736925193546",
      "t" : 1756457736925,
      "tn" : 1756457736925193546,
      "q" : "250.0",
      "p" : "0.5650",
      "s" : "sell",
      "i" : "APE_USD",
      "m" : "4611686018430873895"
    }, {
      "d" : "1756457688372142030",
      "t" : 1756457688372,
      "tn" : 1756457688372142030,
      "q" : "221.0",
      "p" : "0.5656",
      "s" : "buy",
      "i" : "APE_USD",
      "m" : "4611686018430873894"
    }, {
      "d" : "1756457688372139282",
      "t" : 1756457688372,
      "tn" : 1756457688372139282,
      "q" : "139.2",
      "p" : "0.5655",
      "s" : "buy",
      "i" : "APE_USD",
      "m" : "4611686018430873893"
    }, {
      "d" : "1756457682007872970",
      "t" : 1756457682007,
      "tn" : 1756457682007872970,
      "q" : "2.1",
      "p" : "0.5656",
      "s" : "sell",
      "i" : "APE_USD",
      "m" : "4611686018430873892"
    }, {
      "d" : "1756457297964898154",
      "t" : 1756457297964,
      "tn" : 1756457297964898154,
      "q" : "250.0",
      "p" : "0.5664",
      "s" : "sell",
      "i" : "APE_USD",
      "m" : "4611686018430873891"
    }, {
      "d" : "1756456575258276848",
      "t" : 1756456575258,
      "tn" : 1756456575258276848,
      "q" : "250.0",
      "p" : "0.5678",
      "s" : "sell",
      "i" : "APE_USD",
      "m" : "4611686018430873890"
    }, {
      "d" : "1756456330102719831",
      "t" : 1756456330102,
      "tn" : 1756456330102719831,
      "q" : "249.4",
      "p" : "0.5692",
      "s" : "buy",
      "i" : "APE_USD",
      "m" : "4611686018430873889"
    }, {
      "d" : "1756456233302111168",
      "t" : 1756456233302,
      "tn" : 1756456233302111168,
      "q" : "17.0",
      "p" : "0.5681",
      "s" : "buy",
      "i" : "APE_USD",
      "m" : "4611686018430873888"
    }, {
      "d" : "1756455966710241487",
      "t" : 1756455966710,
      "tn" : 1756455966710241487,
      "q" : "340.1",
      "p" : "0.5689",
      "s" : "sell",
      "i" : "APE_USD",
      "m" : "4611686018430873887"
    }, {
      "d" : "1756455440243479392",
      "t" : 1756455440243,
      "tn" : 1756455440243479392,
      "q" : "250.0",
      "p" : "0.5678",
      "s" : "sell",
      "i" : "APE_USD",
      "m" : "4611686018430873886"
    }, {
      "d" : "1756455068788214816",
      "t" : 1756455068788,
      "tn" : 1756455068788214816,
      "q" : "250.0",
      "p" : "0.5692",
      "s" : "sell",
      "i" : "APE_USD",
      "m" : "4611686018430873885"
    }, {
      "d" : "1756454519508861524",
      "t" : 1756454519508,
      "tn" : 1756454519508861524,
      "q" : "675.8",
      "p" : "0.5717",
      "s" : "sell",
      "i" : "APE_USD",
      "m" : "4611686018430873884"
    }, {
      "d" : "1756454269332850315",
      "t" : 1756454269332,
      "tn" : 1756454269332850315,
      "q" : "250.0",
      "p" : "0.5706",
      "s" : "sell",
      "i" : "APE_USD",
      "m" : "4611686018430873883"
    }, {
      "d" : "1756453861032598048",
      "t" : 1756453861032,
      "tn" : 1756453861032598048,
      "q" : "249.4",
      "p" : "0.5720",
      "s" : "buy",
      "i" : "APE_USD",
      "m" : "4611686018430873882"
    }, {
      "d" : "1756453024364134522",
      "t" : 1756453024364,
      "tn" : 1756453024364134522,
      "q" : "250.0",
      "p" : "0.5706",
      "s" : "sell",
      "i" : "APE_USD",
      "m" : "4611686018430873881"
    }, {
      "d" : "1756452684202047466",
      "t" : 1756452684202,
      "tn" : 1756452684202047466,
      "q" : "249.4",
      "p" : "0.5720",
      "s" : "buy",
      "i" : "APE_USD",
      "m" : "4611686018430873880"
    }, {
      "d" : "1756452569184168777",
      "t" : 1756452569184,
      "tn" : 1756452569184168777,
      "q" : "2.1",
      "p" : "0.5715",
      "s" : "buy",
      "i" : "APE_USD",
      "m" : "4611686018430873879"
    }, {
      "d" : "1756452400227315992",
      "t" : 1756452400227,
      "tn" : 1756452400227315992,
      "q" : "250.0",
      "p" : "0.5706",
      "s" : "sell",
      "i" : "APE_USD",
      "m" : "4611686018430873878"
    }, {
      "d" : "1756452357339544804",
      "t" : 1756452357339,
      "tn" : 1756452357339544804,
      "q" : "2.1",
      "p" : "0.5713",
      "s" : "sell",
      "i" : "APE_USD",
      "m" : "4611686018430873877"
    }, {
      "d" : "1756451958403667691",
      "t" : 1756451958403,
      "tn" : 1756451958403667691,
      "q" : "2.1",
      "p" : "0.5715",
      "s" : "buy",
      "i" : "APE_USD",
      "m" : "4611686018430873876"
    }, {
      "d" : "1756451946100758535",
      "t" : 1756451946100,
      "tn" : 1756451946100758535,
      "q" : "2.1",
      "p" : "0.5724",
      "s" : "sell",
      "i" : "APE_USD",
      "m" : "4611686018430873875"
    }, {
      "d" : "1756451833258768215",
      "t" : 1756451833258,
      "tn" : 1756451833258768215,
      "q" : "249.4",
      "p" : "0.5720",
      "s" : "buy",
      "i" : "APE_USD",
      "m" : "4611686018430873874"
    }, {
      "d" : "1756451667117328049",
      "t" : 1756451667117,
      "tn" : 1756451667117328049,
      "q" : "242.2",
      "p" : "0.5706",
      "s" : "sell",
      "i" : "APE_USD",
      "m" : "4611686018430873873"
    }, {
      "d" : "1756451667081575752",
      "t" : 1756451667081,
      "tn" : 1756451667081575752,
      "q" : "7.8",
      "p" : "0.5706",
      "s" : "sell",
      "i" : "APE_USD",
      "m" : "4611686018430873872"
    }, {
      "d" : "1756451609913943606",
      "t" : 1756451609913,
      "tn" : 1756451609913943606,
      "q" : "2.1",
      "p" : "0.5721",
      "s" : "buy",
      "i" : "APE_USD",
      "m" : "4611686018430873871"
    }, {
      "d" : "1756451609913070216",
      "t" : 1756451609913,
      "tn" : 1756451609913070216,
      "q" : "67.3",
      "p" : "0.5720",
      "s" : "sell",
      "i" : "APE_USD",
      "m" : "4611686018430873870"
    }, {
      "d" : "1756451609870894497",
      "t" : 1756451609870,
      "tn" : 1756451609870894497,
      "q" : "152.3",
      "p" : "0.5720",
      "s" : "sell",
      "i" : "APE_USD",
      "m" : "4611686018430873869"
    }, {
      "d" : "1756451609870892966",
      "t" : 1756451609870,
      "tn" : 1756451609870892966,
      "q" : "147.7",
      "p" : "0.5721",
      "s" : "sell",
      "i" : "APE_USD",
      "m" : "4611686018430873868"
    }, {
      "d" : "1756451609870194726",
      "t" : 1756451609870,
      "tn" : 1756451609870194726,
      "q" : "27.0",
      "p" : "0.5721",
      "s" : "sell",
      "i" : "APE_USD",
      "m" : "4611686018430873867"
    }, {
      "d" : "1756451609864509514",
      "t" : 1756451609864,
      "tn" : 1756451609864509514,
      "q" : "30.4",
      "p" : "0.5720",
      "s" : "sell",
      "i" : "APE_USD",
      "m" : "4611686018430873866"
    }, {
      "d" : "1756451609860391834",
      "t" : 1756451609860,
      "tn" : 1756451609860391834,
      "q" : "96.1",
      "p" : "0.5734",
      "s" : "sell",
      "i" : "APE_USD",
      "m" : "4611686018430873865"
    }, {
      "d" : "1756451609856996124",
      "t" : 1756451609856,
      "tn" : 1756451609856996123,
      "q" : "95.2",
      "p" : "0.5734",
      "s" : "sell",
      "i" : "APE_USD",
      "m" : "4611686018430873864"
    }, {
      "d" : "1756451609856996123",
      "t" : 1756451609856,
      "tn" : 1756451609856996123,
      "q" : "250.0",
      "p" : "0.5734",
      "s" : "sell",
      "i" : "APE_USD",
      "m" : "4611686018430873864"
    }, {
      "d" : "1756451609856992814",
      "t" : 1756451609856,
      "tn" : 1756451609856992814,
      "q" : "523.0",
      "p" : "0.5735",
      "s" : "sell",
      "i" : "APE_USD",
      "m" : "4611686018430873863"
    }, {
      "d" : "1756451609856671155",
      "t" : 1756451609856,
      "tn" : 1756451609856671155,
      "q" : "2.1",
      "p" : "0.5737",
      "s" : "sell",
      "i" : "APE_USD",
      "m" : "4611686018430873862"
    }, {
      "d" : "1756451548362002017",
      "t" : 1756451548362,
      "tn" : 1756451548362002017,
      "q" : "250.0",
      "p" : "0.5748",
      "s" : "sell",
      "i" : "APE_USD",
      "m" : "4611686018430873861"
    }, {
      "d" : "1756451277463524523",
      "t" : 1756451277463,
      "tn" : 1756451277463524523,
      "q" : "250.0",
      "p" : "0.5762",
      "s" : "sell",
      "i" : "APE_USD",
      "m" : "4611686018430873860"
    }, {
      "d" : "1756451220348411946",
      "t" : 1756451220348,
      "tn" : 1756451220348411946,
      "q" : "263.4",
      "p" : "0.5768",
      "s" : "sell",
      "i" : "APE_USD",
      "m" : "4611686018430873859"
    }, {
      "d" : "1756451220348409423",
      "t" : 1756451220348,
      "tn" : 1756451220348409422,
      "q" : "2.1",
      "p" : "0.5769",
      "s" : "sell",
      "i" : "APE_USD",
      "m" : "4611686018430873858"
    }, {
      "d" : "1756451220348409422",
      "t" : 1756451220348,
      "tn" : 1756451220348409422,
      "q" : "79.7",
      "p" : "0.5769",
      "s" : "sell",
      "i" : "APE_USD",
      "m" : "4611686018430873858"
    }, {
      "d" : "1756451208599995612",
      "t" : 1756451208599,
      "tn" : 1756451208599995612,
      "q" : "246.5",
      "p" : "0.5776",
      "s" : "sell",
      "i" : "APE_USD",
      "m" : "4611686018430873857"
    }, {
      "d" : "1756451208571438050",
      "t" : 1756451208571,
      "tn" : 1756451208571438050,
      "q" : "3.5",
      "p" : "0.5776",
      "s" : "sell",
      "i" : "APE_USD",
      "m" : "4611686018430873856"
    }, {
      "d" : "1756451167499549462",
      "t" : 1756451167499,
      "tn" : 1756451167499549462,
      "q" : "95.7",
      "p" : "0.5777",
      "s" : "buy",
      "i" : "APE_USD",
      "m" : "4611686018430873855"
    }, {
      "d" : "1756451165835354229",
      "t" : 1756451165835,
      "tn" : 1756451165835354229,
      "q" : "2.1",
      "p" : "0.5777",
      "s" : "sell",
      "i" : "APE_USD",
      "m" : "4611686018430873854"
    }, {
      "d" : "1756451045033178279",
      "t" : 1756451045033,
      "tn" : 1756451045033178279,
      "q" : "249.4",
      "p" : "0.5790",
      "s" : "buy",
      "i" : "APE_USD",
      "m" : "4611686018430873853"
    }, {
      "d" : "1756450947565172590",
      "t" : 1756450947565,
      "tn" : 1756450947565172590,
      "q" : "250.0",
      "p" : "0.5776",
      "s" : "sell",
      "i" : "APE_USD",
      "m" : "4611686018430873852"
    }, {
      "d" : "1756450946869728384",
      "t" : 1756450946869,
      "tn" : 1756450946869728384,
      "q" : "172.8",
      "p" : "0.5785",
      "s" : "sell",
      "i" : "APE_USD",
      "m" : "4611686018430873851"
    }, {
      "d" : "1756450946730520652",
      "t" : 1756450946730,
      "tn" : 1756450946730520652,
      "q" : "250.0",
      "p" : "0.5790",
      "s" : "sell",
      "i" : "APE_USD",
      "m" : "4611686018430873850"
    }, {
      "d" : "1756450895413383438",
      "t" : 1756450895413,
      "tn" : 1756450895413383438,
      "q" : "250.0",
      "p" : "0.5804",
      "s" : "sell",
      "i" : "APE_USD",
      "m" : "4611686018430873849"
    }, {
      "d" : "1756450793399441864",
      "t" : 1756450793399,
      "tn" : 1756450793399441864,
      "q" : "250.0",
      "p" : "0.5819",
      "s" : "sell",
      "i" : "APE_USD",
      "m" : "4611686018430873848"
    }, {
      "d" : "1756450462637298053",
      "t" : 1756450462637,
      "tn" : 1756450462637298053,
      "q" : "31.2",
      "p" : "0.5833",
      "s" : "buy",
      "i" : "APE_USD",
      "m" : "4611686018430873847"
    }, {
      "d" : "1756450395099223235",
      "t" : 1756450395099,
      "tn" : 1756450395099223235,
      "q" : "250.0",
      "p" : "0.5834",
      "s" : "sell",
      "i" : "APE_USD",
      "m" : "4611686018430873846"
    }, {
      "d" : "1756450215313864212",
      "t" : 1756450215313,
      "tn" : 1756450215313864212,
      "q" : "2.1",
      "p" : "0.5845",
      "s" : "sell",
      "i" : "APE_USD",
      "m" : "4611686018430873845"
    }, {
      "d" : "1756450215182078020",
      "t" : 1756450215182,
      "tn" : 1756450215182078020,
      "q" : "2.1",
      "p" : "0.5849",
      "s" : "sell",
      "i" : "APE_USD",
      "m" : "4611686018430873844"
    }, {
      "d" : "1756450208496628771",
      "t" : 1756450208496,
      "tn" : 1756450208496628771,
      "q" : "28.6",
      "p" : "0.5847",
      "s" : "sell",
      "i" : "APE_USD",
      "m" : "4611686018430873843"
    }, {
      "d" : "1756450208487499240",
      "t" : 1756450208487,
      "tn" : 1756450208487499240,
      "q" : "242.2",
      "p" : "0.5847",
      "s" : "sell",
      "i" : "APE_USD",
      "m" : "4611686018430873842"
    }, {
      "d" : "1756450194361567703",
      "t" : 1756450194361,
      "tn" : 1756450194361567703,
      "q" : "2.0",
      "p" : "0.5848",
      "s" : "sell",
      "i" : "APE_USD",
      "m" : "4611686018430873841"
    }, {
      "d" : "1756450194361565965",
      "t" : 1756450194361,
      "tn" : 1756450194361565965,
      "q" : "242.1",
      "p" : "0.5849",
      "s" : "sell",
      "i" : "APE_USD",
      "m" : "4611686018430873840"
    }, {
      "d" : "1756450191778407865",
      "t" : 1756450191778,
      "tn" : 1756450191778407865,
      "q" : "2.1",
      "p" : "0.5850",
      "s" : "sell",
      "i" : "APE_USD",
      "m" : "4611686018430873839"
    }, {
      "d" : "1756450191242403877",
      "t" : 1756450191242,
      "tn" : 1756450191242403877,
      "q" : "7.9",
      "p" : "0.5849",
      "s" : "sell",
      "i" : "APE_USD",
      "m" : "4611686018430873838"
    }, {
      "d" : "1756450190560303142",
      "t" : 1756450190560,
      "tn" : 1756450190560303142,
      "q" : "19.1",
      "p" : "0.5850",
      "s" : "sell",
      "i" : "APE_USD",
      "m" : "4611686018430873837"
    }, {
      "d" : "1756450186080440897",
      "t" : 1756450186080,
      "tn" : 1756450186080440896,
      "q" : "2.1",
      "p" : "0.5850",
      "s" : "sell",
      "i" : "APE_USD",
      "m" : "4611686018430873836"
    }, {
      "d" : "1756450186080440896",
      "t" : 1756450186080,
      "tn" : 1756450186080440896,
      "q" : "24.7",
      "p" : "0.5850",
      "s" : "sell",
      "i" : "APE_USD",
      "m" : "4611686018430873836"
    }, {
      "d" : "1756450183592688047",
      "t" : 1756450183592,
      "tn" : 1756450183592688047,
      "q" : "2.1",
      "p" : "0.5852",
      "s" : "sell",
      "i" : "APE_USD",
      "m" : "4611686018430873835"
    }, {
      "d" : "1756450181199519776",
      "t" : 1756450181199,
      "tn" : 1756450181199519776,
      "q" : "2.1",
      "p" : "0.5852",
      "s" : "sell",
      "i" : "APE_USD",
      "m" : "4611686018430873834"
    }, {
      "d" : "1756450177782396703",
      "t" : 1756450177782,
      "tn" : 1756450177782396703,
      "q" : "2.1",
      "p" : "0.5852",
      "s" : "sell",
      "i" : "APE_USD",
      "m" : "4611686018430873833"
    }, {
      "d" : "1756450149763330353",
      "t" : 1756450149763,
      "tn" : 1756450149763330353,
      "q" : "2.1",
      "p" : "0.5854",
      "s" : "sell",
      "i" : "APE_USD",
      "m" : "4611686018430873832"
    }, {
      "d" : "1756450140319957348",
      "t" : 1756450140319,
      "tn" : 1756450140319957347,
      "q" : "2.0",
      "p" : "0.5854",
      "s" : "sell",
      "i" : "APE_USD",
      "m" : "4611686018430873831"
    }, {
      "d" : "1756450140319957347",
      "t" : 1756450140319,
      "tn" : 1756450140319957347,
      "q" : "69.2",
      "p" : "0.5854",
      "s" : "sell",
      "i" : "APE_USD",
      "m" : "4611686018430873831"
    }, {
      "d" : "1756450126561392863",
      "t" : 1756450126561,
      "tn" : 1756450126561392863,
      "q" : "2.1",
      "p" : "0.5856",
      "s" : "sell",
      "i" : "APE_USD",
      "m" : "4611686018430873830"
    }, {
      "d" : "1756449966584698345",
      "t" : 1756449966584,
      "tn" : 1756449966584698345,
      "q" : "2.1",
      "p" : "0.5858",
      "s" : "buy",
      "i" : "APE_USD",
      "m" : "4611686018430873829"
    }, {
      "d" : "1756449952349853197",
      "t" : 1756449952349,
      "tn" : 1756449952349853197,
      "q" : "73.2",
      "p" : "0.5858",
      "s" : "sell",
      "i" : "APE_USD",
      "m" : "4611686018430873828"
    }, {
      "d" : "1756449942973088091",
      "t" : 1756449942973,
      "tn" : 1756449942973088091,
      "q" : "73.2",
      "p" : "0.5860",
      "s" : "sell",
      "i" : "APE_USD",
      "m" : "4611686018430873827"
    }, {
      "d" : "1756449929608427885",
      "t" : 1756449929608,
      "tn" : 1756449929608427885,
      "q" : "39.0",
      "p" : "0.5864",
      "s" : "sell",
      "i" : "APE_USD",
      "m" : "4611686018430873826"
    }, {
      "d" : "1756449921780096166",
      "t" : 1756449921780,
      "tn" : 1756449921780096166,
      "q" : "249.4",
      "p" : "0.5864",
      "s" : "buy",
      "i" : "APE_USD",
      "m" : "4611686018430873825"
    }, {
      "d" : "1756449728972730647",
      "t" : 1756449728972,
      "tn" : 1756449728972730647,
      "q" : "2.1",
      "p" : "0.5851",
      "s" : "buy",
      "i" : "APE_USD",
      "m" : "4611686018430873824"
    }, {
      "d" : "1756449728971113727",
      "t" : 1756449728971,
      "tn" : 1756449728971113727,
      "q" : "249.4",
      "p" : "0.5849",
      "s" : "buy",
      "i" : "APE_USD",
      "m" : "4611686018430873823"
    }, {
      "d" : "1756449606032215659",
      "t" : 1756449606032,
      "tn" : 1756449606032215658,
      "q" : "76.4",
      "p" : "0.5822",
      "s" : "sell",
      "i" : "APE_USD",
      "m" : "4611686018430873822"
    }, {
      "d" : "1756449606032215658",
      "t" : 1756449606032,
      "tn" : 1756449606032215658,
      "q" : "135.2",
      "p" : "0.5822",
      "s" : "sell",
      "i" : "APE_USD",
      "m" : "4611686018430873822"
    }, {
      "d" : "1756449606030447338",
      "t" : 1756449606030,
      "tn" : 1756449606030447338,
      "q" : "2.1",
      "p" : "0.5823",
      "s" : "sell",
      "i" : "APE_USD",
      "m" : "4611686018430873821"
    }, {
      "d" : "1756449603377817534",
      "t" : 1756449603377,
      "tn" : 1756449603377817534,
      "q" : "250.0",
      "p" : "0.5834",
      "s" : "sell",
      "i" : "APE_USD",
      "m" : "4611686018430873820"
    }, {
      "d" : "1756449572943128096",
      "t" : 1756449572943,
      "tn" : 1756449572943128096,
      "q" : "107.1",
      "p" : "0.5849",
      "s" : "sell",
      "i" : "APE_USD",
      "m" : "4611686018430873819"
    }, {
      "d" : "1756449572933805586",
      "t" : 1756449572933,
      "tn" : 1756449572933805586,
      "q" : "35.8",
      "p" : "0.5849",
      "s" : "sell",
      "i" : "APE_USD",
      "m" : "4611686018430873818"
    }, {
      "d" : "1756449572772835057",
      "t" : 1756449572772,
      "tn" : 1756449572772835057,
      "q" : "107.1",
      "p" : "0.5849",
      "s" : "sell",
      "i" : "APE_USD",
      "m" : "4611686018430873817"
    }, {
      "d" : "1756449532768447372",
      "t" : 1756449532768,
      "tn" : 1756449532768447372,
      "q" : "20.5",
      "p" : "0.5861",
      "s" : "buy",
      "i" : "APE_USD",
      "m" : "4611686018430873816"
    }, {
      "d" : "1756449530153408020",
      "t" : 1756449530153,
      "tn" : 1756449530153408020,
      "q" : "42.7",
      "p" : "0.5860",
      "s" : "sell",
      "i" : "APE_USD",
      "m" : "4611686018430873815"
    }, {
      "d" : "1756449529828979974",
      "t" : 1756449529828,
      "tn" : 1756449529828979974,
      "q" : "2.1",
      "p" : "0.5859",
      "s" : "buy",
      "i" : "APE_USD",
      "m" : "4611686018430873814"
    }, {
      "d" : "1756449441803277737",
      "t" : 1756449441803,
      "tn" : 1756449441803277737,
      "q" : "39.4",
      "p" : "0.5866",
      "s" : "sell",
      "i" : "APE_USD",
      "m" : "4611686018430873813"
    }, {
      "d" : "1756449179608799150",
      "t" : 1756449179608,
      "tn" : 1756449179608799150,
      "q" : "2.1",
      "p" : "0.5864",
      "s" : "buy",
      "i" : "APE_USD",
      "m" : "4611686018430873812"
    }, {
      "d" : "1756448524503570004",
      "t" : 1756448524503,
      "tn" : 1756448524503570004,
      "q" : "250.0",
      "p" : "0.5864",
      "s" : "sell",
      "i" : "APE_USD",
      "m" : "4611686018430873811"
    }, {
      "d" : "1756448097003798726",
      "t" : 1756448097003,
      "tn" : 1756448097003798726,
      "q" : "250.0",
      "p" : "0.5879",
      "s" : "sell",
      "i" : "APE_USD",
      "m" : "4611686018430873810"
    }, {
      "d" : "1756448064072583392",
      "t" : 1756448064072,
      "tn" : 1756448064072583392,
      "q" : "6.1",
      "p" : "0.5892",
      "s" : "sell",
      "i" : "APE_USD",
      "m" : "4611686018430873809"
    }, {
      "d" : "1756448016012976645",
      "t" : 1756448016012,
      "tn" : 1756448016012976645,
      "q" : "2.1",
      "p" : "0.5889",
      "s" : "buy",
      "i" : "APE_USD",
      "m" : "4611686018430873808"
    }, {
      "d" : "1756447791670179265",
      "t" : 1756447791670,
      "tn" : 1756447791670179265,
      "q" : "1.7",
      "p" : "0.5894",
      "s" : "sell",
      "i" : "APE_USD",
      "m" : "4611686018430873807"
    }, {
      "d" : "1756447639050522879",
      "t" : 1756447639050,
      "tn" : 1756447639050522879,
      "q" : "2.1",
      "p" : "0.5901",
      "s" : "buy",
      "i" : "APE_USD",
      "m" : "4611686018430873806"
    }, {
      "d" : "1756447577378377752",
      "t" : 1756447577378,
      "tn" : 1756447577378377752,
      "q" : "250.0",
      "p" : "0.5894",
      "s" : "sell",
      "i" : "APE_USD",
      "m" : "4611686018430873805"
    }, {
      "d" : "1756447287766659630",
      "t" : 1756447287766,
      "tn" : 1756447287766659630,
      "q" : "506.9",
      "p" : "0.5917",
      "s" : "sell",
      "i" : "APE_USD",
      "m" : "4611686018430873804"
    }, {
      "d" : "1756446797360345830",
      "t" : 1756446797360,
      "tn" : 1756446797360345830,
      "q" : "250.0",
      "p" : "0.5909",
      "s" : "sell",
      "i" : "APE_USD",
      "m" : "4611686018430873803"
    }, {
      "d" : "1756446453051322997",
      "t" : 1756446453051,
      "tn" : 1756446453051322997,
      "q" : "249.4",
      "p" : "0.5924",
      "s" : "buy",
      "i" : "APE_USD",
      "m" : "4611686018430873802"
    }, {
      "d" : "1756446243172173187",
      "t" : 1756446243172,
      "tn" : 1756446243172173187,
      "q" : "19.0",
      "p" : "0.5921",
      "s" : "sell",
      "i" : "APE_USD",
      "m" : "4611686018430873801"
    }, {
      "d" : "1756445403291849561",
      "t" : 1756445403291,
      "tn" : 1756445403291849561,
      "q" : "0.9",
      "p" : "0.5909",
      "s" : "buy",
      "i" : "APE_USD",
      "m" : "4611686018430873800"
    }, {
      "d" : "1756445403291847016",
      "t" : 1756445403291,
      "tn" : 1756445403291847016,
      "q" : "2.1",
      "p" : "0.5908",
      "s" : "buy",
      "i" : "APE_USD",
      "m" : "4611686018430873799"
    }, {
      "d" : "1756445258772851193",
      "t" : 1756445258772,
      "tn" : 1756445258772851193,
      "q" : "2.1",
      "p" : "0.5895",
      "s" : "buy",
      "i" : "APE_USD",
      "m" : "4611686018430873798"
    }, {
      "d" : "1756445105558613676",
      "t" : 1756445105558,
      "tn" : 1756445105558613676,
      "q" : "2.1",
      "p" : "0.5900",
      "s" : "buy",
      "i" : "APE_USD",
      "m" : "4611686018430873797"
    }, {
      "d" : "1756445095539667631",
      "t" : 1756445095539,
      "tn" : 1756445095539667631,
      "q" : "2.1",
      "p" : "0.5901",
      "s" : "buy",
      "i" : "APE_USD",
      "m" : "4611686018430873796"
    }, {
      "d" : "1756444674035470487",
      "t" : 1756444674035,
      "tn" : 1756444674035470487,
      "q" : "4.6",
      "p" : "0.5895",
      "s" : "buy",
      "i" : "APE_USD",
      "m" : "4611686018430873795"
    }, {
      "d" : "1756444113226080081",
      "t" : 1756444113226,
      "tn" : 1756444113226080081,
      "q" : "2.1",
      "p" : "0.5910",
      "s" : "buy",
      "i" : "APE_USD",
      "m" : "4611686018430873794"
    }, {
      "d" : "1756443360808056384",
      "t" : 1756443360808,
      "tn" : 1756443360808056384,
      "q" : "250.0",
      "p" : "0.5909",
      "s" : "sell",
      "i" : "APE_USD",
      "m" : "4611686018430873793"
    }, {
      "d" : "1756443153135996400",
      "t" : 1756443153135,
      "tn" : 1756443153135996400,
      "q" : "52.4",
      "p" : "0.5932",
      "s" : "sell",
      "i" : "APE_USD",
      "m" : "4611686018430873792"
    }, {
      "d" : "1756442956883292972",
      "t" : 1756442956883,
      "tn" : 1756442956883292971,
      "q" : "48.3",
      "p" : "0.5930",
      "s" : "buy",
      "i" : "APE_USD",
      "m" : "4611686018430873791"
    }, {
      "d" : "1756442956883292971",
      "t" : 1756442956883,
      "tn" : 1756442956883292971,
      "q" : "2.1",
      "p" : "0.5930",
      "s" : "buy",
      "i" : "APE_USD",
      "m" : "4611686018430873791"
    }, {
      "d" : "1756442956589035417",
      "t" : 1756442956589,
      "tn" : 1756442956589035417,
      "q" : "3.7",
      "p" : "0.5923",
      "s" : "buy",
      "i" : "APE_USD",
      "m" : "4611686018430873790"
    }, {
      "d" : "1756442956588892891",
      "t" : 1756442956588,
      "tn" : 1756442956588892891,
      "q" : "2.1",
      "p" : "0.5922",
      "s" : "buy",
      "i" : "APE_USD",
      "m" : "4611686018430873789"
    }, {
      "d" : "1756442893764047052",
      "t" : 1756442893764,
      "tn" : 1756442893764047052,
      "q" : "18.1",
      "p" : "0.5936",
      "s" : "buy",
      "i" : "APE_USD",
      "m" : "4611686018430873788"
    }, {
      "d" : "1756442893481954667",
      "t" : 1756442893481,
      "tn" : 1756442893481954667,
      "q" : "96.6",
      "p" : "0.5927",
      "s" : "buy",
      "i" : "APE_USD",
      "m" : "4611686018430873787"
    }, {
      "d" : "1756442872464947959",
      "t" : 1756442872464,
      "tn" : 1756442872464947959,
      "q" : "250.0",
      "p" : "0.5924",
      "s" : "sell",
      "i" : "APE_USD",
      "m" : "4611686018430873786"
    }, {
      "d" : "1756442597117961656",
      "t" : 1756442597117,
      "tn" : 1756442597117961656,
      "q" : "249.4",
      "p" : "0.5939",
      "s" : "buy",
      "i" : "APE_USD",
      "m" : "4611686018430873785"
    }, {
      "d" : "1756441226598332334",
      "t" : 1756441226598,
      "tn" : 1756441226598332334,
      "q" : "249.4",
      "p" : "0.5924",
      "s" : "buy",
      "i" : "APE_USD",
      "m" : "4611686018430873784"
    }, {
      "d" : "1756440446642086913",
      "t" : 1756440446642,
      "tn" : 1756440446642086913,
      "q" : "1.7",
      "p" : "0.5903",
      "s" : "sell",
      "i" : "APE_USD",
      "m" : "4611686018430873783"
    }, {
      "d" : "1756440404462283173",
      "t" : 1756440404462,
      "tn" : 1756440404462283173,
      "q" : "250.0",
      "p" : "0.5909",
      "s" : "sell",
      "i" : "APE_USD",
      "m" : "4611686018430873782"
    }, {
      "d" : "1756440330927680032",
      "t" : 1756440330927,
      "tn" : 1756440330927680032,
      "q" : "42.7",
      "p" : "0.5918",
      "s" : "buy",
      "i" : "APE_USD",
      "m" : "4611686018430873781"
    }, {
      "d" : "1756440270853119722",
      "t" : 1756440270853,
      "tn" : 1756440270853119722,
      "q" : "250.0",
      "p" : "0.5924",
      "s" : "sell",
      "i" : "APE_USD",
      "m" : "4611686018430873780"
    }, {
      "d" : "1756440227687569070",
      "t" : 1756440227687,
      "tn" : 1756440227687569070,
      "q" : "806.6",
      "p" : "0.5930",
      "s" : "buy",
      "i" : "APE_USD",
      "m" : "4611686018430873779"
    }, {
      "d" : "1756440132856465960",
      "t" : 1756440132856,
      "tn" : 1756440132856465960,
      "q" : "943.5",
      "p" : "0.5933",
      "s" : "buy",
      "i" : "APE_USD",
      "m" : "4611686018430873778"
    }, {
      "d" : "1756439730616045750",
      "t" : 1756439730616,
      "tn" : 1756439730616045750,
      "q" : "2.1",
      "p" : "0.5944",
      "s" : "sell",
      "i" : "APE_USD",
      "m" : "4611686018430873777"
    }, {
      "d" : "1756439425718725345",
      "t" : 1756439425718,
      "tn" : 1756439425718725345,
      "q" : "132.5",
      "p" : "0.5935",
      "s" : "buy",
      "i" : "APE_USD",
      "m" : "4611686018430873776"
    }, {
      "d" : "1756439425718723153",
      "t" : 1756439425718,
      "tn" : 1756439425718723153,
      "q" : "2.1",
      "p" : "0.5934",
      "s" : "buy",
      "i" : "APE_USD",
      "m" : "4611686018430873775"
    }, {
      "d" : "1756439076971373114",
      "t" : 1756439076971,
      "tn" : 1756439076971373114,
      "q" : "2.1",
      "p" : "0.5936",
      "s" : "buy",
      "i" : "APE_USD",
      "m" : "4611686018430873774"
    } ]
  }
}