{
  "id" : -1,
  "method" : "public/get-trades",
  "code" : 0,
  "result" : {
    "data" : [ {
      "d" : "1756459994092879454",
      "t" : 1756459994092,
      "tn" : 1756459994092879454,
      "q" : "300.0",
      "p" : "0.5644",
      "s" : "sell",
      "i" : "APE_USDT",
      "m" : "4611686018431034595"
    }, {
      "d" : "1756459364821263985",
      "t" : 1756459364821,
      "tn" : 1756459364821263985,
      "q" : "178.5",
      "p" : "0.5643",
      "s" : "sell",
      "i" : "APE_USDT",
      "m" : "4611686018431034594"
    }, {
      "d" : "1756459364821261953",
      "t" : 1756459364821,
      "tn" : 1756459364821261953,
      "q" : "63.7",
      "p" : "0.5647",
      "s" : "sell",
      "i" : "APE_USDT",
      "m" : "4611686018431034593"
    }, {
      "d" : "1756459364821259076",
      "t" : 1756459364821,
      "tn" : 1756459364821259076,
      "q" : "55.7",
      "p" : "0.5648",
      "s" : "sell",
      "i" : "APE_USDT",
      "m" : "4611686018431034592"
    }, {
      "d" : "1756459364821256972",
      "t" : 1756459364821,
      "tn" : 1756459364821256972,
      "q" : "2.1",
      "p" : "0.5650",
      "s" : "sell",
      "i" : "APE_USDT",
      "m" : "4611686018431034591"
    }, {
      "d" : "1756459020315743943",
      "t" : 1756459020315,
      "tn" : 1756459020315743943,
      "q" : "233.9",
      "p" : "0.5621",
      "s" : "sell",
      "i" : "APE_USDT",
      "m" : "4611686018431034590"
    }, {
      "d" : "1756459020315741926",
      "t" : 1756459020315,
      "tn" : 1756459020315741926,
      "q" : "64.0",
      "p" : "0.5624",
      "s" : "sell",
      "i" : "APE_USDT",
      "m" : "4611686018431034589"
    }, {
      "d" : "1756459020315739252",
      "t" : 1756459020315,
      "tn" : 1756459020315739252,
      "q" : "2.1",
      "p" : "0.5625",
      "s" : "sell",
      "i" : "APE_USDT",
      "m" : "4611686018431034588"
    }, {
      "d" : "1756458381552959110",
      "t" : 1756458381552,
      "tn" : 1756458381552959110,
      "q" : "2.1",
      "p" : "0.5611",
      "s" : "sell",
      "i" : "APE_USDT",
      "m" : "4611686018431034587"
    }, {
      "d" : "1756458218977317170",
      "t" : 1756458218977,
      "tn" : 1756458218977317170,
      "q" : "535.1",
      "p" : "0.5604",
      "s" : "sell",
      "i" : "APE_USDT",
      "m" : "4611686018431034586"
    }, {
      "d" : "1756458218977314619",
      "t" : 1756458218977,
      "tn" : 1756458218977314619,
      "q" : "2.1",
      "p" : "0.5606",
      "s" : "sell",
      "i" : "APE_USDT",
      "m" : "4611686018431034585"
    }, {
      "d" : "1756458164997494925",
      "t" : 1756458164997,
      "tn" : 1756458164997494925,
      "q" : "2.1",
      "p" : "0.5614",
      "s" : "sell",
      "i" : "APE_USDT",
      "m" : "4611686018431034584"
    }, {
      "d" : "1756458161757568390",
      "t" : 1756458161757,
      "tn" : 1756458161757568390,
      "q" : "2.1",
      "p" : "0.5614",
      "s" : "sell",
      "i" : "APE_USDT",
      "m" : "4611686018431034583"
    }, {
      "d" : "1756458158760453423",
      "t" : 1756458158760,
      "tn" : 1756458158760453423,
      "q" : "2.1",
      "p" : "0.5615",
      "s" : "sell",
      "i" : "APE_USDT",
      "m" : "4611686018431034582"
    }, {
      "d" : "1756458154831393099",
      "t" : 1756458154831,
      "tn" : 1756458154831393099,
      "q" : "2.1",
      "p" : "0.5619",
      "s" : "sell",
      "i" : "APE_USDT",
      "m" : "4611686018431034581"
    }, {
      "d" : "1756458142423071197",
      "t" : 1756458142423,
      "tn" : 1756458142423071197,
      "q" : "2.1",
      "p" : "0.5625",
      "s" : "sell",
      "i" : "APE_USDT",
      "m" : "4611686018431034580"
    }, {
      "d" : "1756458077463669714",
      "t" : 1756458077463,
      "tn" : 1756458077463669714,
      "q" : "69.5",
      "p" : "0.5629",
      "s" : "sell",
      "i" : "APE_USDT",
      "m" : "4611686018431034579"
    }, {
      "d" : "1756458077463667735",
      "t" : 1756458077463,
      "tn" : 1756458077463667735,
      "q" : "2.1",
      "p" : "0.5632",
      "s" : "sell",
      "i" : "APE_USDT",
      "m" : "4611686018431034578"
    }, {
      "d" : "1756458069756240356",
      "t" : 1756458069756,
      "tn" : 1756458069756240356,
      "q" : "69.4",
      "p" : "0.5631",
      "s" : "sell",
      "i" : "APE_USDT",
      "m" : "4611686018431034577"
    }, {
      "d" : "1756458069756238586",
      "t" : 1756458069756,
      "tn" : 1756458069756238586,
      "q" : "2.1",
      "p" : "0.5634",
      "s" : "sell",
      "i" : "APE_USDT",
      "m" : "4611686018431034576"
    }, {
      "d" : "1756458048941291115",
      "t" : 1756458048941,
      "tn" : 1756458048941291115,
      "q" : "2.1",
      "p" : "0.5635",
      "s" : "sell",
      "i" : "APE_USDT",
      "m" : "4611686018431034575"
    }, {
      "d" : "1756457967388963004",
      "t" : 1756457967388,
      "tn" : 1756457967388963004,
      "q" : "69.3",
      "p" : "0.5639",
      "s" : "sell",
      "i" : "APE_USDT",
      "m" : "4611686018431034574"
    }, {
      "d" : "1756457967388961213",
      "t" : 1756457967388,
      "tn" : 1756457967388961213,
      "q" : "2.1",
      "p" : "0.5641",
      "s" : "sell",
      "i" : "APE_USDT",
      "m" : "4611686018431034573"
    }, {
      "d" : "1756457958130704775",
      "t" : 1756457958130,
      "tn" : 1756457958130704775,
      "q" : "158.7",
      "p" : "0.5639",
      "s" : "sell",
      "i" : "APE_USDT",
      "m" : "4611686018431034572"
    }, {
      "d" : "1756457958130702522",
      "t" : 1756457958130,
      "tn" : 1756457958130702522,
      "q" : "2.1",
      "p" : "0.5642",
      "s" : "sell",
      "i" : "APE_USDT",
      "m" : "4611686018431034571"
    }, {
      "d" : "1756457949305206226",
      "t" : 1756457949305,
      "tn" : 1756457949305206226,
      "q" : "69.3",
      "p" : "0.5641",
      "s" : "sell",
      "i" : "APE_USDT",
      "m" : "4611686018431034570"
    }, {
      "d" : "1756457949305203877",
      "t" : 1756457949305,
      "tn" : 1756457949305203877,
      "q" : "2.1",
      "p" : "0.5642",
      "s" : "sell",
      "i" : "APE_USDT",
      "m" : "4611686018431034569"
    }, {
      "d" : "1756457858284891090",
      "t" : 1756457858284,
      "tn" : 1756457858284891090,
      "q" : "2.1",
      "p" : "0.5637",
      "s" : "sell",
      "i" : "APE_USDT",
      "m" : "4611686018431034568"
    }, {
      "d" : "1756457847897559062",
      "t" : 1756457847897,
      "tn" : 1756457847897559062,
      "q" : "159.0",
      "p" : "0.5631",
      "s" : "sell",
      "i" : "APE_USDT",
      "m" : "4611686018431034567"
    }, {
      "d" : "1756457847894263294",
      "t" : 1756457847894,
      "tn" : 1756457847894263294,
      "q" : "77.2",
      "p" : "0.5631",
      "s" : "sell",
      "i" : "APE_USDT",
      "m" : "4611686018431034566"
    }, {
      "d" : "1756457847894261380",
      "t" : 1756457847894,
      "tn" : 1756457847894261380,
      "q" : "63.8",
      "p" : "0.5634",
      "s" : "sell",
      "i" : "APE_USDT",
      "m" : "4611686018431034565"
    }, {
      "d" : "1756457839458718856",
      "t" : 1756457839458,
      "tn" : 1756457839458718855,
      "q" : "10.1",
      "p" : "0.5645",
      "s" : "buy",
      "i" : "APE_USDT",
      "m" : "4611686018431034564"
    }, {
      "d" : "1756457839458718855",
      "t" : 1756457839458,
      "tn" : 1756457839458718855,
      "q" : "33.0",
      "p" : "0.5645",
      "s" : "buy",
      "i" : "APE_USDT",
      "m" : "4611686018431034564"
    }, {
      "d" : "1756457839458714732",
      "t" : 1756457839458,
      "tn" : 1756457839458714732,
      "q" : "2.1",
      "p" : "0.5643",
      "s" : "buy",
      "i" : "APE_USDT",
      "m" : "4611686018431034563"
    }, {
      "d" : "1756457738053747292",
      "t" : 1756457738053,
      "tn" : 1756457738053747292,
      "q" : "17.8",
      "p" : "0.5647",
      "s" : "sell",
      "i" : "APE_USDT",
      "m" : "4611686018431034562"
    }, {
      "d" : "1756457738052513435",
      "t" : 1756457738052,
      "tn" : 1756457738052513435,
      "q" : "2.1",
      "p" : "0.5648",
      "s" : "sell",
      "i" : "APE_USDT",
      "m" : "4611686018431034561"
    }, {
      "d" : "1756457736925252071",
      "t" : 1756457736925,
      "tn" : 1756457736925252071,
      "q" : "2.1",
      "p" : "0.5649",
      "s" : "sell",
      "i" : "APE_USDT",
      "m" : "4611686018431034560"
    }, {
      "d" : "1756457682007904844",
      "t" : 1756457682007,
      "tn" : 1756457682007904844,
      "q" : "2.1",
      "p" : "0.5655",
      "s" : "sell",
      "i" : "APE_USDT",
      "m" : "4611686018431034559"
    }, {
      "d" : "1756457297963085618",
      "t" : 1756457297963,
      "tn" : 1756457297963085617,
      "q" : "269.5",
      "p" : "0.5656",
      "s" : "sell",
      "i" : "APE_USDT",
      "m" : "4611686018431034558"
    }, {
      "d" : "1756457297963085617",
      "t" : 1756457297963,
      "tn" : 1756457297963085617,
      "q" : "27.2",
      "p" : "0.5656",
      "s" : "sell",
      "i" : "APE_USDT",
      "m" : "4611686018431034558"
    }, {
      "d" : "1756457297963082338",
      "t" : 1756457297963,
      "tn" : 1756457297963082338,
      "q" : "2.1",
      "p" : "0.5660",
      "s" : "sell",
      "i" : "APE_USDT",
      "m" : "4611686018431034557"
    }, {
      "d" : "1756457297963080040",
      "t" : 1756457297963,
      "tn" : 1756457297963080040,
      "q" : "1.1",
      "p" : "0.5663",
      "s" : "sell",
      "i" : "APE_USDT",
      "m" : "4611686018431034556"
    }, {
      "d" : "1756457286542017017",
      "t" : 1756457286542,
      "tn" : 1756457286542017017,
      "q" : "6.3",
      "p" : "0.5663",
      "s" : "sell",
      "i" : "APE_USDT",
      "m" : "4611686018431034555"
    }, {
      "d" : "1756457286534945060",
      "t" : 1756457286534,
      "tn" : 1756457286534945060,
      "q" : "88.3",
      "p" : "0.5663",
      "s" : "sell",
      "i" : "APE_USDT",
      "m" : "4611686018431034554"
    }, {
      "d" : "1756457243478961426",
      "t" : 1756457243478,
      "tn" : 1756457243478961426,
      "q" : "2.1",
      "p" : "0.5663",
      "s" : "buy",
      "i" : "APE_USDT",
      "m" : "4611686018431034553"
    }, {
      "d" : "1756455636312986160",
      "t" : 1756455636312,
      "tn" : 1756455636312986160,
      "q" : "184.3",
      "p" : "0.5684",
      "s" : "buy",
      "i" : "APE_USDT",
      "m" : "4611686018431034552"
    }, {
      "d" : "1756455636312984060",
      "t" : 1756455636312,
      "tn" : 1756455636312984060,
      "q" : "63.4",
      "p" : "0.5683",
      "s" : "buy",
      "i" : "APE_USDT",
      "m" : "4611686018431034551"
    }, {
      "d" : "1756455636312981660",
      "t" : 1756455636312,
      "tn" : 1756455636312981660,
      "q" : "52.2",
      "p" : "0.5682",
      "s" : "buy",
      "i" : "APE_USDT",
      "m" : "4611686018431034550"
    }, {
      "d" : "1756455627986082561",
      "t" : 1756455627986,
      "tn" : 1756455627986082561,
      "q" : "300.0",
      "p" : "0.5667",
      "s" : "sell",
      "i" : "APE_USDT",
      "m" : "4611686018431034549"
    }, {
      "d" : "1756455358253856082",
      "t" : 1756455358253,
      "tn" : 1756455358253856082,
      "q" : "68.7",
      "p" : "0.5686",
      "s" : "sell",
      "i" : "APE_USDT",
      "m" : "4611686018431034548"
    }, {
      "d" : "1756455358253854130",
      "t" : 1756455358253,
      "tn" : 1756455358253854130,
      "q" : "2.1",
      "p" : "0.5687",
      "s" : "sell",
      "i" : "APE_USDT",
      "m" : "4611686018431034547"
    }, {
      "d" : "1756455340681423633",
      "t" : 1756455340681,
      "tn" : 1756455340681423633,
      "q" : "68.7",
      "p" : "0.5687",
      "s" : "sell",
      "i" : "APE_USDT",
      "m" : "4611686018431034546"
    }, {
      "d" : "1756455340681421194",
      "t" : 1756455340681,
      "tn" : 1756455340681421194,
      "q" : "2.1",
      "p" : "0.5688",
      "s" : "sell",
      "i" : "APE_USDT",
      "m" : "4611686018431034545"
    }, {
      "d" : "1756455332953959704",
      "t" : 1756455332953,
      "tn" : 1756455332953959704,
      "q" : "68.8",
      "p" : "0.5686",
      "s" : "sell",
      "i" : "APE_USDT",
      "m" : "4611686018431034544"
    }, {
      "d" : "1756455332953957762",
      "t" : 1756455332953,
      "tn" : 1756455332953957762,
      "q" : "2.1",
      "p" : "0.5688",
      "s" : "sell",
      "i" : "APE_USDT",
      "m" : "4611686018431034543"
    }, {
      "d" : "1756455323980038923",
      "t" : 1756455323980,
      "tn" : 1756455323980038923,
      "q" : "68.7",
      "p" : "0.5689",
      "s" : "sell",
      "i" : "APE_USDT",
      "m" : "4611686018431034542"
    }, {
      "d" : "1756455323980036860",
      "t" : 1756455323980,
      "tn" : 1756455323980036860,
      "q" : "2.1",
      "p" : "0.5691",
      "s" : "sell",
      "i" : "APE_USDT",
      "m" : "4611686018431034541"
    }, {
      "d" : "1756455031146029510",
      "t" : 1756455031146,
      "tn" : 1756455031146029510,
      "q" : "68.6",
      "p" : "0.5693",
      "s" : "sell",
      "i" : "APE_USDT",
      "m" : "4611686018431034540"
    }, {
      "d" : "1756455031146026752",
      "t" : 1756455031146,
      "tn" : 1756455031146026752,
      "q" : "2.1",
      "p" : "0.5695",
      "s" : "sell",
      "i" : "APE_USDT",
      "m" : "4611686018431034539"
    }, {
      "d" : "1756454998093184474",
      "t" : 1756454998093,
      "tn" : 1756454998093184474,
      "q" : "68.6",
      "p" : "0.5695",
      "s" : "sell",
      "i" : "APE_USDT",
      "m" : "4611686018431034538"
    }, {
      "d" : "1756454998093182153",
      "t" : 1756454998093,
      "tn" : 1756454998093182153,
      "q" : "2.1",
      "p" : "0.5696",
      "s" : "sell",
      "i" : "APE_USDT",
      "m" : "4611686018431034537"
    }, {
      "d" : "1756454941841628938",
      "t" : 1756454941841,
      "tn" : 1756454941841628938,
      "q" : "68.6",
      "p" : "0.5700",
      "s" : "sell",
      "i" : "APE_USDT",
      "m" : "4611686018431034536"
    }, {
      "d" : "1756454941841626585",
      "t" : 1756454941841,
      "tn" : 1756454941841626585,
      "q" : "2.1",
      "p" : "0.5702",
      "s" : "sell",
      "i" : "APE_USDT",
      "m" : "4611686018431034535"
    }, {
      "d" : "1756454824061044999",
      "t" : 1756454824061,
      "tn" : 1756454824061044999,
      "q" : "14.3",
      "p" : "0.5709",
      "s" : "sell",
      "i" : "APE_USDT",
      "m" : "4611686018431034534"
    }, {
      "d" : "1756454824061042864",
      "t" : 1756454824061,
      "tn" : 1756454824061042863,
      "q" : "2.1",
      "p" : "0.5710",
      "s" : "sell",
      "i" : "APE_USDT",
      "m" : "4611686018431034533"
    }, {
      "d" : "1756454824061042863",
      "t" : 1756454824061,
      "tn" : 1756454824061042863,
      "q" : "54.3",
      "p" : "0.5710",
      "s" : "sell",
      "i" : "APE_USDT",
      "m" : "4611686018431034533"
    }, {
      "d" : "1756454797891728557",
      "t" : 1756454797891,
      "tn" : 1756454797891728557,
      "q" : "51.0",
      "p" : "0.5705",
      "s" : "sell",
      "i" : "APE_USDT",
      "m" : "4611686018431034532"
    }, {
      "d" : "1756454797891726434",
      "t" : 1756454797891,
      "tn" : 1756454797891726434,
      "q" : "17.6",
      "p" : "0.5706",
      "s" : "sell",
      "i" : "APE_USDT",
      "m" : "4611686018431034531"
    }, {
      "d" : "1756454797891723127",
      "t" : 1756454797891,
      "tn" : 1756454797891723127,
      "q" : "2.1",
      "p" : "0.5707",
      "s" : "sell",
      "i" : "APE_USDT",
      "m" : "4611686018431034530"
    }, {
      "d" : "1756454754862272584",
      "t" : 1756454754862,
      "tn" : 1756454754862272583,
      "q" : "53.1",
      "p" : "0.5705",
      "s" : "sell",
      "i" : "APE_USDT",
      "m" : "4611686018431034529"
    }, {
      "d" : "1756454754862272583",
      "t" : 1756454754862,
      "tn" : 1756454754862272583,
      "q" : "17.6",
      "p" : "0.5705",
      "s" : "sell",
      "i" : "APE_USDT",
      "m" : "4611686018431034529"
    }, {
      "d" : "1756454568416829610",
      "t" : 1756454568416,
      "tn" : 1756454568416829609,
      "q" : "68.4",
      "p" : "0.5717",
      "s" : "sell",
      "i" : "APE_USDT",
      "m" : "4611686018431034528"
    }, {
      "d" : "1756454568416829609",
      "t" : 1756454568416,
      "tn" : 1756454568416829609,
      "q" : "2.1",
      "p" : "0.5717",
      "s" : "sell",
      "i" : "APE_USDT",
      "m" : "4611686018431034528"
    }, {
      "d" : "1756454390048135580",
      "t" : 1756454390048,
      "tn" : 1756454390048135579,
      "q" : "13.1",
      "p" : "0.5700",
      "s" : "sell",
      "i" : "APE_USDT",
      "m" : "4611686018431034527"
    }, {
      "d" : "1756454390048135579",
      "t" : 1756454390048,
      "tn" : 1756454390048135579,
      "q" : "2.1",
      "p" : "0.5700",
      "s" : "sell",
      "i" : "APE_USDT",
      "m" : "4611686018431034527"
    }, {
      "d" : "1756454390048129832",
      "t" : 1756454390048,
      "tn" : 1756454390048129832,
      "q" : "55.5",
      "p" : "0.5701",
      "s" : "sell",
      "i" : "APE_USDT",
      "m" : "4611686018431034526"
    }, {
      "d" : "1756454376136705553",
      "t" : 1756454376136,
      "tn" : 1756454376136705552,
      "q" : "12.7",
      "p" : "0.5701",
      "s" : "sell",
      "i" : "APE_USDT",
      "m" : "4611686018431034525"
    }, {
      "d" : "1756454376136705552",
      "t" : 1756454376136,
      "tn" : 1756454376136705552,
      "q" : "55.9",
      "p" : "0.5701",
      "s" : "sell",
      "i" : "APE_USDT",
      "m" : "4611686018431034525"
    }, {
      "d" : "1756454376136699488",
      "t" : 1756454376136,
      "tn" : 1756454376136699488,
      "q" : "2.1",
      "p" : "0.5702",
      "s" : "sell",
      "i" : "APE_USDT",
      "m" : "4611686018431034524"
    }, {
      "d" : "1756454262648281395",
      "t" : 1756454262648,
      "tn" : 1756454262648281395,
      "q" : "138.4",
      "p" : "0.5708",
      "s" : "buy",
      "i" : "APE_USDT",
      "m" : "4611686018431034523"
    }, {
      "d" : "1756454262648279299",
      "t" : 1756454262648,
      "tn" : 1756454262648279299,
      "q" : "17.6",
      "p" : "0.5707",
      "s" : "buy",
      "i" : "APE_USDT",
      "m" : "4611686018431034522"
    }, {
      "d" : "1756454262648276313",
      "t" : 1756454262648,
      "tn" : 1756454262648276313,
      "q" : "2.1",
      "p" : "0.5705",
      "s" : "buy",
      "i" : "APE_USDT",
      "m" : "4611686018431034521"
    }, {
      "d" : "1756454250640944215",
      "t" : 1756454250640,
      "tn" : 1756454250640944215,
      "q" : "50.5",
      "p" : "0.5708",
      "s" : "buy",
      "i" : "APE_USDT",
      "m" : "4611686018431034520"
    }, {
      "d" : "1756454250640942018",
      "t" : 1756454250640,
      "tn" : 1756454250640942018,
      "q" : "17.6",
      "p" : "0.5707",
      "s" : "buy",
      "i" : "APE_USDT",
      "m" : "4611686018431034519"
    }, {
      "d" : "1756454250640940033",
      "t" : 1756454250640,
      "tn" : 1756454250640940033,
      "q" : "2.1",
      "p" : "0.5704",
      "s" : "buy",
      "i" : "APE_USDT",
      "m" : "4611686018431034518"
    }, {
      "d" : "1756454015926510936",
      "t" : 1756454015926,
      "tn" : 1756454015926510936,
      "q" : "58.7",
      "p" : "0.5716",
      "s" : "sell",
      "i" : "APE_USDT",
      "m" : "4611686018431034517"
    }, {
      "d" : "1756454015926508804",
      "t" : 1756454015926,
      "tn" : 1756454015926508804,
      "q" : "234.3",
      "p" : "0.5717",
      "s" : "sell",
      "i" : "APE_USDT",
      "m" : "4611686018431034516"
    }, {
      "d" : "1756454015926506019",
      "t" : 1756454015926,
      "tn" : 1756454015926506018,
      "q" : "2.1",
      "p" : "0.5718",
      "s" : "sell",
      "i" : "APE_USDT",
      "m" : "4611686018431034515"
    }, {
      "d" : "1756454015926506018",
      "t" : 1756454015926,
      "tn" : 1756454015926506018,
      "q" : "53.9",
      "p" : "0.5718",
      "s" : "sell",
      "i" : "APE_USDT",
      "m" : "4611686018431034515"
    }, {
      "d" : "1756454005873522620",
      "t" : 1756454005873,
      "tn" : 1756454005873522619,
      "q" : "290.3",
      "p" : "0.5717",
      "s" : "sell",
      "i" : "APE_USDT",
      "m" : "4611686018431034514"
    }, {
      "d" : "1756454005873522619",
      "t" : 1756454005873,
      "tn" : 1756454005873522619,
      "q" : "53.9",
      "p" : "0.5717",
      "s" : "sell",
      "i" : "APE_USDT",
      "m" : "4611686018431034514"
    }, {
      "d" : "1756454005873519085",
      "t" : 1756454005873,
      "tn" : 1756454005873519084,
      "q" : "2.1",
      "p" : "0.5718",
      "s" : "sell",
      "i" : "APE_USDT",
      "m" : "4611686018431034513"
    }, {
      "d" : "1756454005873519084",
      "t" : 1756454005873,
      "tn" : 1756454005873519084,
      "q" : "17.5",
      "p" : "0.5718",
      "s" : "sell",
      "i" : "APE_USDT",
      "m" : "4611686018431034513"
    }, {
      "d" : "1756453871299550856",
      "t" : 1756453871299,
      "tn" : 1756453871299550856,
      "q" : "68.0",
      "p" : "0.5723",
      "s" : "buy",
      "i" : "APE_USDT",
      "m" : "4611686018431034512"
    }, {
      "d" : "1756453871299548920",
      "t" : 1756453871299,
      "tn" : 1756453871299548920,
      "q" : "2.1",
      "p" : "0.5722",
      "s" : "buy",
      "i" : "APE_USDT",
      "m" : "4611686018431034511"
    }, {
      "d" : "1756453862528993122",
      "t" : 1756453862528,
      "tn" : 1756453862528993122,
      "q" : "50.5",
      "p" : "0.5725",
      "s" : "buy",
      "i" : "APE_USDT",
      "m" : "4611686018431034510"
    }, {
      "d" : "1756453862528991406",
      "t" : 1756453862528,
      "tn" : 1756453862528991406,
      "q" : "17.5",
      "p" : "0.5724",
      "s" : "buy",
      "i" : "APE_USDT",
      "m" : "4611686018431034509"
    }, {
      "d" : "1756453862528989388",
      "t" : 1756453862528,
      "tn" : 1756453862528989388,
      "q" : "2.1",
      "p" : "0.5722",
      "s" : "buy",
      "i" : "APE_USDT",
      "m" : "4611686018431034508"
    }, {
      "d" : "1756453306979432272",
      "t" : 1756453306979,
      "tn" : 1756453306979432272,
      "q" : "50.6",
      "p" : "0.5711",
      "s" : "buy",
      "i" : "APE_USDT",
      "m" : "4611686018431034507"
    }, {
      "d" : "1756453306979430198",
      "t" : 1756453306979,
      "tn" : 1756453306979430198,
      "q" : "17.6",
      "p" : "0.5710",
      "s" : "buy",
      "i" : "APE_USDT",
      "m" : "4611686018431034506"
    }, {
      "d" : "1756453306979427320",
      "t" : 1756453306979,
      "tn" : 1756453306979427320,
      "q" : "2.1",
      "p" : "0.5708",
      "s" : "buy",
      "i" : "APE_USDT",
      "m" : "4611686018431034505"
    }, {
      "d" : "1756453297786730949",
      "t" : 1756453297786,
      "tn" : 1756453297786730948,
      "q" : "5.1",
      "p" : "0.5709",
      "s" : "buy",
      "i" : "APE_USDT",
      "m" : "4611686018431034504"
    }, {
      "d" : "1756453297786730948",
      "t" : 1756453297786,
      "tn" : 1756453297786730948,
      "q" : "63.2",
      "p" : "0.5709",
      "s" : "buy",
      "i" : "APE_USDT",
      "m" : "4611686018431034504"
    }, {
      "d" : "1756453297786726979",
      "t" : 1756453297786,
      "tn" : 1756453297786726979,
      "q" : "2.1",
      "p" : "0.5705",
      "s" : "buy",
      "i" : "APE_USDT",
      "m" : "4611686018431034503"
    }, {
      "d" : "1756453288639636756",
      "t" : 1756453288639,
      "tn" : 1756453288639636755,
      "q" : "17.4",
      "p" : "0.5696",
      "s" : "buy",
      "i" : "APE_USDT",
      "m" : "4611686018431034502"
    }, {
      "d" : "1756453288639636755",
      "t" : 1756453288639,
      "tn" : 1756453288639636755,
      "q" : "33.3",
      "p" : "0.5696",
      "s" : "buy",
      "i" : "APE_USDT",
      "m" : "4611686018431034502"
    }, {
      "d" : "1756453288639633268",
      "t" : 1756453288639,
      "tn" : 1756453288639633267,
      "q" : "17.6",
      "p" : "0.5695",
      "s" : "buy",
      "i" : "APE_USDT",
      "m" : "4611686018431034501"
    }, {
      "d" : "1756453288639633267",
      "t" : 1756453288639,
      "tn" : 1756453288639633267,
      "q" : "2.1",
      "p" : "0.5695",
      "s" : "buy",
      "i" : "APE_USDT",
      "m" : "4611686018431034501"
    }, {
      "d" : "1756453238049947952",
      "t" : 1756453238049,
      "tn" : 1756453238049947952,
      "q" : "138.5",
      "p" : "0.5698",
      "s" : "buy",
      "i" : "APE_USDT",
      "m" : "4611686018431034500"
    }, {
      "d" : "1756453238049945628",
      "t" : 1756453238049,
      "tn" : 1756453238049945628,
      "q" : "17.6",
      "p" : "0.5697",
      "s" : "buy",
      "i" : "APE_USDT",
      "m" : "4611686018431034499"
    }, {
      "d" : "1756453238049942316",
      "t" : 1756453238049,
      "tn" : 1756453238049942316,
      "q" : "2.1",
      "p" : "0.5694",
      "s" : "buy",
      "i" : "APE_USDT",
      "m" : "4611686018431034498"
    }, {
      "d" : "1756453229751335229",
      "t" : 1756453229751,
      "tn" : 1756453229751335229,
      "q" : "68.1",
      "p" : "0.5700",
      "s" : "buy",
      "i" : "APE_USDT",
      "m" : "4611686018431034497"
    }, {
      "d" : "1756453229751332943",
      "t" : 1756453229751,
      "tn" : 1756453229751332943,
      "q" : "2.1",
      "p" : "0.5697",
      "s" : "buy",
      "i" : "APE_USDT",
      "m" : "4611686018431034496"
    }, {
      "d" : "1756453221015826691",
      "t" : 1756453221015,
      "tn" : 1756453221015826691,
      "q" : "68.0",
      "p" : "0.5702",
      "s" : "buy",
      "i" : "APE_USDT",
      "m" : "4611686018431034495"
    }, {
      "d" : "1756453221015824619",
      "t" : 1756453221015,
      "tn" : 1756453221015824619,
      "q" : "2.1",
      "p" : "0.5698",
      "s" : "buy",
      "i" : "APE_USDT",
      "m" : "4611686018431034494"
    }, {
      "d" : "1756453124396833639",
      "t" : 1756453124396,
      "tn" : 1756453124396833638,
      "q" : "46.9",
      "p" : "0.5712",
      "s" : "buy",
      "i" : "APE_USDT",
      "m" : "4611686018431034493"
    }, {
      "d" : "1756453124396833638",
      "t" : 1756453124396,
      "tn" : 1756453124396833638,
      "q" : "21.0",
      "p" : "0.5712",
      "s" : "buy",
      "i" : "APE_USDT",
      "m" : "4611686018431034493"
    }, {
      "d" : "1756453124396830101",
      "t" : 1756453124396,
      "tn" : 1756453124396830101,
      "q" : "2.1",
      "p" : "0.5708",
      "s" : "buy",
      "i" : "APE_USDT",
      "m" : "4611686018431034492"
    }, {
      "d" : "1756452855443853845",
      "t" : 1756452855443,
      "tn" : 1756452855443853844,
      "q" : "11.7",
      "p" : "0.5723",
      "s" : "buy",
      "i" : "APE_USDT",
      "m" : "4611686018431034491"
    }, {
      "d" : "1756452855443853844",
      "t" : 1756452855443,
      "tn" : 1756452855443853844,
      "q" : "56.2",
      "p" : "0.5723",
      "s" : "buy",
      "i" : "APE_USDT",
      "m" : "4611686018431034491"
    }, {
      "d" : "1756452855443849967",
      "t" : 1756452855443,
      "tn" : 1756452855443849967,
      "q" : "2.1",
      "p" : "0.5721",
      "s" : "buy",
      "i" : "APE_USDT",
      "m" : "4611686018431034490"
    }, {
      "d" : "1756452767453285772",
      "t" : 1756452767453,
      "tn" : 1756452767453285772,
      "q" : "155.1",
      "p" : "0.5732",
      "s" : "buy",
      "i" : "APE_USDT",
      "m" : "4611686018431034489"
    }, {
      "d" : "1756452767453283615",
      "t" : 1756452767453,
      "tn" : 1756452767453283615,
      "q" : "2.1",
      "p" : "0.5730",
      "s" : "buy",
      "i" : "APE_USDT",
      "m" : "4611686018431034488"
    }, {
      "d" : "1756452759121837492",
      "t" : 1756452759121,
      "tn" : 1756452759121837492,
      "q" : "67.9",
      "p" : "0.5732",
      "s" : "buy",
      "i" : "APE_USDT",
      "m" : "4611686018431034487"
    }, {
      "d" : "1756452759121834316",
      "t" : 1756452759121,
      "tn" : 1756452759121834316,
      "q" : "2.1",
      "p" : "0.5730",
      "s" : "buy",
      "i" : "APE_USDT",
      "m" : "4611686018431034486"
    }, {
      "d" : "1756452569184129585",
      "t" : 1756452569184,
      "tn" : 1756452569184129585,
      "q" : "2.1",
      "p" : "0.5714",
      "s" : "buy",
      "i" : "APE_USDT",
      "m" : "4611686018431034485"
    }, {
      "d" : "1756452505552857400",
      "t" : 1756452505552,
      "tn" : 1756452505552857400,
      "q" : "68.0",
      "p" : "0.5719",
      "s" : "buy",
      "i" : "APE_USDT",
      "m" : "4611686018431034484"
    }, {
      "d" : "1756452505552855669",
      "t" : 1756452505552,
      "tn" : 1756452505552855669,
      "q" : "2.1",
      "p" : "0.5715",
      "s" : "buy",
      "i" : "APE_USDT",
      "m" : "4611686018431034483"
    }, {
      "d" : "1756452493823942634",
      "t" : 1756452493823,
      "tn" : 1756452493823942634,
      "q" : "68.1",
      "p" : "0.5716",
      "s" : "buy",
      "i" : "APE_USDT",
      "m" : "4611686018431034482"
    }, {
      "d" : "1756452493823940627",
      "t" : 1756452493823,
      "tn" : 1756452493823940627,
      "q" : "2.1",
      "p" : "0.5715",
      "s" : "buy",
      "i" : "APE_USDT",
      "m" : "4611686018431034481"
    }, {
      "d" : "1756452357339579924",
      "t" : 1756452357339,
      "tn" : 1756452357339579924,
      "q" : "2.1",
      "p" : "0.5712",
      "s" : "sell",
      "i" : "APE_USDT",
      "m" : "4611686018431034480"
    }, {
      "d" : "1756452244487234892",
      "t" : 1756452244487,
      "tn" : 1756452244487234892,
      "q" : "68.4",
      "p" : "0.5716",
      "s" : "sell",
      "i" : "APE_USDT",
      "m" : "4611686018431034479"
    }, {
      "d" : "1756452244487232421",
      "t" : 1756452244487,
      "tn" : 1756452244487232421,
      "q" : "2.1",
      "p" : "0.5718",
      "s" : "sell",
      "i" : "APE_USDT",
      "m" : "4611686018431034478"
    }, {
      "d" : "1756452234225790223",
      "t" : 1756452234225,
      "tn" : 1756452234225790222,
      "q" : "6.4",
      "p" : "0.5715",
      "s" : "sell",
      "i" : "APE_USDT",
      "m" : "4611686018431034477"
    }, {
      "d" : "1756452234225790222",
      "t" : 1756452234225,
      "tn" : 1756452234225790222,
      "q" : "62.0",
      "p" : "0.5715",
      "s" : "sell",
      "i" : "APE_USDT",
      "m" : "4611686018431034477"
    }, {
      "d" : "1756452234225785971",
      "t" : 1756452234225,
      "tn" : 1756452234225785971,
      "q" : "2.1",
      "p" : "0.5718",
      "s" : "sell",
      "i" : "APE_USDT",
      "m" : "4611686018431034476"
    }, {
      "d" : "1756452210695476686",
      "t" : 1756452210695,
      "tn" : 1756452210695476686,
      "q" : "68.5",
      "p" : "0.5713",
      "s" : "sell",
      "i" : "APE_USDT",
      "m" : "4611686018431034475"
    }, {
      "d" : "1756452210695474829",
      "t" : 1756452210695,
      "tn" : 1756452210695474829,
      "q" : "2.1",
      "p" : "0.5715",
      "s" : "sell",
      "i" : "APE_USDT",
      "m" : "4611686018431034474"
    }, {
      "d" : "1756452202244081442",
      "t" : 1756452202244,
      "tn" : 1756452202244081442,
      "q" : "68.6",
      "p" : "0.5713",
      "s" : "sell",
      "i" : "APE_USDT",
      "m" : "4611686018431034473"
    }, {
      "d" : "1756452202244079589",
      "t" : 1756452202244,
      "tn" : 1756452202244079589,
      "q" : "2.1",
      "p" : "0.5715",
      "s" : "sell",
      "i" : "APE_USDT",
      "m" : "4611686018431034472"
    }, {
      "d" : "1756452193589497277",
      "t" : 1756452193589,
      "tn" : 1756452193589497277,
      "q" : "51.2",
      "p" : "0.5713",
      "s" : "sell",
      "i" : "APE_USDT",
      "m" : "4611686018431034471"
    }, {
      "d" : "1756452193589495276",
      "t" : 1756452193589,
      "tn" : 1756452193589495276,
      "q" : "17.5",
      "p" : "0.5714",
      "s" : "sell",
      "i" : "APE_USDT",
      "m" : "4611686018431034470"
    }, {
      "d" : "1756452193589492080",
      "t" : 1756452193589,
      "tn" : 1756452193589492080,
      "q" : "2.1",
      "p" : "0.5715",
      "s" : "sell",
      "i" : "APE_USDT",
      "m" : "4611686018431034469"
    }, {
      "d" : "1756452161773222353",
      "t" : 1756452161773,
      "tn" : 1756452161773222353,
      "q" : "68.8",
      "p" : "0.5715",
      "s" : "sell",
      "i" : "APE_USDT",
      "m" : "4611686018431034468"
    }, {
      "d" : "1756452161773220174",
      "t" : 1756452161773,
      "tn" : 1756452161773220174,
      "q" : "2.1",
      "p" : "0.5718",
      "s" : "sell",
      "i" : "APE_USDT",
      "m" : "4611686018431034467"
    }, {
      "d" : "1756452120615571048",
      "t" : 1756452120615,
      "tn" : 1756452120615571048,
      "q" : "50.9",
      "p" : "0.5711",
      "s" : "sell",
      "i" : "APE_USDT",
      "m" : "4611686018431034466"
    }, {
      "d" : "1756452120615568855",
      "t" : 1756452120615,
      "tn" : 1756452120615568855,
      "q" : "17.6",
      "p" : "0.5712",
      "s" : "sell",
      "i" : "APE_USDT",
      "m" : "4611686018431034465"
    }, {
      "d" : "1756452120615565630",
      "t" : 1756452120615,
      "tn" : 1756452120615565630,
      "q" : "2.1",
      "p" : "0.5715",
      "s" : "sell",
      "i" : "APE_USDT",
      "m" : "4611686018431034464"
    }, {
      "d" : "1756452084874050937",
      "t" : 1756452084874,
      "tn" : 1756452084874050937,
      "q" : "68.4",
      "p" : "0.5713",
      "s" : "sell",
      "i" : "APE_USDT",
      "m" : "4611686018431034463"
    }, {
      "d" : "1756452084874048998",
      "t" : 1756452084874,
      "tn" : 1756452084874048998,
      "q" : "2.1",
      "p" : "0.5714",
      "s" : "sell",
      "i" : "APE_USDT",
      "m" : "4611686018431034462"
    } ]
  }
}