{
  "id" : -1,
  "method" : "public/get-trades",
  "code" : 0,
  "result" : {
    "data" : [ {
      "d" : "1756459744948644002",
      "t" : 1756459744948,
      "tn" : 1756459744948644002,
      "q" : "1",
      "p" : "0.5654",
      "s" : "sell",
      "i" : "APEUSD-PERP",
      "m" : "4611686018432338243"
    }, {
      "d" : "1756459673805912785",
      "t" : 1756459673805,
      "tn" : 1756459673805912785,
      "q" : "1",
      "p" : "0.5634",
      "s" : "sell",
      "i" : "APEUSD-PERP",
      "m" : "4611686018432338242"
    }, {
      "d" : "1756459673805910413",
      "t" : 1756459673805,
      "tn" : 1756459673805910413,
      "q" : "1",
      "p" : "0.5636",
      "s" : "sell",
      "i" : "APEUSD-PERP",
      "m" : "4611686018432338241"
    }, {
      "d" : "1756458197518983638",
      "t" : 1756458197518,
      "tn" : 1756458197518983638,
      "q" : "1",
      "p" : "0.5609",
      "s" : "sell",
      "i" : "APEUSD-PERP",
      "m" : "4611686018432338240"
    }, {
      "d" : "1756458197518981319",
      "t" : 1756458197518,
      "tn" : 1756458197518981319,
      "q" : "1",
      "p" : "0.5610",
      "s" : "sell",
      "i" : "APEUSD-PERP",
      "m" : "4611686018432338239"
    }, {
      "d" : "1756458183666286619",
      "t" : 1756458183666,
      "tn" : 1756458183666286619,
      "q" : "1",
      "p" : "0.5602",
      "s" : "sell",
      "i" : "APEUSD-PERP",
      "m" : "4611686018432338238"
    }, {
      "d" : "1756458177575139503",
      "t" : 1756458177575,
      "tn" : 1756458177575139503,
      "q" : "1",
      "p" : "0.5606",
      "s" : "sell",
      "i" : "APEUSD-PERP",
      "m" : "4611686018432338237"
    }, {
      "d" : "1756458177575137348",
      "t" : 1756458177575,
      "tn" : 1756458177575137348,
      "q" : "1",
      "p" : "0.5608",
      "s" : "sell",
      "i" : "APEUSD-PERP",
      "m" : "4611686018432338236"
    }, {
      "d" : "1756458163145770732",
      "t" : 1756458163145,
      "tn" : 1756458163145770732,
      "q" : "1",
      "p" : "0.5613",
      "s" : "sell",
      "i" : "APEUSD-PERP",
      "m" : "4611686018432338235"
    }, {
      "d" : "1756458163145768842",
      "t" : 1756458163145,
      "tn" : 1756458163145768842,
      "q" : "1",
      "p" : "0.5615",
      "s" : "sell",
      "i" : "APEUSD-PERP",
      "m" : "4611686018432338234"
    }, {
      "d" : "1756458053965872037",
      "t" : 1756458053965,
      "tn" : 1756458053965872037,
      "q" : "1",
      "p" : "0.5631",
      "s" : "sell",
      "i" : "APEUSD-PERP",
      "m" : "4611686018432338233"
    }, {
      "d" : "1756458053965869371",
      "t" : 1756458053965,
      "tn" : 1756458053965869371,
      "q" : "1",
      "p" : "0.5633",
      "s" : "sell",
      "i" : "APEUSD-PERP",
      "m" : "4611686018432338232"
    }, {
      "d" : "1756457741926032176",
      "t" : 1756457741926,
      "tn" : 1756457741926032176,
      "q" : "1",
      "p" : "0.5646",
      "s" : "sell",
      "i" : "APEUSD-PERP",
      "m" : "4611686018432338231"
    }, {
      "d" : "1756457741926030180",
      "t" : 1756457741926,
      "tn" : 1756457741926030180,
      "q" : "1",
      "p" : "0.5647",
      "s" : "sell",
      "i" : "APEUSD-PERP",
      "m" : "4611686018432338230"
    }, {
      "d" : "1756457303186785051",
      "t" : 1756457303186,
      "tn" : 1756457303186785051,
      "q" : "1",
      "p" : "0.5659",
      "s" : "sell",
      "i" : "APEUSD-PERP",
      "m" : "4611686018432338229"
    }, {
      "d" : "1756456479264121204",
      "t" : 1756456479264,
      "tn" : 1756456479264121204,
      "q" : "1",
      "p" : "0.5693",
      "s" : "sell",
      "i" : "APEUSD-PERP",
      "m" : "4611686018432338228"
    }, {
      "d" : "1756455406886411802",
      "t" : 1756455406886,
      "tn" : 1756455406886411802,
      "q" : "1",
      "p" : "0.5679",
      "s" : "sell",
      "i" : "APEUSD-PERP",
      "m" : "4611686018432338227"
    }, {
      "d" : "1756455406886409880",
      "t" : 1756455406886,
      "tn" : 1756455406886409880,
      "q" : "1",
      "p" : "0.5680",
      "s" : "sell",
      "i" : "APEUSD-PERP",
      "m" : "4611686018432338226"
    }, {
      "d" : "1756454821682035582",
      "t" : 1756454821682,
      "tn" : 1756454821682035582,
      "q" : "1",
      "p" : "0.5711",
      "s" : "sell",
      "i" : "APEUSD-PERP",
      "m" : "4611686018432338225"
    }, {
      "d" : "1756454811627924735",
      "t" : 1756454811627,
      "tn" : 1756454811627924735,
      "q" : "1",
      "p" : "0.5711",
      "s" : "sell",
      "i" : "APEUSD-PERP",
      "m" : "4611686018432338224"
    }, {
      "d" : "1756454587310733234",
      "t" : 1756454587310,
      "tn" : 1756454587310733234,
      "q" : "1",
      "p" : "0.5720",
      "s" : "sell",
      "i" : "APEUSD-PERP",
      "m" : "4611686018432338223"
    }, {
      "d" : "1756454570825430877",
      "t" : 1756454570825,
      "tn" : 1756454570825430877,
      "q" : "1",
      "p" : "0.5720",
      "s" : "sell",
      "i" : "APEUSD-PERP",
      "m" : "4611686018432338222"
    }, {
      "d" : "1756454445258423735",
      "t" : 1756454445258,
      "tn" : 1756454445258423735,
      "q" : "1",
      "p" : "0.5710",
      "s" : "sell",
      "i" : "APEUSD-PERP",
      "m" : "4611686018432338221"
    }, {
      "d" : "1756454418108990719",
      "t" : 1756454418108,
      "tn" : 1756454418108990719,
      "q" : "1",
      "p" : "0.5700",
      "s" : "sell",
      "i" : "APEUSD-PERP",
      "m" : "4611686018432338220"
    }, {
      "d" : "1756454417985925953",
      "t" : 1756454417985,
      "tn" : 1756454417985925953,
      "q" : "1",
      "p" : "0.5701",
      "s" : "sell",
      "i" : "APEUSD-PERP",
      "m" : "4611686018432338219"
    }, {
      "d" : "1756454347618833719",
      "t" : 1756454347618,
      "tn" : 1756454347618833719,
      "q" : "1",
      "p" : "0.5702",
      "s" : "sell",
      "i" : "APEUSD-PERP",
      "m" : "4611686018432338218"
    }, {
      "d" : "1756454301896735480",
      "t" : 1756454301896,
      "tn" : 1756454301896735480,
      "q" : "1",
      "p" : "0.5699",
      "s" : "sell",
      "i" : "APEUSD-PERP",
      "m" : "4611686018432338217"
    }, {
      "d" : "1756454301772807541",
      "t" : 1756454301772,
      "tn" : 1756454301772807541,
      "q" : "1",
      "p" : "0.5700",
      "s" : "sell",
      "i" : "APEUSD-PERP",
      "m" : "4611686018432338216"
    }, {
      "d" : "1756454070836670113",
      "t" : 1756454070836,
      "tn" : 1756454070836670113,
      "q" : "1",
      "p" : "0.5719",
      "s" : "sell",
      "i" : "APEUSD-PERP",
      "m" : "4611686018432338215"
    }, {
      "d" : "1756454060826899596",
      "t" : 1756454060826,
      "tn" : 1756454060826899596,
      "q" : "1",
      "p" : "0.5719",
      "s" : "sell",
      "i" : "APEUSD-PERP",
      "m" : "4611686018432338214"
    }, {
      "d" : "1756454050745959192",
      "t" : 1756454050745,
      "tn" : 1756454050745959192,
      "q" : "1",
      "p" : "0.5719",
      "s" : "sell",
      "i" : "APEUSD-PERP",
      "m" : "4611686018432338213"
    }, {
      "d" : "1756454040714107487",
      "t" : 1756454040714,
      "tn" : 1756454040714107487,
      "q" : "1",
      "p" : "0.5718",
      "s" : "sell",
      "i" : "APEUSD-PERP",
      "m" : "4611686018432338212"
    }, {
      "d" : "1756454015925392623",
      "t" : 1756454015925,
      "tn" : 1756454015925392622,
      "q" : "1",
      "p" : "0.5718",
      "s" : "sell",
      "i" : "APEUSD-PERP",
      "m" : "4611686018432338211"
    }, {
      "d" : "1756454015925392622",
      "t" : 1756454015925,
      "tn" : 1756454015925392622,
      "q" : "349",
      "p" : "0.5718",
      "s" : "sell",
      "i" : "APEUSD-PERP",
      "m" : "4611686018432338211"
    }, {
      "d" : "1756454015925388148",
      "t" : 1756454015925,
      "tn" : 1756454015925388148,
      "q" : "1",
      "p" : "0.5719",
      "s" : "sell",
      "i" : "APEUSD-PERP",
      "m" : "4611686018432338210"
    }, {
      "d" : "1756454012080264254",
      "t" : 1756454012080,
      "tn" : 1756454012080264254,
      "q" : "1",
      "p" : "0.5719",
      "s" : "sell",
      "i" : "APEUSD-PERP",
      "m" : "4611686018432338209"
    }, {
      "d" : "1756454005872543612",
      "t" : 1756454005872,
      "tn" : 1756454005872543612,
      "q" : "349",
      "p" : "0.5718",
      "s" : "sell",
      "i" : "APEUSD-PERP",
      "m" : "4611686018432338208"
    }, {
      "d" : "1756454005872541110",
      "t" : 1756454005872,
      "tn" : 1756454005872541110,
      "q" : "1",
      "p" : "0.5719",
      "s" : "sell",
      "i" : "APEUSD-PERP",
      "m" : "4611686018432338207"
    }, {
      "d" : "1756454005872538800",
      "t" : 1756454005872,
      "tn" : 1756454005872538800,
      "q" : "1",
      "p" : "0.5720",
      "s" : "sell",
      "i" : "APEUSD-PERP",
      "m" : "4611686018432338206"
    }, {
      "d" : "1756454004279098884",
      "t" : 1756454004279,
      "tn" : 1756454004279098884,
      "q" : "1",
      "p" : "0.5720",
      "s" : "sell",
      "i" : "APEUSD-PERP",
      "m" : "4611686018432338205"
    }, {
      "d" : "1756454003049853337",
      "t" : 1756454003049,
      "tn" : 1756454003049853336,
      "q" : "1",
      "p" : "0.5720",
      "s" : "sell",
      "i" : "APEUSD-PERP",
      "m" : "4611686018432338204"
    }, {
      "d" : "1756454003049853336",
      "t" : 1756454003049,
      "tn" : 1756454003049853336,
      "q" : "1",
      "p" : "0.5720",
      "s" : "sell",
      "i" : "APEUSD-PERP",
      "m" : "4611686018432338204"
    }, {
      "d" : "1756454002047429081",
      "t" : 1756454002047,
      "tn" : 1756454002047429080,
      "q" : "1",
      "p" : "0.5720",
      "s" : "sell",
      "i" : "APEUSD-PERP",
      "m" : "4611686018432338203"
    }, {
      "d" : "1756454002047429080",
      "t" : 1756454002047,
      "tn" : 1756454002047429080,
      "q" : "1",
      "p" : "0.5720",
      "s" : "sell",
      "i" : "APEUSD-PERP",
      "m" : "4611686018432338203"
    }, {
      "d" : "1756453995835134622",
      "t" : 1756453995835,
      "tn" : 1756453995835134621,
      "q" : "1",
      "p" : "0.5720",
      "s" : "sell",
      "i" : "APEUSD-PERP",
      "m" : "4611686018432338202"
    }, {
      "d" : "1756453995835134621",
      "t" : 1756453995835,
      "tn" : 1756453995835134621,
      "q" : "1",
      "p" : "0.5720",
      "s" : "sell",
      "i" : "APEUSD-PERP",
      "m" : "4611686018432338202"
    }, {
      "d" : "1756453960239863055",
      "t" : 1756453960239,
      "tn" : 1756453960239863055,
      "q" : "1",
      "p" : "0.5720",
      "s" : "sell",
      "i" : "APEUSD-PERP",
      "m" : "4611686018432338201"
    }, {
      "d" : "1756453943586060226",
      "t" : 1756453943586,
      "tn" : 1756453943586060226,
      "q" : "1",
      "p" : "0.5718",
      "s" : "sell",
      "i" : "APEUSD-PERP",
      "m" : "4611686018432338200"
    }, {
      "d" : "1756453943586057441",
      "t" : 1756453943586,
      "tn" : 1756453943586057441,
      "q" : "1",
      "p" : "0.5719",
      "s" : "sell",
      "i" : "APEUSD-PERP",
      "m" : "4611686018432338199"
    }, {
      "d" : "1756453911728560062",
      "t" : 1756453911728,
      "tn" : 1756453911728560062,
      "q" : "1",
      "p" : "0.5730",
      "s" : "sell",
      "i" : "APEUSD-PERP",
      "m" : "4611686018432338198"
    }, {
      "d" : "1756453850762392700",
      "t" : 1756453850762,
      "tn" : 1756453850762392700,
      "q" : "1",
      "p" : "0.5720",
      "s" : "sell",
      "i" : "APEUSD-PERP",
      "m" : "4611686018432338197"
    }, {
      "d" : "1756453850762390243",
      "t" : 1756453850762,
      "tn" : 1756453850762390243,
      "q" : "1",
      "p" : "0.5721",
      "s" : "sell",
      "i" : "APEUSD-PERP",
      "m" : "4611686018432338196"
    }, {
      "d" : "1756453849710738785",
      "t" : 1756453849710,
      "tn" : 1756453849710738785,
      "q" : "1",
      "p" : "0.5722",
      "s" : "sell",
      "i" : "APEUSD-PERP",
      "m" : "4611686018432338195"
    }, {
      "d" : "1756453848660270957",
      "t" : 1756453848660,
      "tn" : 1756453848660270957,
      "q" : "1",
      "p" : "0.5721",
      "s" : "sell",
      "i" : "APEUSD-PERP",
      "m" : "4611686018432338194"
    }, {
      "d" : "1756453848660268305",
      "t" : 1756453848660,
      "tn" : 1756453848660268305,
      "q" : "1",
      "p" : "0.5722",
      "s" : "sell",
      "i" : "APEUSD-PERP",
      "m" : "4611686018432338193"
    }, {
      "d" : "1756453847710489825",
      "t" : 1756453847710,
      "tn" : 1756453847710489825,
      "q" : "1",
      "p" : "0.5721",
      "s" : "sell",
      "i" : "APEUSD-PERP",
      "m" : "4611686018432338192"
    }, {
      "d" : "1756453844751528909",
      "t" : 1756453844751,
      "tn" : 1756453844751528909,
      "q" : "1",
      "p" : "0.5720",
      "s" : "sell",
      "i" : "APEUSD-PERP",
      "m" : "4611686018432338191"
    }, {
      "d" : "1756453840753887730",
      "t" : 1756453840753,
      "tn" : 1756453840753887730,
      "q" : "1",
      "p" : "0.5718",
      "s" : "sell",
      "i" : "APEUSD-PERP",
      "m" : "4611686018432338190"
    }, {
      "d" : "1756453829133492884",
      "t" : 1756453829133,
      "tn" : 1756453829133492884,
      "q" : "1",
      "p" : "0.5717",
      "s" : "sell",
      "i" : "APEUSD-PERP",
      "m" : "4611686018432338189"
    }, {
      "d" : "1756453768819458824",
      "t" : 1756453768819,
      "tn" : 1756453768819458824,
      "q" : "1",
      "p" : "0.5713",
      "s" : "sell",
      "i" : "APEUSD-PERP",
      "m" : "4611686018432338188"
    }, {
      "d" : "1756453763864984211",
      "t" : 1756453763864,
      "tn" : 1756453763864984211,
      "q" : "1",
      "p" : "0.5711",
      "s" : "sell",
      "i" : "APEUSD-PERP",
      "m" : "4611686018432338187"
    }, {
      "d" : "1756453753851406600",
      "t" : 1756453753851,
      "tn" : 1756453753851406600,
      "q" : "1",
      "p" : "0.5709",
      "s" : "sell",
      "i" : "APEUSD-PERP",
      "m" : "4611686018432338186"
    }, {
      "d" : "1756453753840158818",
      "t" : 1756453753840,
      "tn" : 1756453753840158818,
      "q" : "1",
      "p" : "0.5711",
      "s" : "sell",
      "i" : "APEUSD-PERP",
      "m" : "4611686018432338185"
    }, {
      "d" : "1756453737194518153",
      "t" : 1756453737194,
      "tn" : 1756453737194518153,
      "q" : "1",
      "p" : "0.5718",
      "s" : "sell",
      "i" : "APEUSD-PERP",
      "m" : "4611686018432338184"
    }, {
      "d" : "1756453737194515669",
      "t" : 1756453737194,
      "tn" : 1756453737194515669,
      "q" : "1",
      "p" : "0.5719",
      "s" : "sell",
      "i" : "APEUSD-PERP",
      "m" : "4611686018432338183"
    }, {
      "d" : "1756453727141308400",
      "t" : 1756453727141,
      "tn" : 1756453727141308400,
      "q" : "1",
      "p" : "0.5718",
      "s" : "sell",
      "i" : "APEUSD-PERP",
      "m" : "4611686018432338182"
    }, {
      "d" : "1756453727079173051",
      "t" : 1756453727079,
      "tn" : 1756453727079173051,
      "q" : "1",
      "p" : "0.5719",
      "s" : "sell",
      "i" : "APEUSD-PERP",
      "m" : "4611686018432338181"
    }, {
      "d" : "1756453717108677172",
      "t" : 1756453717108,
      "tn" : 1756453717108677172,
      "q" : "1",
      "p" : "0.5717",
      "s" : "sell",
      "i" : "APEUSD-PERP",
      "m" : "4611686018432338180"
    }, {
      "d" : "1756453717047400888",
      "t" : 1756453717047,
      "tn" : 1756453717047400888,
      "q" : "1",
      "p" : "0.5718",
      "s" : "sell",
      "i" : "APEUSD-PERP",
      "m" : "4611686018432338179"
    }, {
      "d" : "1756453655251710078",
      "t" : 1756453655251,
      "tn" : 1756453655251710078,
      "q" : "1",
      "p" : "0.5712",
      "s" : "sell",
      "i" : "APEUSD-PERP",
      "m" : "4611686018432338178"
    }, {
      "d" : "1756453655251707641",
      "t" : 1756453655251,
      "tn" : 1756453655251707641,
      "q" : "1",
      "p" : "0.5713",
      "s" : "sell",
      "i" : "APEUSD-PERP",
      "m" : "4611686018432338177"
    }, {
      "d" : "1756453654332485933",
      "t" : 1756453654332,
      "tn" : 1756453654332485932,
      "q" : "1",
      "p" : "0.5711",
      "s" : "sell",
      "i" : "APEUSD-PERP",
      "m" : "4611686018432338176"
    }, {
      "d" : "1756453654332485932",
      "t" : 1756453654332,
      "tn" : 1756453654332485932,
      "q" : "1",
      "p" : "0.5711",
      "s" : "sell",
      "i" : "APEUSD-PERP",
      "m" : "4611686018432338176"
    }, {
      "d" : "1756453644275324948",
      "t" : 1756453644275,
      "tn" : 1756453644275324948,
      "q" : "1",
      "p" : "0.5711",
      "s" : "sell",
      "i" : "APEUSD-PERP",
      "m" : "4611686018432338175"
    }, {
      "d" : "1756453625338538060",
      "t" : 1756453625338,
      "tn" : 1756453625338538060,
      "q" : "1",
      "p" : "0.5711",
      "s" : "sell",
      "i" : "APEUSD-PERP",
      "m" : "4611686018432338174"
    }, {
      "d" : "1756453584286981021",
      "t" : 1756453584286,
      "tn" : 1756453584286981021,
      "q" : "1",
      "p" : "0.5712",
      "s" : "sell",
      "i" : "APEUSD-PERP",
      "m" : "4611686018432338173"
    }, {
      "d" : "1756453584186741896",
      "t" : 1756453584186,
      "tn" : 1756453584186741896,
      "q" : "1",
      "p" : "0.5712",
      "s" : "sell",
      "i" : "APEUSD-PERP",
      "m" : "4611686018432338172"
    }, {
      "d" : "1756453579495273958",
      "t" : 1756453579495,
      "tn" : 1756453579495273957,
      "q" : "1",
      "p" : "0.5711",
      "s" : "sell",
      "i" : "APEUSD-PERP",
      "m" : "4611686018432338171"
    }, {
      "d" : "1756453579495273957",
      "t" : 1756453579495,
      "tn" : 1756453579495273957,
      "q" : "1",
      "p" : "0.5711",
      "s" : "sell",
      "i" : "APEUSD-PERP",
      "m" : "4611686018432338171"
    }, {
      "d" : "1756453576122392396",
      "t" : 1756453576122,
      "tn" : 1756453576122392395,
      "q" : "1",
      "p" : "0.5711",
      "s" : "sell",
      "i" : "APEUSD-PERP",
      "m" : "4611686018432338170"
    }, {
      "d" : "1756453576122392395",
      "t" : 1756453576122,
      "tn" : 1756453576122392395,
      "q" : "1",
      "p" : "0.5711",
      "s" : "sell",
      "i" : "APEUSD-PERP",
      "m" : "4611686018432338170"
    }, {
      "d" : "1756453569488070001",
      "t" : 1756453569488,
      "tn" : 1756453569488070001,
      "q" : "1",
      "p" : "0.5711",
      "s" : "sell",
      "i" : "APEUSD-PERP",
      "m" : "4611686018432338169"
    }, {
      "d" : "1756453516367400266",
      "t" : 1756453516367,
      "tn" : 1756453516367400266,
      "q" : "1",
      "p" : "0.5701",
      "s" : "sell",
      "i" : "APEUSD-PERP",
      "m" : "4611686018432338168"
    }, {
      "d" : "1756453516367398110",
      "t" : 1756453516367,
      "tn" : 1756453516367398110,
      "q" : "1",
      "p" : "0.5702",
      "s" : "sell",
      "i" : "APEUSD-PERP",
      "m" : "4611686018432338167"
    }, {
      "d" : "1756453464313209486",
      "t" : 1756453464313,
      "tn" : 1756453464313209486,
      "q" : "1",
      "p" : "0.5699",
      "s" : "sell",
      "i" : "APEUSD-PERP",
      "m" : "4611686018432338166"
    }, {
      "d" : "1756453464253136085",
      "t" : 1756453464253,
      "tn" : 1756453464253136085,
      "q" : "1",
      "p" : "0.5700",
      "s" : "sell",
      "i" : "APEUSD-PERP",
      "m" : "4611686018432338165"
    }, {
      "d" : "1756453339360166194",
      "t" : 1756453339360,
      "tn" : 1756453339360166194,
      "q" : "1",
      "p" : "0.5711",
      "s" : "sell",
      "i" : "APEUSD-PERP",
      "m" : "4611686018432338164"
    }, {
      "d" : "1756453304083412599",
      "t" : 1756453304083,
      "tn" : 1756453304083412599,
      "q" : "1",
      "p" : "0.5711",
      "s" : "sell",
      "i" : "APEUSD-PERP",
      "m" : "4611686018432338163"
    }, {
      "d" : "1756453294022559622",
      "t" : 1756453294022,
      "tn" : 1756453294022559622,
      "q" : "1",
      "p" : "0.5700",
      "s" : "sell",
      "i" : "APEUSD-PERP",
      "m" : "4611686018432338162"
    }, {
      "d" : "1756453294022557515",
      "t" : 1756453294022,
      "tn" : 1756453294022557515,
      "q" : "1",
      "p" : "0.5701",
      "s" : "sell",
      "i" : "APEUSD-PERP",
      "m" : "4611686018432338161"
    }, {
      "d" : "1756453277856557867",
      "t" : 1756453277856,
      "tn" : 1756453277856557867,
      "q" : "1",
      "p" : "0.5693",
      "s" : "sell",
      "i" : "APEUSD-PERP",
      "m" : "4611686018432338160"
    }, {
      "d" : "1756453272702046464",
      "t" : 1756453272702,
      "tn" : 1756453272702046464,
      "q" : "1",
      "p" : "0.5691",
      "s" : "sell",
      "i" : "APEUSD-PERP",
      "m" : "4611686018432338159"
    }, {
      "d" : "1756453217564768079",
      "t" : 1756453217564,
      "tn" : 1756453217564768079,
      "q" : "1",
      "p" : "0.5701",
      "s" : "sell",
      "i" : "APEUSD-PERP",
      "m" : "4611686018432338158"
    }, {
      "d" : "1756453146095649289",
      "t" : 1756453146095,
      "tn" : 1756453146095649289,
      "q" : "1",
      "p" : "0.5713",
      "s" : "sell",
      "i" : "APEUSD-PERP",
      "m" : "4611686018432338157"
    }, {
      "d" : "1756453146060991564",
      "t" : 1756453146060,
      "tn" : 1756453146060991564,
      "q" : "1",
      "p" : "0.5714",
      "s" : "sell",
      "i" : "APEUSD-PERP",
      "m" : "4611686018432338156"
    }, {
      "d" : "1756453145910529757",
      "t" : 1756453145910,
      "tn" : 1756453145910529757,
      "q" : "1",
      "p" : "0.5712",
      "s" : "sell",
      "i" : "APEUSD-PERP",
      "m" : "4611686018432338155"
    }, {
      "d" : "1756453135862538353",
      "t" : 1756453135862,
      "tn" : 1756453135862538353,
      "q" : "1",
      "p" : "0.5711",
      "s" : "sell",
      "i" : "APEUSD-PERP",
      "m" : "4611686018432338154"
    }, {
      "d" : "1756453116621073976",
      "t" : 1756453116621,
      "tn" : 1756453116621073976,
      "q" : "1",
      "p" : "0.5713",
      "s" : "sell",
      "i" : "APEUSD-PERP",
      "m" : "4611686018432338153"
    }, {
      "d" : "1756453091391521598",
      "t" : 1756453091391,
      "tn" : 1756453091391521598,
      "q" : "1",
      "p" : "0.5712",
      "s" : "sell",
      "i" : "APEUSD-PERP",
      "m" : "4611686018432338152"
    }, {
      "d" : "1756453090833756814",
      "t" : 1756453090833,
      "tn" : 1756453090833756813,
      "q" : "1",
      "p" : "0.5711",
      "s" : "sell",
      "i" : "APEUSD-PERP",
      "m" : "4611686018432338151"
    }, {
      "d" : "1756453090833756813",
      "t" : 1756453090833,
      "tn" : 1756453090833756813,
      "q" : "1",
      "p" : "0.5711",
      "s" : "sell",
      "i" : "APEUSD-PERP",
      "m" : "4611686018432338151"
    }, {
      "d" : "1756453080676709923",
      "t" : 1756453080676,
      "tn" : 1756453080676709923,
      "q" : "1",
      "p" : "0.5703",
      "s" : "sell",
      "i" : "APEUSD-PERP",
      "m" : "4611686018432338150"
    }, {
      "d" : "1756453079009231117",
      "t" : 1756453079009,
      "tn" : 1756453079009231117,
      "q" : "1",
      "p" : "0.5702",
      "s" : "sell",
      "i" : "APEUSD-PERP",
      "m" : "4611686018432338149"
    }, {
      "d" : "1756453048505551282",
      "t" : 1756453048505,
      "tn" : 1756453048505551281,
      "q" : "1",
      "p" : "0.5701",
      "s" : "sell",
      "i" : "APEUSD-PERP",
      "m" : "4611686018432338148"
    }, {
      "d" : "1756453048505551281",
      "t" : 1756453048505,
      "tn" : 1756453048505551281,
      "q" : "1",
      "p" : "0.5701",
      "s" : "sell",
      "i" : "APEUSD-PERP",
      "m" : "4611686018432338148"
    }, {
      "d" : "1756453038654085940",
      "t" : 1756453038654,
      "tn" : 1756453038654085939,
      "q" : "1",
      "p" : "0.5701",
      "s" : "sell",
      "i" : "APEUSD-PERP",
      "m" : "4611686018432338147"
    }, {
      "d" : "1756453038654085939",
      "t" : 1756453038654,
      "tn" : 1756453038654085939,
      "q" : "1",
      "p" : "0.5701",
      "s" : "sell",
      "i" : "APEUSD-PERP",
      "m" : "4611686018432338147"
    }, {
      "d" : "1756453038468958780",
      "t" : 1756453038468,
      "tn" : 1756453038468958779,
      "q" : "1",
      "p" : "0.5700",
      "s" : "sell",
      "i" : "APEUSD-PERP",
      "m" : "4611686018432338146"
    }, {
      "d" : "1756453038468958779",
      "t" : 1756453038468,
      "tn" : 1756453038468958779,
      "q" : "1",
      "p" : "0.5700",
      "s" : "sell",
      "i" : "APEUSD-PERP",
      "m" : "4611686018432338146"
    }, {
      "d" : "1756452973953931675",
      "t" : 1756452973953,
      "tn" : 1756452973953931674,
      "q" : "1",
      "p" : "0.5712",
      "s" : "sell",
      "i" : "APEUSD-PERP",
      "m" : "4611686018432338145"
    }, {
      "d" : "1756452973953931674",
      "t" : 1756452973953,
      "tn" : 1756452973953931674,
      "q" : "1",
      "p" : "0.5712",
      "s" : "sell",
      "i" : "APEUSD-PERP",
      "m" : "4611686018432338145"
    }, {
      "d" : "1756452972282560354",
      "t" : 1756452972282,
      "tn" : 1756452972282560353,
      "q" : "1",
      "p" : "0.5712",
      "s" : "sell",
      "i" : "APEUSD-PERP",
      "m" : "4611686018432338144"
    }, {
      "d" : "1756452972282560353",
      "t" : 1756452972282,
      "tn" : 1756452972282560353,
      "q" : "1",
      "p" : "0.5712",
      "s" : "sell",
      "i" : "APEUSD-PERP",
      "m" : "4611686018432338144"
    }, {
      "d" : "1756452963947665394",
      "t" : 1756452963947,
      "tn" : 1756452963947665393,
      "q" : "1",
      "p" : "0.5711",
      "s" : "sell",
      "i" : "APEUSD-PERP",
      "m" : "4611686018432338143"
    }, {
      "d" : "1756452963947665393",
      "t" : 1756452963947,
      "tn" : 1756452963947665393,
      "q" : "1",
      "p" : "0.5711",
      "s" : "sell",
      "i" : "APEUSD-PERP",
      "m" : "4611686018432338143"
    }, {
      "d" : "1756452941250010396",
      "t" : 1756452941250,
      "tn" : 1756452941250010395,
      "q" : "1",
      "p" : "0.5713",
      "s" : "sell",
      "i" : "APEUSD-PERP",
      "m" : "4611686018432338142"
    }, {
      "d" : "1756452941250010395",
      "t" : 1756452941250,
      "tn" : 1756452941250010395,
      "q" : "1",
      "p" : "0.5713",
      "s" : "sell",
      "i" : "APEUSD-PERP",
      "m" : "4611686018432338142"
    }, {
      "d" : "1756452932606369639",
      "t" : 1756452932606,
      "tn" : 1756452932606369638,
      "q" : "1",
      "p" : "0.5711",
      "s" : "sell",
      "i" : "APEUSD-PERP",
      "m" : "4611686018432338141"
    }, {
      "d" : "1756452932606369638",
      "t" : 1756452932606,
      "tn" : 1756452932606369638,
      "q" : "1",
      "p" : "0.5711",
      "s" : "sell",
      "i" : "APEUSD-PERP",
      "m" : "4611686018432338141"
    }, {
      "d" : "1756452915186744744",
      "t" : 1756452915186,
      "tn" : 1756452915186744743,
      "q" : "1",
      "p" : "0.5711",
      "s" : "sell",
      "i" : "APEUSD-PERP",
      "m" : "4611686018432338140"
    }, {
      "d" : "1756452915186744743",
      "t" : 1756452915186,
      "tn" : 1756452915186744743,
      "q" : "1",
      "p" : "0.5711",
      "s" : "sell",
      "i" : "APEUSD-PERP",
      "m" : "4611686018432338140"
    }, {
      "d" : "1756452817631995971",
      "t" : 1756452817631,
      "tn" : 1756452817631995970,
      "q" : "1",
      "p" : "0.5731",
      "s" : "sell",
      "i" : "APEUSD-PERP",
      "m" : "4611686018432338139"
    }, {
      "d" : "1756452817631995970",
      "t" : 1756452817631,
      "tn" : 1756452817631995970,
      "q" : "1",
      "p" : "0.5731",
      "s" : "sell",
      "i" : "APEUSD-PERP",
      "m" : "4611686018432338139"
    }, {
      "d" : "1756452806253059938",
      "t" : 1756452806253,
      "tn" : 1756452806253059938,
      "q" : "1",
      "p" : "0.5732",
      "s" : "sell",
      "i" : "APEUSD-PERP",
      "m" : "4611686018432338138"
    }, {
      "d" : "1756452805435576449",
      "t" : 1756452805435,
      "tn" : 1756452805435576449,
      "q" : "1",
      "p" : "0.5731",
      "s" : "sell",
      "i" : "APEUSD-PERP",
      "m" : "4611686018432338137"
    }, {
      "d" : "1756452805435574156",
      "t" : 1756452805435,
      "tn" : 1756452805435574156,
      "q" : "1",
      "p" : "0.5732",
      "s" : "sell",
      "i" : "APEUSD-PERP",
      "m" : "4611686018432338136"
    }, {
      "d" : "1756452786758782390",
      "t" : 1756452786758,
      "tn" : 1756452786758782390,
      "q" : "1",
      "p" : "0.5735",
      "s" : "sell",
      "i" : "APEUSD-PERP",
      "m" : "4611686018432338135"
    }, {
      "d" : "1756452786321396766",
      "t" : 1756452786321,
      "tn" : 1756452786321396766,
      "q" : "1",
      "p" : "0.5734",
      "s" : "sell",
      "i" : "APEUSD-PERP",
      "m" : "4611686018432338134"
    }, {
      "d" : "1756452782833857974",
      "t" : 1756452782833,
      "tn" : 1756452782833857974,
      "q" : "1",
      "p" : "0.5733",
      "s" : "sell",
      "i" : "APEUSD-PERP",
      "m" : "4611686018432338133"
    }, {
      "d" : "1756452780092956907",
      "t" : 1756452780092,
      "tn" : 1756452780092956907,
      "q" : "1",
      "p" : "0.5732",
      "s" : "sell",
      "i" : "APEUSD-PERP",
      "m" : "4611686018432338132"
    }, {
      "d" : "1756452780092954883",
      "t" : 1756452780092,
      "tn" : 1756452780092954883,
      "q" : "1",
      "p" : "0.5733",
      "s" : "sell",
      "i" : "APEUSD-PERP",
      "m" : "4611686018432338131"
    }, {
      "d" : "1756452779142311911",
      "t" : 1756452779142,
      "tn" : 1756452779142311911,
      "q" : "1",
      "p" : "0.5734",
      "s" : "sell",
      "i" : "APEUSD-PERP",
      "m" : "4611686018432338130"
    }, {
      "d" : "1756452778915878200",
      "t" : 1756452778915,
      "tn" : 1756452778915878200,
      "q" : "1",
      "p" : "0.5732",
      "s" : "sell",
      "i" : "APEUSD-PERP",
      "m" : "4611686018432338129"
    }, {
      "d" : "1756452778915875674",
      "t" : 1756452778915,
      "tn" : 1756452778915875674,
      "q" : "1",
      "p" : "0.5733",
      "s" : "sell",
      "i" : "APEUSD-PERP",
      "m" : "4611686018432338128"
    }, {
      "d" : "1756452770990637300",
      "t" : 1756452770990,
      "tn" : 1756452770990637300,
      "q" : "1",
      "p" : "0.5733",
      "s" : "sell",
      "i" : "APEUSD-PERP",
      "m" : "4611686018432338127"
    }, {
      "d" : "1756452770250867326",
      "t" : 1756452770250,
      "tn" : 1756452770250867326,
      "q" : "1",
      "p" : "0.5732",
      "s" : "sell",
      "i" : "APEUSD-PERP",
      "m" : "4611686018432338126"
    }, {
      "d" : "1756452769320354876",
      "t" : 1756452769320,
      "tn" : 1756452769320354876,
      "q" : "1",
      "p" : "0.5731",
      "s" : "sell",
      "i" : "APEUSD-PERP",
      "m" : "4611686018432338125"
    }, {
      "d" : "1756452769320352892",
      "t" : 1756452769320,
      "tn" : 1756452769320352892,
      "q" : "1",
      "p" : "0.5732",
      "s" : "sell",
      "i" : "APEUSD-PERP",
      "m" : "4611686018432338124"
    }, {
      "d" : "1756452768913916715",
      "t" : 1756452768913,
      "tn" : 1756452768913916715,
      "q" : "1",
      "p" : "0.5732",
      "s" : "sell",
      "i" : "APEUSD-PERP",
      "m" : "4611686018432338123"
    }, {
      "d" : "1756452762089638996",
      "t" : 1756452762089,
      "tn" : 1756452762089638996,
      "q" : "1",
      "p" : "0.5734",
      "s" : "sell",
      "i" : "APEUSD-PERP",
      "m" : "4611686018432338122"
    }, {
      "d" : "1756452759197428668",
      "t" : 1756452759197,
      "tn" : 1756452759197428668,
      "q" : "1",
      "p" : "0.5732",
      "s" : "sell",
      "i" : "APEUSD-PERP",
      "m" : "4611686018432338121"
    }, {
      "d" : "1756452759135523870",
      "t" : 1756452759135,
      "tn" : 1756452759135523870,
      "q" : "1",
      "p" : "0.5734",
      "s" : "sell",
      "i" : "APEUSD-PERP",
      "m" : "4611686018432338120"
    }, {
      "d" : "1756452758888731006",
      "t" : 1756452758888,
      "tn" : 1756452758888731006,
      "q" : "1",
      "p" : "0.5734",
      "s" : "sell",
      "i" : "APEUSD-PERP",
      "m" : "4611686018432338119"
    }, {
      "d" : "1756452757001186592",
      "t" : 1756452757001,
      "tn" : 1756452757001186592,
      "q" : "1",
      "p" : "0.5734",
      "s" : "sell",
      "i" : "APEUSD-PERP",
      "m" : "4611686018432338118"
    }, {
      "d" : "1756452751135375662",
      "t" : 1756452751135,
      "tn" : 1756452751135375662,
      "q" : "1",
      "p" : "0.5734",
      "s" : "sell",
      "i" : "APEUSD-PERP",
      "m" : "4611686018432338117"
    }, {
      "d" : "1756452749127113075",
      "t" : 1756452749127,
      "tn" : 1756452749127113075,
      "q" : "1",
      "p" : "0.5733",
      "s" : "sell",
      "i" : "APEUSD-PERP",
      "m" : "4611686018432338116"
    }, {
      "d" : "1756452748878833516",
      "t" : 1756452748878,
      "tn" : 1756452748878833516,
      "q" : "1",
      "p" : "0.5733",
      "s" : "sell",
      "i" : "APEUSD-PERP",
      "m" : "4611686018432338115"
    }, {
      "d" : "1756452746962603195",
      "t" : 1756452746962,
      "tn" : 1756452746962603195,
      "q" : "1",
      "p" : "0.5733",
      "s" : "sell",
      "i" : "APEUSD-PERP",
      "m" : "4611686018432338114"
    }, {
      "d" : "1756452739472893180",
      "t" : 1756452739472,
      "tn" : 1756452739472893180,
      "q" : "1",
      "p" : "0.5733",
      "s" : "buy",
      "i" : "APEUSD-PERP",
      "m" : "4611686018432338113"
    }, {
      "d" : "1756452739104076555",
      "t" : 1756452739104,
      "tn" : 1756452739104076555,
      "q" : "1",
      "p" : "0.5732",
      "s" : "sell",
      "i" : "APEUSD-PERP",
      "m" : "4611686018432338112"
    } ]
  }
}