{
  "id" : -1,
  "method" : "public/get-trades",
  "code" : 0,
  "result" : {
    "data" : [ {
      "d" : "1756459287125708344",
      "t" : 1756459287125,
      "tn" : 1756459287125708344,
      "q" : "1",
      "p" : "1.1272",
      "s" : "buy",
      "i" : "API3USD-PERP",
      "m" : "4611686018430076201"
    }, {
      "d" : "1756459286516335407",
      "t" : 1756459286516,
      "tn" : 1756459286516335407,
      "q" : "1",
      "p" : "1.1272",
      "s" : "buy",
      "i" : "API3USD-PERP",
      "m" : "4611686018430076200"
    }, {
      "d" : "1756459286266551013",
      "t" : 1756459286266,
      "tn" : 1756459286266551013,
      "q" : "1",
      "p" : "1.1271",
      "s" : "buy",
      "i" : "API3USD-PERP",
      "m" : "4611686018430076199"
    }, {
      "d" : "1756459286078179296",
      "t" : 1756459286078,
      "tn" : 1756459286078179296,
      "q" : "1",
      "p" : "1.1272",
      "s" : "buy",
      "i" : "API3USD-PERP",
      "m" : "4611686018430076198"
    }, {
      "d" : "1756459286047985200",
      "t" : 1756459286047,
      "tn" : 1756459286047985200,
      "q" : "1",
      "p" : "1.1270",
      "s" : "buy",
      "i" : "API3USD-PERP",
      "m" : "4611686018430076197"
    }, {
      "d" : "1756459285556709203",
      "t" : 1756459285556,
      "tn" : 1756459285556709203,
      "q" : "1",
      "p" : "1.1271",
      "s" : "buy",
      "i" : "API3USD-PERP",
      "m" : "4611686018430076196"
    }, {
      "d" : "1756459285149810035",
      "t" : 1756459285149,
      "tn" : 1756459285149810035,
      "q" : "1",
      "p" : "1.1270",
      "s" : "buy",
      "i" : "API3USD-PERP",
      "m" : "4611686018430076195"
    }, {
      "d" : "1756459284746109196",
      "t" : 1756459284746,
      "tn" : 1756459284746109196,
      "q" : "1",
      "p" : "1.1269",
      "s" : "buy",
      "i" : "API3USD-PERP",
      "m" : "4611686018430076194"
    }, {
      "d" : "1756459284635968178",
      "t" : 1756459284635,
      "tn" : 1756459284635968178,
      "q" : "1",
      "p" : "1.1268",
      "s" : "buy",
      "i" : "API3USD-PERP",
      "m" : "4611686018430076193"
    }, {
      "d" : "1756459284545902639",
      "t" : 1756459284545,
      "tn" : 1756459284545902639,
      "q" : "1",
      "p" : "1.1271",
      "s" : "buy",
      "i" : "API3USD-PERP",
      "m" : "4611686018430076192"
    }, {
      "d" : "1756459284526903794",
      "t" : 1756459284526,
      "tn" : 1756459284526903794,
      "q" : "1",
      "p" : "1.1267",
      "s" : "buy",
      "i" : "API3USD-PERP",
      "m" : "4611686018430076191"
    }, {
      "d" : "1756459284478722371",
      "t" : 1756459284478,
      "tn" : 1756459284478722371,
      "q" : "1",
      "p" : "1.1270",
      "s" : "buy",
      "i" : "API3USD-PERP",
      "m" : "4611686018430076190"
    }, {
      "d" : "1756459284422761725",
      "t" : 1756459284422,
      "tn" : 1756459284422761725,
      "q" : "1",
      "p" : "1.1266",
      "s" : "buy",
      "i" : "API3USD-PERP",
      "m" : "4611686018430076189"
    }, {
      "d" : "1756459281060837555",
      "t" : 1756459281060,
      "tn" : 1756459281060837555,
      "q" : "1",
      "p" : "1.1271",
      "s" : "buy",
      "i" : "API3USD-PERP",
      "m" : "4611686018430076188"
    }, {
      "d" : "1756459281060390978",
      "t" : 1756459281060,
      "tn" : 1756459281060390978,
      "q" : "1",
      "p" : "1.1268",
      "s" : "buy",
      "i" : "API3USD-PERP",
      "m" : "4611686018430076187"
    }, {
      "d" : "1756459277915393790",
      "t" : 1756459277915,
      "tn" : 1756459277915393790,
      "q" : "108",
      "p" : "1.1266",
      "s" : "buy",
      "i" : "API3USD-PERP",
      "m" : "4611686018430076186"
    }, {
      "d" : "1756459277910996799",
      "t" : 1756459277910,
      "tn" : 1756459277910996799,
      "q" : "1",
      "p" : "1.1265",
      "s" : "sell",
      "i" : "API3USD-PERP",
      "m" : "4611686018430076185"
    }, {
      "d" : "1756459277910419587",
      "t" : 1756459277910,
      "tn" : 1756459277910419587,
      "q" : "1",
      "p" : "1.1266",
      "s" : "sell",
      "i" : "API3USD-PERP",
      "m" : "4611686018430076184"
    }, {
      "d" : "1756459262603741447",
      "t" : 1756459262603,
      "tn" : 1756459262603741447,
      "q" : "1",
      "p" : "1.1264",
      "s" : "sell",
      "i" : "API3USD-PERP",
      "m" : "4611686018430076183"
    }, {
      "d" : "1756459262603142617",
      "t" : 1756459262603,
      "tn" : 1756459262603142617,
      "q" : "1",
      "p" : "1.1266",
      "s" : "sell",
      "i" : "API3USD-PERP",
      "m" : "4611686018430076182"
    }, {
      "d" : "1756459260051110637",
      "t" : 1756459260051,
      "tn" : 1756459260051110637,
      "q" : "1",
      "p" : "1.1268",
      "s" : "sell",
      "i" : "API3USD-PERP",
      "m" : "4611686018430076181"
    }, {
      "d" : "1756459227140286156",
      "t" : 1756459227140,
      "tn" : 1756459227140286156,
      "q" : "110",
      "p" : "1.1257",
      "s" : "sell",
      "i" : "API3USD-PERP",
      "m" : "4611686018430076180"
    }, {
      "d" : "1756459227135486753",
      "t" : 1756459227135,
      "tn" : 1756459227135486753,
      "q" : "1",
      "p" : "1.1257",
      "s" : "buy",
      "i" : "API3USD-PERP",
      "m" : "4611686018430076179"
    }, {
      "d" : "1756459223882834601",
      "t" : 1756459223882,
      "tn" : 1756459223882834601,
      "q" : "110",
      "p" : "1.1256",
      "s" : "buy",
      "i" : "API3USD-PERP",
      "m" : "4611686018430076178"
    }, {
      "d" : "1756459223877364326",
      "t" : 1756459223877,
      "tn" : 1756459223877364326,
      "q" : "1",
      "p" : "1.1254",
      "s" : "sell",
      "i" : "API3USD-PERP",
      "m" : "4611686018430076177"
    }, {
      "d" : "1756459223876854512",
      "t" : 1756459223876,
      "tn" : 1756459223876854512,
      "q" : "1",
      "p" : "1.1256",
      "s" : "sell",
      "i" : "API3USD-PERP",
      "m" : "4611686018430076176"
    }, {
      "d" : "1756459213765507711",
      "t" : 1756459213765,
      "tn" : 1756459213765507711,
      "q" : "107",
      "p" : "1.1244",
      "s" : "sell",
      "i" : "API3USD-PERP",
      "m" : "4611686018430076175"
    }, {
      "d" : "1756459213765505971",
      "t" : 1756459213765,
      "tn" : 1756459213765505971,
      "q" : "1",
      "p" : "1.1250",
      "s" : "sell",
      "i" : "API3USD-PERP",
      "m" : "4611686018430076174"
    }, {
      "d" : "1756459213757935339",
      "t" : 1756459213757,
      "tn" : 1756459213757935339,
      "q" : "1",
      "p" : "1.1253",
      "s" : "buy",
      "i" : "API3USD-PERP",
      "m" : "4611686018430076173"
    }, {
      "d" : "1756459213757933220",
      "t" : 1756459213757,
      "tn" : 1756459213757933220,
      "q" : "108",
      "p" : "1.1252",
      "s" : "buy",
      "i" : "API3USD-PERP",
      "m" : "4611686018430076172"
    }, {
      "d" : "1756459213750147854",
      "t" : 1756459213750,
      "tn" : 1756459213750147854,
      "q" : "1",
      "p" : "1.1252",
      "s" : "sell",
      "i" : "API3USD-PERP",
      "m" : "4611686018430076171"
    }, {
      "d" : "1756459200384048793",
      "t" : 1756459200384,
      "tn" : 1756459200384048793,
      "q" : "1",
      "p" : "1.1242",
      "s" : "sell",
      "i" : "API3USD-PERP",
      "m" : "4611686018430076170"
    }, {
      "d" : "1756459200108009975",
      "t" : 1756459200108,
      "tn" : 1756459200108009975,
      "q" : "1",
      "p" : "1.1245",
      "s" : "sell",
      "i" : "API3USD-PERP",
      "m" : "4611686018430076169"
    }, {
      "d" : "1756459161516940494",
      "t" : 1756459161516,
      "tn" : 1756459161516940493,
      "q" : "107",
      "p" : "1.1234",
      "s" : "sell",
      "i" : "API3USD-PERP",
      "m" : "4611686018430076168"
    }, {
      "d" : "1756459161516940493",
      "t" : 1756459161516,
      "tn" : 1756459161516940493,
      "q" : "1",
      "p" : "1.1234",
      "s" : "sell",
      "i" : "API3USD-PERP",
      "m" : "4611686018430076168"
    }, {
      "d" : "1756459161512763575",
      "t" : 1756459161512,
      "tn" : 1756459161512763575,
      "q" : "1",
      "p" : "1.1235",
      "s" : "buy",
      "i" : "API3USD-PERP",
      "m" : "4611686018430076167"
    }, {
      "d" : "1756459156765872508",
      "t" : 1756459156765,
      "tn" : 1756459156765872508,
      "q" : "107",
      "p" : "1.1227",
      "s" : "sell",
      "i" : "API3USD-PERP",
      "m" : "4611686018430076166"
    }, {
      "d" : "1756459156757752307",
      "t" : 1756459156757,
      "tn" : 1756459156757752307,
      "q" : "1",
      "p" : "1.1228",
      "s" : "buy",
      "i" : "API3USD-PERP",
      "m" : "4611686018430076165"
    }, {
      "d" : "1756459156653940750",
      "t" : 1756459156653,
      "tn" : 1756459156653940750,
      "q" : "108",
      "p" : "1.1227",
      "s" : "sell",
      "i" : "API3USD-PERP",
      "m" : "4611686018430076164"
    }, {
      "d" : "1756459156647603210",
      "t" : 1756459156647,
      "tn" : 1756459156647603210,
      "q" : "1",
      "p" : "1.1227",
      "s" : "buy",
      "i" : "API3USD-PERP",
      "m" : "4611686018430076163"
    }, {
      "d" : "1756459151048025312",
      "t" : 1756459151048,
      "tn" : 1756459151048025312,
      "q" : "1",
      "p" : "1.1224",
      "s" : "buy",
      "i" : "API3USD-PERP",
      "m" : "4611686018430076162"
    }, {
      "d" : "1756459145538399130",
      "t" : 1756459145538,
      "tn" : 1756459145538399130,
      "q" : "1",
      "p" : "1.1225",
      "s" : "buy",
      "i" : "API3USD-PERP",
      "m" : "4611686018430076161"
    }, {
      "d" : "1756459144346794327",
      "t" : 1756459144346,
      "tn" : 1756459144346794327,
      "q" : "1",
      "p" : "1.1223",
      "s" : "buy",
      "i" : "API3USD-PERP",
      "m" : "4611686018430076160"
    }, {
      "d" : "1756459140429927159",
      "t" : 1756459140429,
      "tn" : 1756459140429927159,
      "q" : "70",
      "p" : "1.1222",
      "s" : "buy",
      "i" : "API3USD-PERP",
      "m" : "4611686018430076159"
    }, {
      "d" : "1756459140413803130",
      "t" : 1756459140413,
      "tn" : 1756459140413803129,
      "q" : "36",
      "p" : "1.1222",
      "s" : "buy",
      "i" : "API3USD-PERP",
      "m" : "4611686018430076158"
    }, {
      "d" : "1756459140413803129",
      "t" : 1756459140413,
      "tn" : 1756459140413803129,
      "q" : "1",
      "p" : "1.1222",
      "s" : "buy",
      "i" : "API3USD-PERP",
      "m" : "4611686018430076158"
    }, {
      "d" : "1756459140260958962",
      "t" : 1756459140260,
      "tn" : 1756459140260958961,
      "q" : "97",
      "p" : "1.1221",
      "s" : "buy",
      "i" : "API3USD-PERP",
      "m" : "4611686018430076157"
    }, {
      "d" : "1756459140260958961",
      "t" : 1756459140260,
      "tn" : 1756459140260958961,
      "q" : "1",
      "p" : "1.1221",
      "s" : "buy",
      "i" : "API3USD-PERP",
      "m" : "4611686018430076157"
    }, {
      "d" : "1756459131356172838",
      "t" : 1756459131356,
      "tn" : 1756459131356172838,
      "q" : "107",
      "p" : "1.1222",
      "s" : "buy",
      "i" : "API3USD-PERP",
      "m" : "4611686018430076156"
    }, {
      "d" : "1756459131351669128",
      "t" : 1756459131351,
      "tn" : 1756459131351669128,
      "q" : "1",
      "p" : "1.1222",
      "s" : "sell",
      "i" : "API3USD-PERP",
      "m" : "4611686018430076155"
    }, {
      "d" : "1756459130164902229",
      "t" : 1756459130164,
      "tn" : 1756459130164902229,
      "q" : "104",
      "p" : "1.1211",
      "s" : "sell",
      "i" : "API3USD-PERP",
      "m" : "4611686018430076154"
    }, {
      "d" : "1756459130164900214",
      "t" : 1756459130164,
      "tn" : 1756459130164900214,
      "q" : "1",
      "p" : "1.1221",
      "s" : "sell",
      "i" : "API3USD-PERP",
      "m" : "4611686018430076153"
    }, {
      "d" : "1756459130159200263",
      "t" : 1756459130159,
      "tn" : 1756459130159200263,
      "q" : "106",
      "p" : "1.1222",
      "s" : "buy",
      "i" : "API3USD-PERP",
      "m" : "4611686018430076152"
    }, {
      "d" : "1756459130146999700",
      "t" : 1756459130146,
      "tn" : 1756459130146999700,
      "q" : "1",
      "p" : "1.1222",
      "s" : "sell",
      "i" : "API3USD-PERP",
      "m" : "4611686018430076151"
    }, {
      "d" : "1756459122396733081",
      "t" : 1756459122396,
      "tn" : 1756459122396733081,
      "q" : "1",
      "p" : "1.1223",
      "s" : "sell",
      "i" : "API3USD-PERP",
      "m" : "4611686018430076150"
    }, {
      "d" : "1756459122389979575",
      "t" : 1756459122389,
      "tn" : 1756459122389979575,
      "q" : "1",
      "p" : "1.1222",
      "s" : "sell",
      "i" : "API3USD-PERP",
      "m" : "4611686018430076149"
    }, {
      "d" : "1756459122284939778",
      "t" : 1756459122284,
      "tn" : 1756459122284939778,
      "q" : "1",
      "p" : "1.1224",
      "s" : "sell",
      "i" : "API3USD-PERP",
      "m" : "4611686018430076148"
    }, {
      "d" : "1756459122156250536",
      "t" : 1756459122156,
      "tn" : 1756459122156250536,
      "q" : "1",
      "p" : "1.1226",
      "s" : "sell",
      "i" : "API3USD-PERP",
      "m" : "4611686018430076147"
    }, {
      "d" : "1756459117069066978",
      "t" : 1756459117069,
      "tn" : 1756459117069066978,
      "q" : "1",
      "p" : "1.1227",
      "s" : "sell",
      "i" : "API3USD-PERP",
      "m" : "4611686018430076146"
    }, {
      "d" : "1756459117068624050",
      "t" : 1756459117068,
      "tn" : 1756459117068624050,
      "q" : "1",
      "p" : "1.1228",
      "s" : "sell",
      "i" : "API3USD-PERP",
      "m" : "4611686018430076145"
    }, {
      "d" : "1756459110012754701",
      "t" : 1756459110012,
      "tn" : 1756459110012754701,
      "q" : "1",
      "p" : "1.1229",
      "s" : "sell",
      "i" : "API3USD-PERP",
      "m" : "4611686018430076144"
    }, {
      "d" : "1756459109891772219",
      "t" : 1756459109891,
      "tn" : 1756459109891772219,
      "q" : "1",
      "p" : "1.1229",
      "s" : "sell",
      "i" : "API3USD-PERP",
      "m" : "4611686018430076143"
    }, {
      "d" : "1756459109891225999",
      "t" : 1756459109891,
      "tn" : 1756459109891225999,
      "q" : "1",
      "p" : "1.1231",
      "s" : "sell",
      "i" : "API3USD-PERP",
      "m" : "4611686018430076142"
    }, {
      "d" : "1756459105349114599",
      "t" : 1756459105349,
      "tn" : 1756459105349114599,
      "q" : "1",
      "p" : "1.1229",
      "s" : "sell",
      "i" : "API3USD-PERP",
      "m" : "4611686018430076141"
    }, {
      "d" : "1756459083368692096",
      "t" : 1756459083368,
      "tn" : 1756459083368692096,
      "q" : "1",
      "p" : "1.1220",
      "s" : "sell",
      "i" : "API3USD-PERP",
      "m" : "4611686018430076140"
    }, {
      "d" : "1756459083210073002",
      "t" : 1756459083210,
      "tn" : 1756459083210073002,
      "q" : "1",
      "p" : "1.1221",
      "s" : "sell",
      "i" : "API3USD-PERP",
      "m" : "4611686018430076139"
    }, {
      "d" : "1756459083064426776",
      "t" : 1756459083064,
      "tn" : 1756459083064426776,
      "q" : "1",
      "p" : "1.1222",
      "s" : "sell",
      "i" : "API3USD-PERP",
      "m" : "4611686018430076138"
    }, {
      "d" : "1756459082029266813",
      "t" : 1756459082029,
      "tn" : 1756459082029266813,
      "q" : "1",
      "p" : "1.1221",
      "s" : "sell",
      "i" : "API3USD-PERP",
      "m" : "4611686018430076137"
    }, {
      "d" : "1756459082028772986",
      "t" : 1756459082028,
      "tn" : 1756459082028772986,
      "q" : "1",
      "p" : "1.1225",
      "s" : "sell",
      "i" : "API3USD-PERP",
      "m" : "4611686018430076136"
    }, {
      "d" : "1756459064355719322",
      "t" : 1756459064355,
      "tn" : 1756459064355719322,
      "q" : "105",
      "p" : "1.1213",
      "s" : "sell",
      "i" : "API3USD-PERP",
      "m" : "4611686018430076135"
    }, {
      "d" : "1756459064349183395",
      "t" : 1756459064349,
      "tn" : 1756459064349183395,
      "q" : "1",
      "p" : "1.1214",
      "s" : "buy",
      "i" : "API3USD-PERP",
      "m" : "4611686018430076134"
    }, {
      "d" : "1756459064237660206",
      "t" : 1756459064237,
      "tn" : 1756459064237660206,
      "q" : "105",
      "p" : "1.1214",
      "s" : "sell",
      "i" : "API3USD-PERP",
      "m" : "4611686018430076133"
    }, {
      "d" : "1756459064233605525",
      "t" : 1756459064233,
      "tn" : 1756459064233605524,
      "q" : "1",
      "p" : "1.1215",
      "s" : "buy",
      "i" : "API3USD-PERP",
      "m" : "4611686018430076132"
    }, {
      "d" : "1756459064233605524",
      "t" : 1756459064233,
      "tn" : 1756459064233605524,
      "q" : "1",
      "p" : "1.1215",
      "s" : "buy",
      "i" : "API3USD-PERP",
      "m" : "4611686018430076132"
    }, {
      "d" : "1756459063877776042",
      "t" : 1756459063877,
      "tn" : 1756459063877776042,
      "q" : "105",
      "p" : "1.1214",
      "s" : "sell",
      "i" : "API3USD-PERP",
      "m" : "4611686018430076131"
    }, {
      "d" : "1756459063872367519",
      "t" : 1756459063872,
      "tn" : 1756459063872367519,
      "q" : "1",
      "p" : "1.1215",
      "s" : "buy",
      "i" : "API3USD-PERP",
      "m" : "4611686018430076130"
    }, {
      "d" : "1756459063871847180",
      "t" : 1756459063871,
      "tn" : 1756459063871847180,
      "q" : "1",
      "p" : "1.1214",
      "s" : "buy",
      "i" : "API3USD-PERP",
      "m" : "4611686018430076129"
    }, {
      "d" : "1756459060936786231",
      "t" : 1756459060936,
      "tn" : 1756459060936786231,
      "q" : "1",
      "p" : "1.1212",
      "s" : "buy",
      "i" : "API3USD-PERP",
      "m" : "4611686018430076128"
    }, {
      "d" : "1756459060800979654",
      "t" : 1756459060800,
      "tn" : 1756459060800979654,
      "q" : "1",
      "p" : "1.1212",
      "s" : "buy",
      "i" : "API3USD-PERP",
      "m" : "4611686018430076127"
    }, {
      "d" : "1756459060800521580",
      "t" : 1756459060800,
      "tn" : 1756459060800521580,
      "q" : "1",
      "p" : "1.1211",
      "s" : "buy",
      "i" : "API3USD-PERP",
      "m" : "4611686018430076126"
    }, {
      "d" : "1756459060599674744",
      "t" : 1756459060599,
      "tn" : 1756459060599674744,
      "q" : "1",
      "p" : "1.1212",
      "s" : "buy",
      "i" : "API3USD-PERP",
      "m" : "4611686018430076125"
    }, {
      "d" : "1756459060598260637",
      "t" : 1756459060598,
      "tn" : 1756459060598260637,
      "q" : "1",
      "p" : "1.1210",
      "s" : "buy",
      "i" : "API3USD-PERP",
      "m" : "4611686018430076124"
    }, {
      "d" : "1756459056111133766",
      "t" : 1756459056111,
      "tn" : 1756459056111133765,
      "q" : "21",
      "p" : "1.1215",
      "s" : "buy",
      "i" : "API3USD-PERP",
      "m" : "4611686018430076123"
    }, {
      "d" : "1756459056111133765",
      "t" : 1756459056111,
      "tn" : 1756459056111133765,
      "q" : "1",
      "p" : "1.1215",
      "s" : "buy",
      "i" : "API3USD-PERP",
      "m" : "4611686018430076123"
    }, {
      "d" : "1756459056111129302",
      "t" : 1756459056111,
      "tn" : 1756459056111129302,
      "q" : "1",
      "p" : "1.1212",
      "s" : "buy",
      "i" : "API3USD-PERP",
      "m" : "4611686018430076122"
    }, {
      "d" : "1756459055169670584",
      "t" : 1756459055169,
      "tn" : 1756459055169670584,
      "q" : "104",
      "p" : "1.1214",
      "s" : "buy",
      "i" : "API3USD-PERP",
      "m" : "4611686018430076121"
    }, {
      "d" : "1756459055169668666",
      "t" : 1756459055169,
      "tn" : 1756459055169668666,
      "q" : "1",
      "p" : "1.1212",
      "s" : "buy",
      "i" : "API3USD-PERP",
      "m" : "4611686018430076120"
    }, {
      "d" : "1756459054964714335",
      "t" : 1756459054964,
      "tn" : 1756459054964714335,
      "q" : "1",
      "p" : "1.1210",
      "s" : "buy",
      "i" : "API3USD-PERP",
      "m" : "4611686018430076119"
    }, {
      "d" : "1756459052867024093",
      "t" : 1756459052867,
      "tn" : 1756459052867024093,
      "q" : "109",
      "p" : "1.1210",
      "s" : "buy",
      "i" : "API3USD-PERP",
      "m" : "4611686018430076118"
    }, {
      "d" : "1756459052867021969",
      "t" : 1756459052867,
      "tn" : 1756459052867021969,
      "q" : "109",
      "p" : "1.1209",
      "s" : "buy",
      "i" : "API3USD-PERP",
      "m" : "4611686018430076117"
    }, {
      "d" : "1756459052861422920",
      "t" : 1756459052861,
      "tn" : 1756459052861422920,
      "q" : "1",
      "p" : "1.1208",
      "s" : "sell",
      "i" : "API3USD-PERP",
      "m" : "4611686018430076116"
    }, {
      "d" : "1756459050203866430",
      "t" : 1756459050203,
      "tn" : 1756459050203866430,
      "q" : "1",
      "p" : "1.1212",
      "s" : "sell",
      "i" : "API3USD-PERP",
      "m" : "4611686018430076115"
    }, {
      "d" : "1756459042606428926",
      "t" : 1756459042606,
      "tn" : 1756459042606428926,
      "q" : "1",
      "p" : "1.1218",
      "s" : "sell",
      "i" : "API3USD-PERP",
      "m" : "4611686018430076114"
    }, {
      "d" : "1756459039297379289",
      "t" : 1756459039297,
      "tn" : 1756459039297379289,
      "q" : "1",
      "p" : "1.1221",
      "s" : "sell",
      "i" : "API3USD-PERP",
      "m" : "4611686018430076113"
    }, {
      "d" : "1756459039190747232",
      "t" : 1756459039190,
      "tn" : 1756459039190747232,
      "q" : "1",
      "p" : "1.1222",
      "s" : "sell",
      "i" : "API3USD-PERP",
      "m" : "4611686018430076112"
    }, {
      "d" : "1756459038818273314",
      "t" : 1756459038818,
      "tn" : 1756459038818273314,
      "q" : "1",
      "p" : "1.1224",
      "s" : "sell",
      "i" : "API3USD-PERP",
      "m" : "4611686018430076111"
    }, {
      "d" : "1756459037907213981",
      "t" : 1756459037907,
      "tn" : 1756459037907213981,
      "q" : "1",
      "p" : "1.1226",
      "s" : "sell",
      "i" : "API3USD-PERP",
      "m" : "4611686018430076110"
    }, {
      "d" : "1756459032078400449",
      "t" : 1756459032078,
      "tn" : 1756459032078400449,
      "q" : "1",
      "p" : "1.1223",
      "s" : "sell",
      "i" : "API3USD-PERP",
      "m" : "4611686018430076109"
    }, {
      "d" : "1756459032074329003",
      "t" : 1756459032074,
      "tn" : 1756459032074329003,
      "q" : "108",
      "p" : "1.1223",
      "s" : "sell",
      "i" : "API3USD-PERP",
      "m" : "4611686018430076108"
    }, {
      "d" : "1756459032074326981",
      "t" : 1756459032074,
      "tn" : 1756459032074326981,
      "q" : "1",
      "p" : "1.1226",
      "s" : "sell",
      "i" : "API3USD-PERP",
      "m" : "4611686018430076107"
    }, {
      "d" : "1756459032040576284",
      "t" : 1756459032040,
      "tn" : 1756459032040576284,
      "q" : "108",
      "p" : "1.1228",
      "s" : "sell",
      "i" : "API3USD-PERP",
      "m" : "4611686018430076106"
    }, {
      "d" : "1756459029026780459",
      "t" : 1756459029026,
      "tn" : 1756459029026780459,
      "q" : "1",
      "p" : "1.1229",
      "s" : "sell",
      "i" : "API3USD-PERP",
      "m" : "4611686018430076105"
    }, {
      "d" : "1756459028693253636",
      "t" : 1756459028693,
      "tn" : 1756459028693253636,
      "q" : "1",
      "p" : "1.1228",
      "s" : "buy",
      "i" : "API3USD-PERP",
      "m" : "4611686018430076104"
    }, {
      "d" : "1756459026539864099",
      "t" : 1756459026539,
      "tn" : 1756459026539864099,
      "q" : "109",
      "p" : "1.1225",
      "s" : "sell",
      "i" : "API3USD-PERP",
      "m" : "4611686018430076103"
    }, {
      "d" : "1756459026532507291",
      "t" : 1756459026532,
      "tn" : 1756459026532507291,
      "q" : "1",
      "p" : "1.1225",
      "s" : "buy",
      "i" : "API3USD-PERP",
      "m" : "4611686018430076102"
    }, {
      "d" : "1756459024233798471",
      "t" : 1756459024233,
      "tn" : 1756459024233798471,
      "q" : "1",
      "p" : "1.1225",
      "s" : "buy",
      "i" : "API3USD-PERP",
      "m" : "4611686018430076101"
    }, {
      "d" : "1756459024233797022",
      "t" : 1756459024233,
      "tn" : 1756459024233797022,
      "q" : "1",
      "p" : "1.1224",
      "s" : "buy",
      "i" : "API3USD-PERP",
      "m" : "4611686018430076100"
    }, {
      "d" : "1756459023384827027",
      "t" : 1756459023384,
      "tn" : 1756459023384827027,
      "q" : "1",
      "p" : "1.1228",
      "s" : "buy",
      "i" : "API3USD-PERP",
      "m" : "4611686018430076099"
    }, {
      "d" : "1756459023384343663",
      "t" : 1756459023384,
      "tn" : 1756459023384343663,
      "q" : "1",
      "p" : "1.1227",
      "s" : "buy",
      "i" : "API3USD-PERP",
      "m" : "4611686018430076098"
    }, {
      "d" : "1756459022564704798",
      "t" : 1756459022564,
      "tn" : 1756459022564704798,
      "q" : "1",
      "p" : "1.1229",
      "s" : "buy",
      "i" : "API3USD-PERP",
      "m" : "4611686018430076097"
    }, {
      "d" : "1756459022346637533",
      "t" : 1756459022346,
      "tn" : 1756459022346637533,
      "q" : "1",
      "p" : "1.1228",
      "s" : "buy",
      "i" : "API3USD-PERP",
      "m" : "4611686018430076096"
    }, {
      "d" : "1756459022250738159",
      "t" : 1756459022250,
      "tn" : 1756459022250738159,
      "q" : "1",
      "p" : "1.1228",
      "s" : "buy",
      "i" : "API3USD-PERP",
      "m" : "4611686018430076095"
    }, {
      "d" : "1756459022241836732",
      "t" : 1756459022241,
      "tn" : 1756459022241836732,
      "q" : "1",
      "p" : "1.1227",
      "s" : "buy",
      "i" : "API3USD-PERP",
      "m" : "4611686018430076094"
    }, {
      "d" : "1756459022163960907",
      "t" : 1756459022163,
      "tn" : 1756459022163960907,
      "q" : "1",
      "p" : "1.1227",
      "s" : "buy",
      "i" : "API3USD-PERP",
      "m" : "4611686018430076093"
    }, {
      "d" : "1756459022126639941",
      "t" : 1756459022126,
      "tn" : 1756459022126639941,
      "q" : "1",
      "p" : "1.1225",
      "s" : "buy",
      "i" : "API3USD-PERP",
      "m" : "4611686018430076092"
    }, {
      "d" : "1756459022099141462",
      "t" : 1756459022099,
      "tn" : 1756459022099141462,
      "q" : "1",
      "p" : "1.1225",
      "s" : "buy",
      "i" : "API3USD-PERP",
      "m" : "4611686018430076091"
    }, {
      "d" : "1756459021798920763",
      "t" : 1756459021798,
      "tn" : 1756459021798920763,
      "q" : "1",
      "p" : "1.1224",
      "s" : "buy",
      "i" : "API3USD-PERP",
      "m" : "4611686018430076090"
    }, {
      "d" : "1756459021387364135",
      "t" : 1756459021387,
      "tn" : 1756459021387364135,
      "q" : "1",
      "p" : "1.1223",
      "s" : "buy",
      "i" : "API3USD-PERP",
      "m" : "4611686018430076089"
    }, {
      "d" : "1756459021260868951",
      "t" : 1756459021260,
      "tn" : 1756459021260868951,
      "q" : "1",
      "p" : "1.1222",
      "s" : "buy",
      "i" : "API3USD-PERP",
      "m" : "4611686018430076088"
    }, {
      "d" : "1756459021030087415",
      "t" : 1756459021030,
      "tn" : 1756459021030087415,
      "q" : "1",
      "p" : "1.1221",
      "s" : "buy",
      "i" : "API3USD-PERP",
      "m" : "4611686018430076087"
    }, {
      "d" : "1756459020280457768",
      "t" : 1756459020280,
      "tn" : 1756459020280457768,
      "q" : "105",
      "p" : "1.1225",
      "s" : "buy",
      "i" : "API3USD-PERP",
      "m" : "4611686018430076086"
    }, {
      "d" : "1756459020280457236",
      "t" : 1756459020280,
      "tn" : 1756459020280457236,
      "q" : "1",
      "p" : "1.1223",
      "s" : "buy",
      "i" : "API3USD-PERP",
      "m" : "4611686018430076085"
    }, {
      "d" : "1756459020280454292",
      "t" : 1756459020280,
      "tn" : 1756459020280454292,
      "q" : "106",
      "p" : "1.1222",
      "s" : "buy",
      "i" : "API3USD-PERP",
      "m" : "4611686018430076084"
    }, {
      "d" : "1756459020280452760",
      "t" : 1756459020280,
      "tn" : 1756459020280452759,
      "q" : "106",
      "p" : "1.1220",
      "s" : "buy",
      "i" : "API3USD-PERP",
      "m" : "4611686018430076083"
    }, {
      "d" : "1756459020280452759",
      "t" : 1756459020280,
      "tn" : 1756459020280452759,
      "q" : "1",
      "p" : "1.1220",
      "s" : "buy",
      "i" : "API3USD-PERP",
      "m" : "4611686018430076083"
    }, {
      "d" : "1756459020275636805",
      "t" : 1756459020275,
      "tn" : 1756459020275636805,
      "q" : "1",
      "p" : "1.1217",
      "s" : "sell",
      "i" : "API3USD-PERP",
      "m" : "4611686018430076082"
    }, {
      "d" : "1756459020275137203",
      "t" : 1756459020275,
      "tn" : 1756459020275137203,
      "q" : "1",
      "p" : "1.1218",
      "s" : "sell",
      "i" : "API3USD-PERP",
      "m" : "4611686018430076081"
    }, {
      "d" : "1756459020145924723",
      "t" : 1756459020145,
      "tn" : 1756459020145924722,
      "q" : "106",
      "p" : "1.1223",
      "s" : "buy",
      "i" : "API3USD-PERP",
      "m" : "4611686018430076080"
    }, {
      "d" : "1756459020145924722",
      "t" : 1756459020145,
      "tn" : 1756459020145924722,
      "q" : "1",
      "p" : "1.1223",
      "s" : "buy",
      "i" : "API3USD-PERP",
      "m" : "4611686018430076080"
    }, {
      "d" : "1756459020142291844",
      "t" : 1756459020142,
      "tn" : 1756459020142291844,
      "q" : "106",
      "p" : "1.1222",
      "s" : "buy",
      "i" : "API3USD-PERP",
      "m" : "4611686018430076079"
    }, {
      "d" : "1756459020137223539",
      "t" : 1756459020137,
      "tn" : 1756459020137223539,
      "q" : "1",
      "p" : "1.1221",
      "s" : "sell",
      "i" : "API3USD-PERP",
      "m" : "4611686018430076078"
    }, {
      "d" : "1756459020136656323",
      "t" : 1756459020136,
      "tn" : 1756459020136656323,
      "q" : "1",
      "p" : "1.1222",
      "s" : "sell",
      "i" : "API3USD-PERP",
      "m" : "4611686018430076077"
    }, {
      "d" : "1756458941839655621",
      "t" : 1756458941839,
      "tn" : 1756458941839655621,
      "q" : "529",
      "p" : "1.1189",
      "s" : "sell",
      "i" : "API3USD-PERP",
      "m" : "4611686018430076076"
    }, {
      "d" : "1756458941839654024",
      "t" : 1756458941839,
      "tn" : 1756458941839654024,
      "q" : "108",
      "p" : "1.1198",
      "s" : "sell",
      "i" : "API3USD-PERP",
      "m" : "4611686018430076075"
    }, {
      "d" : "1756458941839651747",
      "t" : 1756458941839,
      "tn" : 1756458941839651747,
      "q" : "1",
      "p" : "1.1200",
      "s" : "sell",
      "i" : "API3USD-PERP",
      "m" : "4611686018430076074"
    }, {
      "d" : "1756458941831684857",
      "t" : 1756458941831,
      "tn" : 1756458941831684857,
      "q" : "107",
      "p" : "1.1202",
      "s" : "buy",
      "i" : "API3USD-PERP",
      "m" : "4611686018430076073"
    }, {
      "d" : "1756458941821675871",
      "t" : 1756458941821,
      "tn" : 1756458941821675871,
      "q" : "107",
      "p" : "1.1201",
      "s" : "sell",
      "i" : "API3USD-PERP",
      "m" : "4611686018430076072"
    }, {
      "d" : "1756458941821674082",
      "t" : 1756458941821,
      "tn" : 1756458941821674082,
      "q" : "1",
      "p" : "1.1202",
      "s" : "sell",
      "i" : "API3USD-PERP",
      "m" : "4611686018430076071"
    }, {
      "d" : "1756458941709643631",
      "t" : 1756458941709,
      "tn" : 1756458941709643630,
      "q" : "75",
      "p" : "1.1203",
      "s" : "sell",
      "i" : "API3USD-PERP",
      "m" : "4611686018430076070"
    }, {
      "d" : "1756458941709643630",
      "t" : 1756458941709,
      "tn" : 1756458941709643630,
      "q" : "1",
      "p" : "1.1203",
      "s" : "sell",
      "i" : "API3USD-PERP",
      "m" : "4611686018430076070"
    }, {
      "d" : "1756458939381456660",
      "t" : 1756458939381,
      "tn" : 1756458939381456659,
      "q" : "108",
      "p" : "1.1202",
      "s" : "sell",
      "i" : "API3USD-PERP",
      "m" : "4611686018430076069"
    }, {
      "d" : "1756458939381456659",
      "t" : 1756458939381,
      "tn" : 1756458939381456659,
      "q" : "1",
      "p" : "1.1202",
      "s" : "sell",
      "i" : "API3USD-PERP",
      "m" : "4611686018430076069"
    }, {
      "d" : "1756458939381452994",
      "t" : 1756458939381,
      "tn" : 1756458939381452994,
      "q" : "108",
      "p" : "1.1203",
      "s" : "sell",
      "i" : "API3USD-PERP",
      "m" : "4611686018430076068"
    }, {
      "d" : "1756458939376086406",
      "t" : 1756458939376,
      "tn" : 1756458939376086406,
      "q" : "1",
      "p" : "1.1203",
      "s" : "buy",
      "i" : "API3USD-PERP",
      "m" : "4611686018430076067"
    }, {
      "d" : "1756458901492671454",
      "t" : 1756458901492,
      "tn" : 1756458901492671454,
      "q" : "108",
      "p" : "1.1206",
      "s" : "buy",
      "i" : "API3USD-PERP",
      "m" : "4611686018430076066"
    }, {
      "d" : "1756458901492669893",
      "t" : 1756458901492,
      "tn" : 1756458901492669893,
      "q" : "1",
      "p" : "1.1205",
      "s" : "buy",
      "i" : "API3USD-PERP",
      "m" : "4611686018430076065"
    }, {
      "d" : "1756458901009820296",
      "t" : 1756458901009,
      "tn" : 1756458901009820296,
      "q" : "1",
      "p" : "1.1208",
      "s" : "buy",
      "i" : "API3USD-PERP",
      "m" : "4611686018430076064"
    }, {
      "d" : "1756458901005848647",
      "t" : 1756458901005,
      "tn" : 1756458901005848646,
      "q" : "108",
      "p" : "1.1208",
      "s" : "buy",
      "i" : "API3USD-PERP",
      "m" : "4611686018430076063"
    }, {
      "d" : "1756458901005848646",
      "t" : 1756458901005,
      "tn" : 1756458901005848646,
      "q" : "1",
      "p" : "1.1208",
      "s" : "buy",
      "i" : "API3USD-PERP",
      "m" : "4611686018430076063"
    }, {
      "d" : "1756458900889776038",
      "t" : 1756458900889,
      "tn" : 1756458900889776038,
      "q" : "19",
      "p" : "1.1210",
      "s" : "buy",
      "i" : "API3USD-PERP",
      "m" : "4611686018430076062"
    } ]
  }
}