{
  "id" : -1,
  "method" : "public/get-trades",
  "code" : 0,
  "result" : {
    "data" : [ {
      "d" : "1756459565498859851",
      "t" : 1756459565498,
      "tn" : 1756459565498859851,
      "q" : "54.3",
      "p" : "1.1206",
      "s" : "buy",
      "i" : "API3_USD",
      "m" : "4611686018430333472"
    }, {
      "d" : "1756458115146515352",
      "t" : 1756458115146,
      "tn" : 1756458115146515352,
      "q" : "30.4",
      "p" : "1.1220",
      "s" : "buy",
      "i" : "API3_USD",
      "m" : "4611686018430333471"
    }, {
      "d" : "1756456470093538409",
      "t" : 1756456470093,
      "tn" : 1756456470093538409,
      "q" : "149.2",
      "p" : "1.1319",
      "s" : "buy",
      "i" : "API3_USD",
      "m" : "4611686018430333470"
    }, {
      "d" : "1756454182474292665",
      "t" : 1756454182474,
      "tn" : 1756454182474292665,
      "q" : "181.5",
      "p" : "1.1350",
      "s" : "sell",
      "i" : "API3_USD",
      "m" : "4611686018430333469"
    }, {
      "d" : "1756453488700495106",
      "t" : 1756453488700,
      "tn" : 1756453488700495106,
      "q" : "12.3",
      "p" : "1.1331",
      "s" : "buy",
      "i" : "API3_USD",
      "m" : "4611686018430333468"
    }, {
      "d" : "1756453485369824441",
      "t" : 1756453485369,
      "tn" : 1756453485369824441,
      "q" : "88.1",
      "p" : "1.1338",
      "s" : "sell",
      "i" : "API3_USD",
      "m" : "4611686018430333467"
    }, {
      "d" : "1756453359963566938",
      "t" : 1756453359963,
      "tn" : 1756453359963566938,
      "q" : "15.1",
      "p" : "1.1378",
      "s" : "sell",
      "i" : "API3_USD",
      "m" : "4611686018430333466"
    }, {
      "d" : "1756451522980428615",
      "t" : 1756451522980,
      "tn" : 1756451522980428615,
      "q" : "5.8",
      "p" : "1.1509",
      "s" : "buy",
      "i" : "API3_USD",
      "m" : "4611686018430333465"
    }, {
      "d" : "1756451522980427303",
      "t" : 1756451522980,
      "tn" : 1756451522980427303,
      "q" : "154.9",
      "p" : "1.1503",
      "s" : "buy",
      "i" : "API3_USD",
      "m" : "4611686018430333464"
    }, {
      "d" : "1756451522977716351",
      "t" : 1756451522977,
      "tn" : 1756451522977716351,
      "q" : "130.5",
      "p" : "1.1503",
      "s" : "buy",
      "i" : "API3_USD",
      "m" : "4611686018430333463"
    }, {
      "d" : "1756447917542029573",
      "t" : 1756447917542,
      "tn" : 1756447917542029573,
      "q" : "11.8",
      "p" : "1.1511",
      "s" : "sell",
      "i" : "API3_USD",
      "m" : "4611686018430333462"
    }, {
      "d" : "1756447234269634407",
      "t" : 1756447234269,
      "tn" : 1756447234269634407,
      "q" : "99.0",
      "p" : "1.1539",
      "s" : "sell",
      "i" : "API3_USD",
      "m" : "4611686018430333461"
    }, {
      "d" : "1756447234268357759",
      "t" : 1756447234268,
      "tn" : 1756447234268357759,
      "q" : "110.9",
      "p" : "1.1539",
      "s" : "sell",
      "i" : "API3_USD",
      "m" : "4611686018430333460"
    }, {
      "d" : "1756447234265608103",
      "t" : 1756447234265,
      "tn" : 1756447234265608103,
      "q" : "35.1",
      "p" : "1.1539",
      "s" : "sell",
      "i" : "API3_USD",
      "m" : "4611686018430333459"
    }, {
      "d" : "1756447234264144789",
      "t" : 1756447234264,
      "tn" : 1756447234264144789,
      "q" : "35.1",
      "p" : "1.1539",
      "s" : "sell",
      "i" : "API3_USD",
      "m" : "4611686018430333458"
    }, {
      "d" : "1756447234258358343",
      "t" : 1756447234258,
      "tn" : 1756447234258358343,
      "q" : "35.1",
      "p" : "1.1539",
      "s" : "sell",
      "i" : "API3_USD",
      "m" : "4611686018430333457"
    }, {
      "d" : "1756447234253342921",
      "t" : 1756447234253,
      "tn" : 1756447234253342921,
      "q" : "35.1",
      "p" : "1.1539",
      "s" : "sell",
      "i" : "API3_USD",
      "m" : "4611686018430333456"
    }, {
      "d" : "1756447234248309792",
      "t" : 1756447234248,
      "tn" : 1756447234248309792,
      "q" : "35.1",
      "p" : "1.1539",
      "s" : "sell",
      "i" : "API3_USD",
      "m" : "4611686018430333455"
    }, {
      "d" : "1756447234243380954",
      "t" : 1756447234243,
      "tn" : 1756447234243380954,
      "q" : "35.1",
      "p" : "1.1539",
      "s" : "sell",
      "i" : "API3_USD",
      "m" : "4611686018430333454"
    }, {
      "d" : "1756447234235119555",
      "t" : 1756447234235,
      "tn" : 1756447234235119555,
      "q" : "60.4",
      "p" : "1.1539",
      "s" : "sell",
      "i" : "API3_USD",
      "m" : "4611686018430333453"
    }, {
      "d" : "1756447234233663223",
      "t" : 1756447234233,
      "tn" : 1756447234233663223,
      "q" : "156.9",
      "p" : "1.1540",
      "s" : "sell",
      "i" : "API3_USD",
      "m" : "4611686018430333452"
    }, {
      "d" : "1756446632601523597",
      "t" : 1756446632601,
      "tn" : 1756446632601523597,
      "q" : "42.0",
      "p" : "1.1539",
      "s" : "buy",
      "i" : "API3_USD",
      "m" : "4611686018430333451"
    }, {
      "d" : "1756446632599488611",
      "t" : 1756446632599,
      "tn" : 1756446632599488611,
      "q" : "10.2",
      "p" : "1.1539",
      "s" : "buy",
      "i" : "API3_USD",
      "m" : "4611686018430333450"
    }, {
      "d" : "1756444518317502392",
      "t" : 1756444518317,
      "tn" : 1756444518317502392,
      "q" : "107.6",
      "p" : "1.1591",
      "s" : "buy",
      "i" : "API3_USD",
      "m" : "4611686018430333449"
    }, {
      "d" : "1756444518312586512",
      "t" : 1756444518312,
      "tn" : 1756444518312586512,
      "q" : "162.4",
      "p" : "1.1591",
      "s" : "buy",
      "i" : "API3_USD",
      "m" : "4611686018430333448"
    }, {
      "d" : "1756434461299707618",
      "t" : 1756434461299,
      "tn" : 1756434461299707618,
      "q" : "11.3",
      "p" : "1.1788",
      "s" : "buy",
      "i" : "API3_USD",
      "m" : "4611686018430333447"
    }, {
      "d" : "1756433117775879341",
      "t" : 1756433117775,
      "tn" : 1756433117775879341,
      "q" : "21.5",
      "p" : "1.1711",
      "s" : "sell",
      "i" : "API3_USD",
      "m" : "4611686018430333446"
    }, {
      "d" : "1756433117775781239",
      "t" : 1756433117775,
      "tn" : 1756433117775781239,
      "q" : "18.8",
      "p" : "1.1711",
      "s" : "sell",
      "i" : "API3_USD",
      "m" : "4611686018430333445"
    }, {
      "d" : "1756433117772662727",
      "t" : 1756433117772,
      "tn" : 1756433117772662727,
      "q" : "21.5",
      "p" : "1.1711",
      "s" : "sell",
      "i" : "API3_USD",
      "m" : "4611686018430333444"
    }, {
      "d" : "1756430942145086776",
      "t" : 1756430942145,
      "tn" : 1756430942145086776,
      "q" : "7.8",
      "p" : "1.1745",
      "s" : "sell",
      "i" : "API3_USD",
      "m" : "4611686018430333443"
    }, {
      "d" : "1756429208996031092",
      "t" : 1756429208996,
      "tn" : 1756429208996031092,
      "q" : "16.6",
      "p" : "1.1697",
      "s" : "buy",
      "i" : "API3_USD",
      "m" : "4611686018430333442"
    }, {
      "d" : "1756429132160735628",
      "t" : 1756429132160,
      "tn" : 1756429132160735628,
      "q" : "0.3",
      "p" : "1.1728",
      "s" : "sell",
      "i" : "API3_USD",
      "m" : "4611686018430333441"
    }, {
      "d" : "1756429132160703535",
      "t" : 1756429132160,
      "tn" : 1756429132160703535,
      "q" : "17.1",
      "p" : "1.1728",
      "s" : "sell",
      "i" : "API3_USD",
      "m" : "4611686018430333440"
    }, {
      "d" : "1756428853932098305",
      "t" : 1756428853932,
      "tn" : 1756428853932098305,
      "q" : "0.1",
      "p" : "1.1664",
      "s" : "buy",
      "i" : "API3_USD",
      "m" : "4611686018430333439"
    }, {
      "d" : "1756428853927811897",
      "t" : 1756428853927,
      "tn" : 1756428853927811897,
      "q" : "141.4",
      "p" : "1.1664",
      "s" : "buy",
      "i" : "API3_USD",
      "m" : "4611686018430333438"
    }, {
      "d" : "1756428853922785080",
      "t" : 1756428853922,
      "tn" : 1756428853922785080,
      "q" : "213.4",
      "p" : "1.1664",
      "s" : "buy",
      "i" : "API3_USD",
      "m" : "4611686018430333437"
    }, {
      "d" : "1756428853920447112",
      "t" : 1756428853920,
      "tn" : 1756428853920447112,
      "q" : "63.9",
      "p" : "1.1664",
      "s" : "buy",
      "i" : "API3_USD",
      "m" : "4611686018430333436"
    }, {
      "d" : "1756428853920105924",
      "t" : 1756428853920,
      "tn" : 1756428853920105924,
      "q" : "149.6",
      "p" : "1.1664",
      "s" : "buy",
      "i" : "API3_USD",
      "m" : "4611686018430333435"
    }, {
      "d" : "1756428853917890552",
      "t" : 1756428853917,
      "tn" : 1756428853917890552,
      "q" : "37.4",
      "p" : "1.1664",
      "s" : "buy",
      "i" : "API3_USD",
      "m" : "4611686018430333434"
    }, {
      "d" : "1756428853907937486",
      "t" : 1756428853907,
      "tn" : 1756428853907937486,
      "q" : "88.0",
      "p" : "1.1664",
      "s" : "buy",
      "i" : "API3_USD",
      "m" : "4611686018430333433"
    }, {
      "d" : "1756428853907935171",
      "t" : 1756428853907,
      "tn" : 1756428853907935171,
      "q" : "40.6",
      "p" : "1.1662",
      "s" : "buy",
      "i" : "API3_USD",
      "m" : "4611686018430333432"
    }, {
      "d" : "1756428853857965539",
      "t" : 1756428853857,
      "tn" : 1756428853857965539,
      "q" : "11.7",
      "p" : "1.1651",
      "s" : "buy",
      "i" : "API3_USD",
      "m" : "4611686018430333431"
    }, {
      "d" : "1756428853857779787",
      "t" : 1756428853857,
      "tn" : 1756428853857779787,
      "q" : "31.2",
      "p" : "1.1651",
      "s" : "buy",
      "i" : "API3_USD",
      "m" : "4611686018430333430"
    }, {
      "d" : "1756428851397922100",
      "t" : 1756428851397,
      "tn" : 1756428851397922100,
      "q" : "10.6",
      "p" : "1.1650",
      "s" : "buy",
      "i" : "API3_USD",
      "m" : "4611686018430333429"
    }, {
      "d" : "1756428851395932041",
      "t" : 1756428851395,
      "tn" : 1756428851395932041,
      "q" : "10.6",
      "p" : "1.1650",
      "s" : "buy",
      "i" : "API3_USD",
      "m" : "4611686018430333428"
    }, {
      "d" : "1756427134135690391",
      "t" : 1756427134135,
      "tn" : 1756427134135690391,
      "q" : "574.0",
      "p" : "1.1733",
      "s" : "buy",
      "i" : "API3_USD",
      "m" : "4611686018430333427"
    }, {
      "d" : "1756426820574461780",
      "t" : 1756426820574,
      "tn" : 1756426820574461780,
      "q" : "8.2",
      "p" : "1.1788",
      "s" : "sell",
      "i" : "API3_USD",
      "m" : "4611686018430333426"
    }, {
      "d" : "1756426136242152507",
      "t" : 1756426136242,
      "tn" : 1756426136242152507,
      "q" : "0.2",
      "p" : "1.1770",
      "s" : "buy",
      "i" : "API3_USD",
      "m" : "4611686018430333425"
    }, {
      "d" : "1756426136239817192",
      "t" : 1756426136239,
      "tn" : 1756426136239817192,
      "q" : "39.4",
      "p" : "1.1770",
      "s" : "buy",
      "i" : "API3_USD",
      "m" : "4611686018430333424"
    }, {
      "d" : "1756423231267719182",
      "t" : 1756423231267,
      "tn" : 1756423231267719182,
      "q" : "28.2",
      "p" : "1.1951",
      "s" : "sell",
      "i" : "API3_USD",
      "m" : "4611686018430333423"
    }, {
      "d" : "1756422401256127735",
      "t" : 1756422401256,
      "tn" : 1756422401256127735,
      "q" : "9.5",
      "p" : "1.1877",
      "s" : "sell",
      "i" : "API3_USD",
      "m" : "4611686018430333422"
    }, {
      "d" : "1756420623245323590",
      "t" : 1756420623245,
      "tn" : 1756420623245323590,
      "q" : "23.6",
      "p" : "1.1848",
      "s" : "sell",
      "i" : "API3_USD",
      "m" : "4611686018430333421"
    }, {
      "d" : "1756419270995396098",
      "t" : 1756419270995,
      "tn" : 1756419270995396098,
      "q" : "9.1",
      "p" : "1.1853",
      "s" : "sell",
      "i" : "API3_USD",
      "m" : "4611686018430333420"
    }, {
      "d" : "1756415606020885366",
      "t" : 1756415606020,
      "tn" : 1756415606020885366,
      "q" : "16.7",
      "p" : "1.1779",
      "s" : "buy",
      "i" : "API3_USD",
      "m" : "4611686018430333419"
    }, {
      "d" : "1756413993175184036",
      "t" : 1756413993175,
      "tn" : 1756413993175184036,
      "q" : "119.0",
      "p" : "1.1799",
      "s" : "buy",
      "i" : "API3_USD",
      "m" : "4611686018430333418"
    }, {
      "d" : "1756413993174994416",
      "t" : 1756413993174,
      "tn" : 1756413993174994416,
      "q" : "42.0",
      "p" : "1.1799",
      "s" : "buy",
      "i" : "API3_USD",
      "m" : "4611686018430333417"
    }, {
      "d" : "1756408716386766633",
      "t" : 1756408716386,
      "tn" : 1756408716386766633,
      "q" : "6.8",
      "p" : "1.1691",
      "s" : "buy",
      "i" : "API3_USD",
      "m" : "4611686018430333416"
    }, {
      "d" : "1756408079302071359",
      "t" : 1756408079302,
      "tn" : 1756408079302071359,
      "q" : "8.0",
      "p" : "1.1685",
      "s" : "buy",
      "i" : "API3_USD",
      "m" : "4611686018430333415"
    }, {
      "d" : "1756407134607896492",
      "t" : 1756407134607,
      "tn" : 1756407134607896492,
      "q" : "29.8",
      "p" : "1.1663",
      "s" : "sell",
      "i" : "API3_USD",
      "m" : "4611686018430333414"
    }, {
      "d" : "1756407134607894474",
      "t" : 1756407134607,
      "tn" : 1756407134607894474,
      "q" : "61.8",
      "p" : "1.1665",
      "s" : "sell",
      "i" : "API3_USD",
      "m" : "4611686018430333413"
    }, {
      "d" : "1756407134607891644",
      "t" : 1756407134607,
      "tn" : 1756407134607891644,
      "q" : "85.7",
      "p" : "1.1666",
      "s" : "sell",
      "i" : "API3_USD",
      "m" : "4611686018430333412"
    }, {
      "d" : "1756405209259075472",
      "t" : 1756405209259,
      "tn" : 1756405209259075472,
      "q" : "42.0",
      "p" : "1.1753",
      "s" : "buy",
      "i" : "API3_USD",
      "m" : "4611686018430333411"
    }, {
      "d" : "1756405209257423523",
      "t" : 1756405209257,
      "tn" : 1756405209257423523,
      "q" : "42.0",
      "p" : "1.1754",
      "s" : "buy",
      "i" : "API3_USD",
      "m" : "4611686018430333410"
    }, {
      "d" : "1756405209257152676",
      "t" : 1756405209257,
      "tn" : 1756405209257152676,
      "q" : "63.7",
      "p" : "1.1754",
      "s" : "buy",
      "i" : "API3_USD",
      "m" : "4611686018430333409"
    }, {
      "d" : "1756405209257150939",
      "t" : 1756405209257,
      "tn" : 1756405209257150939,
      "q" : "106.4",
      "p" : "1.1743",
      "s" : "buy",
      "i" : "API3_USD",
      "m" : "4611686018430333408"
    }, {
      "d" : "1756405201564737518",
      "t" : 1756405201564,
      "tn" : 1756405201564737518,
      "q" : "65.9",
      "p" : "1.1735",
      "s" : "buy",
      "i" : "API3_USD",
      "m" : "4611686018430333407"
    }, {
      "d" : "1756405201564735424",
      "t" : 1756405201564,
      "tn" : 1756405201564735424,
      "q" : "61.8",
      "p" : "1.1734",
      "s" : "buy",
      "i" : "API3_USD",
      "m" : "4611686018430333406"
    }, {
      "d" : "1756405177086694730",
      "t" : 1756405177086,
      "tn" : 1756405177086694730,
      "q" : "44.8",
      "p" : "1.1733",
      "s" : "sell",
      "i" : "API3_USD",
      "m" : "4611686018430333405"
    }, {
      "d" : "1756403612084880823",
      "t" : 1756403612084,
      "tn" : 1756403612084880823,
      "q" : "8.7",
      "p" : "1.1646",
      "s" : "buy",
      "i" : "API3_USD",
      "m" : "4611686018430333404"
    }, {
      "d" : "1756402313250256306",
      "t" : 1756402313250,
      "tn" : 1756402313250256306,
      "q" : "19.7",
      "p" : "1.1595",
      "s" : "buy",
      "i" : "API3_USD",
      "m" : "4611686018430333403"
    }, {
      "d" : "1756400930209952821",
      "t" : 1756400930209,
      "tn" : 1756400930209952821,
      "q" : "98.0",
      "p" : "1.1589",
      "s" : "sell",
      "i" : "API3_USD",
      "m" : "4611686018430333402"
    }, {
      "d" : "1756400278404301629",
      "t" : 1756400278404,
      "tn" : 1756400278404301629,
      "q" : "12.2",
      "p" : "1.1545",
      "s" : "buy",
      "i" : "API3_USD",
      "m" : "4611686018430333401"
    }, {
      "d" : "1756399933312610560",
      "t" : 1756399933312,
      "tn" : 1756399933312610560,
      "q" : "9.4",
      "p" : "1.1590",
      "s" : "buy",
      "i" : "API3_USD",
      "m" : "4611686018430333400"
    }, {
      "d" : "1756399464766930359",
      "t" : 1756399464766,
      "tn" : 1756399464766930359,
      "q" : "30.3",
      "p" : "1.1617",
      "s" : "sell",
      "i" : "API3_USD",
      "m" : "4611686018430333399"
    }, {
      "d" : "1756399464761955024",
      "t" : 1756399464761,
      "tn" : 1756399464761955024,
      "q" : "73.5",
      "p" : "1.1617",
      "s" : "sell",
      "i" : "API3_USD",
      "m" : "4611686018430333398"
    }, {
      "d" : "1756399464756006317",
      "t" : 1756399464756,
      "tn" : 1756399464756006317,
      "q" : "73.5",
      "p" : "1.1617",
      "s" : "sell",
      "i" : "API3_USD",
      "m" : "4611686018430333397"
    }, {
      "d" : "1756398773358346001",
      "t" : 1756398773358,
      "tn" : 1756398773358346001,
      "q" : "0.1",
      "p" : "1.1596",
      "s" : "buy",
      "i" : "API3_USD",
      "m" : "4611686018430333396"
    }, {
      "d" : "1756398773357258777",
      "t" : 1756398773357,
      "tn" : 1756398773357258777,
      "q" : "49.9",
      "p" : "1.1596",
      "s" : "buy",
      "i" : "API3_USD",
      "m" : "4611686018430333395"
    }, {
      "d" : "1756398537403784283",
      "t" : 1756398537403,
      "tn" : 1756398537403784283,
      "q" : "0.2",
      "p" : "1.1627",
      "s" : "buy",
      "i" : "API3_USD",
      "m" : "4611686018430333394"
    }, {
      "d" : "1756398537401613063",
      "t" : 1756398537401,
      "tn" : 1756398537401613063,
      "q" : "45.2",
      "p" : "1.1627",
      "s" : "buy",
      "i" : "API3_USD",
      "m" : "4611686018430333393"
    }, {
      "d" : "1756397279519312482",
      "t" : 1756397279519,
      "tn" : 1756397279519312482,
      "q" : "16.6",
      "p" : "1.1609",
      "s" : "sell",
      "i" : "API3_USD",
      "m" : "4611686018430333392"
    }, {
      "d" : "1756395662132974419",
      "t" : 1756395662132,
      "tn" : 1756395662132974419,
      "q" : "15.1",
      "p" : "1.1641",
      "s" : "sell",
      "i" : "API3_USD",
      "m" : "4611686018430333391"
    }, {
      "d" : "1756394787514556627",
      "t" : 1756394787514,
      "tn" : 1756394787514556627,
      "q" : "8.7",
      "p" : "1.1658",
      "s" : "buy",
      "i" : "API3_USD",
      "m" : "4611686018430333390"
    }, {
      "d" : "1756393136748770449",
      "t" : 1756393136748,
      "tn" : 1756393136748770449,
      "q" : "91.4",
      "p" : "1.1711",
      "s" : "buy",
      "i" : "API3_USD",
      "m" : "4611686018430333389"
    }, {
      "d" : "1756393133233557746",
      "t" : 1756393133233,
      "tn" : 1756393133233557746,
      "q" : "208.6",
      "p" : "1.1721",
      "s" : "buy",
      "i" : "API3_USD",
      "m" : "4611686018430333388"
    }, {
      "d" : "1756391439541609136",
      "t" : 1756391439541,
      "tn" : 1756391439541609136,
      "q" : "10.0",
      "p" : "1.1699",
      "s" : "buy",
      "i" : "API3_USD",
      "m" : "4611686018430333387"
    }, {
      "d" : "1756391005875340496",
      "t" : 1756391005875,
      "tn" : 1756391005875340496,
      "q" : "151.5",
      "p" : "1.1789",
      "s" : "sell",
      "i" : "API3_USD",
      "m" : "4611686018430333386"
    }, {
      "d" : "1756391005875338744",
      "t" : 1756391005875,
      "tn" : 1756391005875338744,
      "q" : "55.3",
      "p" : "1.1792",
      "s" : "sell",
      "i" : "API3_USD",
      "m" : "4611686018430333385"
    }, {
      "d" : "1756391005873823144",
      "t" : 1756391005873,
      "tn" : 1756391005873823144,
      "q" : "84.7",
      "p" : "1.1794",
      "s" : "sell",
      "i" : "API3_USD",
      "m" : "4611686018430333384"
    }, {
      "d" : "1756390715027031391",
      "t" : 1756390715027,
      "tn" : 1756390715027031391,
      "q" : "15.1",
      "p" : "1.1782",
      "s" : "sell",
      "i" : "API3_USD",
      "m" : "4611686018430333383"
    }, {
      "d" : "1756390715027029818",
      "t" : 1756390715027,
      "tn" : 1756390715027029818,
      "q" : "44.9",
      "p" : "1.1785",
      "s" : "sell",
      "i" : "API3_USD",
      "m" : "4611686018430333382"
    }, {
      "d" : "1756390715027027142",
      "t" : 1756390715027,
      "tn" : 1756390715027027142,
      "q" : "317.1",
      "p" : "1.1786",
      "s" : "sell",
      "i" : "API3_USD",
      "m" : "4611686018430333381"
    }, {
      "d" : "1756390715027024693",
      "t" : 1756390715027,
      "tn" : 1756390715027024693,
      "q" : "84.8",
      "p" : "1.1788",
      "s" : "sell",
      "i" : "API3_USD",
      "m" : "4611686018430333380"
    }, {
      "d" : "1756390642689559745",
      "t" : 1756390642689,
      "tn" : 1756390642689559745,
      "q" : "38.0",
      "p" : "1.1825",
      "s" : "sell",
      "i" : "API3_USD",
      "m" : "4611686018430333379"
    }, {
      "d" : "1756390642684548503",
      "t" : 1756390642684,
      "tn" : 1756390642684548503,
      "q" : "85.8",
      "p" : "1.1825",
      "s" : "sell",
      "i" : "API3_USD",
      "m" : "4611686018430333378"
    }, {
      "d" : "1756390642679552707",
      "t" : 1756390642679,
      "tn" : 1756390642679552707,
      "q" : "85.8",
      "p" : "1.1825",
      "s" : "sell",
      "i" : "API3_USD",
      "m" : "4611686018430333377"
    }, {
      "d" : "1756390642674542019",
      "t" : 1756390642674,
      "tn" : 1756390642674542019,
      "q" : "85.8",
      "p" : "1.1825",
      "s" : "sell",
      "i" : "API3_USD",
      "m" : "4611686018430333376"
    }, {
      "d" : "1756390642664417755",
      "t" : 1756390642664,
      "tn" : 1756390642664417755,
      "q" : "85.8",
      "p" : "1.1825",
      "s" : "sell",
      "i" : "API3_USD",
      "m" : "4611686018430333375"
    }, {
      "d" : "1756390642659408265",
      "t" : 1756390642659,
      "tn" : 1756390642659408265,
      "q" : "85.8",
      "p" : "1.1825",
      "s" : "sell",
      "i" : "API3_USD",
      "m" : "4611686018430333374"
    }, {
      "d" : "1756390642653931908",
      "t" : 1756390642653,
      "tn" : 1756390642653931908,
      "q" : "5.6",
      "p" : "1.1825",
      "s" : "sell",
      "i" : "API3_USD",
      "m" : "4611686018430333373"
    }, {
      "d" : "1756390642653824650",
      "t" : 1756390642653,
      "tn" : 1756390642653824650,
      "q" : "22.1",
      "p" : "1.1825",
      "s" : "sell",
      "i" : "API3_USD",
      "m" : "4611686018430333372"
    }, {
      "d" : "1756390329831542047",
      "t" : 1756390329831,
      "tn" : 1756390329831542047,
      "q" : "61.8",
      "p" : "1.1877",
      "s" : "sell",
      "i" : "API3_USD",
      "m" : "4611686018430333371"
    }, {
      "d" : "1756389959393245811",
      "t" : 1756389959393,
      "tn" : 1756389959393245811,
      "q" : "10.0",
      "p" : "1.2039",
      "s" : "sell",
      "i" : "API3_USD",
      "m" : "4611686018430333370"
    }, {
      "d" : "1756389959392947299",
      "t" : 1756389959392,
      "tn" : 1756389959392947299,
      "q" : "121.5",
      "p" : "1.2039",
      "s" : "sell",
      "i" : "API3_USD",
      "m" : "4611686018430333369"
    }, {
      "d" : "1756389869176956394",
      "t" : 1756389869176,
      "tn" : 1756389869176956394,
      "q" : "14.9",
      "p" : "1.2031",
      "s" : "buy",
      "i" : "API3_USD",
      "m" : "4611686018430333368"
    }, {
      "d" : "1756389848639239693",
      "t" : 1756389848639,
      "tn" : 1756389848639239693,
      "q" : "79.7",
      "p" : "1.1988",
      "s" : "buy",
      "i" : "API3_USD",
      "m" : "4611686018430333367"
    }, {
      "d" : "1756389820531033417",
      "t" : 1756389820531,
      "tn" : 1756389820531033417,
      "q" : "1.4",
      "p" : "1.1873",
      "s" : "buy",
      "i" : "API3_USD",
      "m" : "4611686018430333366"
    }, {
      "d" : "1756389820528641940",
      "t" : 1756389820528,
      "tn" : 1756389820528641940,
      "q" : "13.5",
      "p" : "1.1873",
      "s" : "buy",
      "i" : "API3_USD",
      "m" : "4611686018430333365"
    }, {
      "d" : "1756388544256124052",
      "t" : 1756388544256,
      "tn" : 1756388544256124052,
      "q" : "21.2",
      "p" : "1.1799",
      "s" : "buy",
      "i" : "API3_USD",
      "m" : "4611686018430333364"
    }, {
      "d" : "1756388544256122397",
      "t" : 1756388544256,
      "tn" : 1756388544256122397,
      "q" : "105.9",
      "p" : "1.1798",
      "s" : "buy",
      "i" : "API3_USD",
      "m" : "4611686018430333363"
    }, {
      "d" : "1756388164880419033",
      "t" : 1756388164880,
      "tn" : 1756388164880419033,
      "q" : "99.4",
      "p" : "1.1804",
      "s" : "buy",
      "i" : "API3_USD",
      "m" : "4611686018430333362"
    }, {
      "d" : "1756388164880416587",
      "t" : 1756388164880,
      "tn" : 1756388164880416587,
      "q" : "27.6",
      "p" : "1.1802",
      "s" : "buy",
      "i" : "API3_USD",
      "m" : "4611686018430333361"
    }, {
      "d" : "1756388100837853296",
      "t" : 1756388100837,
      "tn" : 1756388100837853296,
      "q" : "27.6",
      "p" : "1.1785",
      "s" : "sell",
      "i" : "API3_USD",
      "m" : "4611686018430333360"
    }, {
      "d" : "1756387448980339807",
      "t" : 1756387448980,
      "tn" : 1756387448980339807,
      "q" : "43.3",
      "p" : "1.1773",
      "s" : "buy",
      "i" : "API3_USD",
      "m" : "4611686018430333359"
    }, {
      "d" : "1756387256082935247",
      "t" : 1756387256082,
      "tn" : 1756387256082935247,
      "q" : "75.0",
      "p" : "1.1739",
      "s" : "sell",
      "i" : "API3_USD",
      "m" : "4611686018430333358"
    }, {
      "d" : "1756387075131689382",
      "t" : 1756387075131,
      "tn" : 1756387075131689382,
      "q" : "0.1",
      "p" : "1.1706",
      "s" : "buy",
      "i" : "API3_USD",
      "m" : "4611686018430333357"
    }, {
      "d" : "1756387075130515763",
      "t" : 1756387075130,
      "tn" : 1756387075130515763,
      "q" : "82.6",
      "p" : "1.1706",
      "s" : "buy",
      "i" : "API3_USD",
      "m" : "4611686018430333356"
    }, {
      "d" : "1756386807614863197",
      "t" : 1756386807614,
      "tn" : 1756386807614863197,
      "q" : "11.7",
      "p" : "1.1714",
      "s" : "buy",
      "i" : "API3_USD",
      "m" : "4611686018430333355"
    }, {
      "d" : "1756386273227790081",
      "t" : 1756386273227,
      "tn" : 1756386273227790081,
      "q" : "7.1",
      "p" : "1.1642",
      "s" : "sell",
      "i" : "API3_USD",
      "m" : "4611686018430333354"
    }, {
      "d" : "1756385312153092537",
      "t" : 1756385312153,
      "tn" : 1756385312153092537,
      "q" : "0.2",
      "p" : "1.1681",
      "s" : "sell",
      "i" : "API3_USD",
      "m" : "4611686018430333353"
    }, {
      "d" : "1756385312149937022",
      "t" : 1756385312149,
      "tn" : 1756385312149937022,
      "q" : "235.8",
      "p" : "1.1681",
      "s" : "sell",
      "i" : "API3_USD",
      "m" : "4611686018430333352"
    }, {
      "d" : "1756384941295359427",
      "t" : 1756384941295,
      "tn" : 1756384941295359427,
      "q" : "28.9",
      "p" : "1.1646",
      "s" : "buy",
      "i" : "API3_USD",
      "m" : "4611686018430333351"
    }, {
      "d" : "1756384907436817673",
      "t" : 1756384907436,
      "tn" : 1756384907436817673,
      "q" : "0.1",
      "p" : "1.1640",
      "s" : "buy",
      "i" : "API3_USD",
      "m" : "4611686018430333350"
    }, {
      "d" : "1756384907432237239",
      "t" : 1756384907432,
      "tn" : 1756384907432237239,
      "q" : "15.4",
      "p" : "1.1640",
      "s" : "buy",
      "i" : "API3_USD",
      "m" : "4611686018430333349"
    }, {
      "d" : "1756384907423525110",
      "t" : 1756384907423,
      "tn" : 1756384907423525110,
      "q" : "104.4",
      "p" : "1.1640",
      "s" : "buy",
      "i" : "API3_USD",
      "m" : "4611686018430333348"
    }, {
      "d" : "1756384297107721477",
      "t" : 1756384297107,
      "tn" : 1756384297107721477,
      "q" : "171.0",
      "p" : "1.1661",
      "s" : "buy",
      "i" : "API3_USD",
      "m" : "4611686018430333347"
    }, {
      "d" : "1756384295347815481",
      "t" : 1756384295347,
      "tn" : 1756384295347815481,
      "q" : "87.1",
      "p" : "1.1661",
      "s" : "buy",
      "i" : "API3_USD",
      "m" : "4611686018430333346"
    }, {
      "d" : "1756384295220273609",
      "t" : 1756384295220,
      "tn" : 1756384295220273609,
      "q" : "205.5",
      "p" : "1.1661",
      "s" : "buy",
      "i" : "API3_USD",
      "m" : "4611686018430333345"
    }, {
      "d" : "1756384294417233246",
      "t" : 1756384294417,
      "tn" : 1756384294417233246,
      "q" : "94.0",
      "p" : "1.1661",
      "s" : "buy",
      "i" : "API3_USD",
      "m" : "4611686018430333344"
    }, {
      "d" : "1756384293260979893",
      "t" : 1756384293260,
      "tn" : 1756384293260979893,
      "q" : "148.8",
      "p" : "1.1661",
      "s" : "buy",
      "i" : "API3_USD",
      "m" : "4611686018430333343"
    }, {
      "d" : "1756384293260977650",
      "t" : 1756384293260,
      "tn" : 1756384293260977650,
      "q" : "22.2",
      "p" : "1.1659",
      "s" : "buy",
      "i" : "API3_USD",
      "m" : "4611686018430333342"
    }, {
      "d" : "1756384292264023184",
      "t" : 1756384292264,
      "tn" : 1756384292264023184,
      "q" : "126.3",
      "p" : "1.1659",
      "s" : "buy",
      "i" : "API3_USD",
      "m" : "4611686018430333341"
    }, {
      "d" : "1756384292264020702",
      "t" : 1756384292264,
      "tn" : 1756384292264020702,
      "q" : "2.3",
      "p" : "1.1657",
      "s" : "buy",
      "i" : "API3_USD",
      "m" : "4611686018430333340"
    }, {
      "d" : "1756383450979859503",
      "t" : 1756383450979,
      "tn" : 1756383450979859503,
      "q" : "2.3",
      "p" : "1.1629",
      "s" : "sell",
      "i" : "API3_USD",
      "m" : "4611686018430333339"
    }, {
      "d" : "1756382865535366551",
      "t" : 1756382865535,
      "tn" : 1756382865535366551,
      "q" : "128.8",
      "p" : "1.1641",
      "s" : "buy",
      "i" : "API3_USD",
      "m" : "4611686018430333338"
    }, {
      "d" : "1756382607174156587",
      "t" : 1756382607174,
      "tn" : 1756382607174156587,
      "q" : "8.3",
      "p" : "1.1605",
      "s" : "buy",
      "i" : "API3_USD",
      "m" : "4611686018430333337"
    }, {
      "d" : "1756380919189019380",
      "t" : 1756380919189,
      "tn" : 1756380919189019380,
      "q" : "14.9",
      "p" : "1.1610",
      "s" : "buy",
      "i" : "API3_USD",
      "m" : "4611686018430333336"
    }, {
      "d" : "1756380888300870389",
      "t" : 1756380888300,
      "tn" : 1756380888300870389,
      "q" : "102.1",
      "p" : "1.1608",
      "s" : "buy",
      "i" : "API3_USD",
      "m" : "4611686018430333335"
    }, {
      "d" : "1756380888300868437",
      "t" : 1756380888300,
      "tn" : 1756380888300868437,
      "q" : "61.8",
      "p" : "1.1607",
      "s" : "buy",
      "i" : "API3_USD",
      "m" : "4611686018430333334"
    }, {
      "d" : "1756380639154693376",
      "t" : 1756380639154,
      "tn" : 1756380639154693376,
      "q" : "173.6",
      "p" : "1.1548",
      "s" : "sell",
      "i" : "API3_USD",
      "m" : "4611686018430333333"
    }, {
      "d" : "1756380561577723114",
      "t" : 1756380561577,
      "tn" : 1756380561577723114,
      "q" : "7.4",
      "p" : "1.1548",
      "s" : "sell",
      "i" : "API3_USD",
      "m" : "4611686018430333332"
    }, {
      "d" : "1756380561577720926",
      "t" : 1756380561577,
      "tn" : 1756380561577720926,
      "q" : "332.6",
      "p" : "1.1549",
      "s" : "sell",
      "i" : "API3_USD",
      "m" : "4611686018430333331"
    }, {
      "d" : "1756380545565798846",
      "t" : 1756380545565,
      "tn" : 1756380545565798846,
      "q" : "7.0",
      "p" : "1.1549",
      "s" : "sell",
      "i" : "API3_USD",
      "m" : "4611686018430333330"
    }, {
      "d" : "1756380466997111721",
      "t" : 1756380466997,
      "tn" : 1756380466997111721,
      "q" : "12.4",
      "p" : "1.1538",
      "s" : "sell",
      "i" : "API3_USD",
      "m" : "4611686018430333329"
    }, {
      "d" : "1756379555582163302",
      "t" : 1756379555582,
      "tn" : 1756379555582163302,
      "q" : "29.5",
      "p" : "1.1566",
      "s" : "sell",
      "i" : "API3_USD",
      "m" : "4611686018430333328"
    }, {
      "d" : "1756378767044525122",
      "t" : 1756378767044,
      "tn" : 1756378767044525122,
      "q" : "37.0",
      "p" : "1.1558",
      "s" : "sell",
      "i" : "API3_USD",
      "m" : "4611686018430333327"
    }, {
      "d" : "1756377617132145104",
      "t" : 1756377617132,
      "tn" : 1756377617132145104,
      "q" : "650.0",
      "p" : "1.1523",
      "s" : "buy",
      "i" : "API3_USD",
      "m" : "4611686018430333326"
    }, {
      "d" : "1756376719368932990",
      "t" : 1756376719368,
      "tn" : 1756376719368932990,
      "q" : "35.7",
      "p" : "1.1519",
      "s" : "sell",
      "i" : "API3_USD",
      "m" : "4611686018430333325"
    }, {
      "d" : "1756375823904849801",
      "t" : 1756375823904,
      "tn" : 1756375823904849801,
      "q" : "503.0",
      "p" : "1.1511",
      "s" : "sell",
      "i" : "API3_USD",
      "m" : "4611686018430333324"
    }, {
      "d" : "1756375823904847693",
      "t" : 1756375823904,
      "tn" : 1756375823904847693,
      "q" : "277.6",
      "p" : "1.1522",
      "s" : "sell",
      "i" : "API3_USD",
      "m" : "4611686018430333323"
    } ]
  }
}