{
  "id" : -1,
  "method" : "public/get-trades",
  "code" : 0,
  "result" : {
    "data" : [ {
      "d" : "1756459484912117288",
      "t" : 1756459484912,
      "tn" : 1756459484912117288,
      "q" : "0.28",
      "p" : "4.2772",
      "s" : "buy",
      "i" : "APT_USD",
      "m" : "4611686018430927593"
    }, {
      "d" : "1756459401477236066",
      "t" : 1756459401477,
      "tn" : 1756459401477236066,
      "q" : "20.42",
      "p" : "4.2842",
      "s" : "sell",
      "i" : "APT_USD",
      "m" : "4611686018430927592"
    }, {
      "d" : "1756459398759600410",
      "t" : 1756459398759,
      "tn" : 1756459398759600410,
      "q" : "0.28",
      "p" : "4.2842",
      "s" : "buy",
      "i" : "APT_USD",
      "m" : "4611686018430927591"
    }, {
      "d" : "1756459392829815007",
      "t" : 1756459392829,
      "tn" : 1756459392829815007,
      "q" : "0.28",
      "p" : "4.2862",
      "s" : "buy",
      "i" : "APT_USD",
      "m" : "4611686018430927590"
    }, {
      "d" : "1756459386823271819",
      "t" : 1756459386823,
      "tn" : 1756459386823271819,
      "q" : "0.28",
      "p" : "4.2852",
      "s" : "buy",
      "i" : "APT_USD",
      "m" : "4611686018430927589"
    }, {
      "d" : "1756459380723473062",
      "t" : 1756459380723,
      "tn" : 1756459380723473062,
      "q" : "0.28",
      "p" : "4.2852",
      "s" : "buy",
      "i" : "APT_USD",
      "m" : "4611686018430927588"
    }, {
      "d" : "1756459374729468426",
      "t" : 1756459374729,
      "tn" : 1756459374729468426,
      "q" : "0.28",
      "p" : "4.2852",
      "s" : "buy",
      "i" : "APT_USD",
      "m" : "4611686018430927587"
    }, {
      "d" : "1756459368730366422",
      "t" : 1756459368730,
      "tn" : 1756459368730366422,
      "q" : "0.28",
      "p" : "4.2862",
      "s" : "buy",
      "i" : "APT_USD",
      "m" : "4611686018430927586"
    }, {
      "d" : "1756459200731408729",
      "t" : 1756459200731,
      "tn" : 1756459200731408729,
      "q" : "0.28",
      "p" : "4.2822",
      "s" : "buy",
      "i" : "APT_USD",
      "m" : "4611686018430927585"
    }, {
      "d" : "1756459194763171613",
      "t" : 1756459194763,
      "tn" : 1756459194763171613,
      "q" : "0.28",
      "p" : "4.2842",
      "s" : "buy",
      "i" : "APT_USD",
      "m" : "4611686018430927584"
    }, {
      "d" : "1756458501525185127",
      "t" : 1756458501525,
      "tn" : 1756458501525185127,
      "q" : "0.28",
      "p" : "4.2561",
      "s" : "sell",
      "i" : "APT_USD",
      "m" : "4611686018430927583"
    }, {
      "d" : "1756458476387911449",
      "t" : 1756458476387,
      "tn" : 1756458476387911449,
      "q" : "0.28",
      "p" : "4.2561",
      "s" : "sell",
      "i" : "APT_USD",
      "m" : "4611686018430927582"
    }, {
      "d" : "1756458217109331506",
      "t" : 1756458217109,
      "tn" : 1756458217109331506,
      "q" : "104.23",
      "p" : "4.2570",
      "s" : "buy",
      "i" : "APT_USD",
      "m" : "4611686018430927581"
    }, {
      "d" : "1756458211294057841",
      "t" : 1756458211294,
      "tn" : 1756458211294057841,
      "q" : "27.40",
      "p" : "4.2581",
      "s" : "buy",
      "i" : "APT_USD",
      "m" : "4611686018430927580"
    }, {
      "d" : "1756458200623088605",
      "t" : 1756458200623,
      "tn" : 1756458200623088605,
      "q" : "1.37",
      "p" : "4.2542",
      "s" : "sell",
      "i" : "APT_USD",
      "m" : "4611686018430927579"
    }, {
      "d" : "1756458189624512464",
      "t" : 1756458189624,
      "tn" : 1756458189624512464,
      "q" : "18.57",
      "p" : "4.2561",
      "s" : "buy",
      "i" : "APT_USD",
      "m" : "4611686018430927578"
    }, {
      "d" : "1756458177103127126",
      "t" : 1756458177103,
      "tn" : 1756458177103127126,
      "q" : "0.28",
      "p" : "4.2581",
      "s" : "sell",
      "i" : "APT_USD",
      "m" : "4611686018430927577"
    }, {
      "d" : "1756458176875451730",
      "t" : 1756458176875,
      "tn" : 1756458176875451730,
      "q" : "0.28",
      "p" : "4.2601",
      "s" : "sell",
      "i" : "APT_USD",
      "m" : "4611686018430927576"
    }, {
      "d" : "1756458164278129231",
      "t" : 1756458164278,
      "tn" : 1756458164278129231,
      "q" : "0.28",
      "p" : "4.2611",
      "s" : "sell",
      "i" : "APT_USD",
      "m" : "4611686018430927575"
    }, {
      "d" : "1756458152252491668",
      "t" : 1756458152252,
      "tn" : 1756458152252491668,
      "q" : "0.28",
      "p" : "4.2631",
      "s" : "sell",
      "i" : "APT_USD",
      "m" : "4611686018430927574"
    }, {
      "d" : "1756458054589768106",
      "t" : 1756458054589,
      "tn" : 1756458054589768106,
      "q" : "0.28",
      "p" : "4.2691",
      "s" : "sell",
      "i" : "APT_USD",
      "m" : "4611686018430927573"
    }, {
      "d" : "1756458054581115734",
      "t" : 1756458054581,
      "tn" : 1756458054581115734,
      "q" : "0.28",
      "p" : "4.2691",
      "s" : "sell",
      "i" : "APT_USD",
      "m" : "4611686018430927572"
    }, {
      "d" : "1756457892173661211",
      "t" : 1756457892173,
      "tn" : 1756457892173661211,
      "q" : "0.28",
      "p" : "4.2741",
      "s" : "sell",
      "i" : "APT_USD",
      "m" : "4611686018430927571"
    }, {
      "d" : "1756457861220516105",
      "t" : 1756457861220,
      "tn" : 1756457861220516105,
      "q" : "0.28",
      "p" : "4.2721",
      "s" : "sell",
      "i" : "APT_USD",
      "m" : "4611686018430927570"
    }, {
      "d" : "1756457743892269613",
      "t" : 1756457743892,
      "tn" : 1756457743892269613,
      "q" : "0.28",
      "p" : "4.2781",
      "s" : "sell",
      "i" : "APT_USD",
      "m" : "4611686018430927569"
    }, {
      "d" : "1756457737547568042",
      "t" : 1756457737547,
      "tn" : 1756457737547568042,
      "q" : "0.28",
      "p" : "4.2781",
      "s" : "sell",
      "i" : "APT_USD",
      "m" : "4611686018430927568"
    }, {
      "d" : "1756457737043692020",
      "t" : 1756457737043,
      "tn" : 1756457737043692020,
      "q" : "0.28",
      "p" : "4.2781",
      "s" : "sell",
      "i" : "APT_USD",
      "m" : "4611686018430927567"
    }, {
      "d" : "1756457735855106445",
      "t" : 1756457735855,
      "tn" : 1756457735855106445,
      "q" : "0.28",
      "p" : "4.2781",
      "s" : "sell",
      "i" : "APT_USD",
      "m" : "4611686018430927566"
    }, {
      "d" : "1756457733411256519",
      "t" : 1756457733411,
      "tn" : 1756457733411256519,
      "q" : "0.28",
      "p" : "4.2791",
      "s" : "sell",
      "i" : "APT_USD",
      "m" : "4611686018430927565"
    }, {
      "d" : "1756457731552695786",
      "t" : 1756457731552,
      "tn" : 1756457731552695786,
      "q" : "5.98",
      "p" : "4.2789",
      "s" : "sell",
      "i" : "APT_USD",
      "m" : "4611686018430927564"
    }, {
      "d" : "1756457731552693378",
      "t" : 1756457731552,
      "tn" : 1756457731552693378,
      "q" : "0.28",
      "p" : "4.2791",
      "s" : "sell",
      "i" : "APT_USD",
      "m" : "4611686018430927563"
    }, {
      "d" : "1756457722120715104",
      "t" : 1756457722120,
      "tn" : 1756457722120715104,
      "q" : "0.28",
      "p" : "4.2801",
      "s" : "sell",
      "i" : "APT_USD",
      "m" : "4611686018430927562"
    }, {
      "d" : "1756457719986115477",
      "t" : 1756457719986,
      "tn" : 1756457719986115477,
      "q" : "0.28",
      "p" : "4.2801",
      "s" : "sell",
      "i" : "APT_USD",
      "m" : "4611686018430927561"
    }, {
      "d" : "1756457699796466665",
      "t" : 1756457699796,
      "tn" : 1756457699796466665,
      "q" : "0.28",
      "p" : "4.2801",
      "s" : "sell",
      "i" : "APT_USD",
      "m" : "4611686018430927560"
    }, {
      "d" : "1756457683265960753",
      "t" : 1756457683265,
      "tn" : 1756457683265960753,
      "q" : "0.28",
      "p" : "4.2811",
      "s" : "sell",
      "i" : "APT_USD",
      "m" : "4611686018430927559"
    }, {
      "d" : "1756457662480167858",
      "t" : 1756457662480,
      "tn" : 1756457662480167858,
      "q" : "0.28",
      "p" : "4.2821",
      "s" : "sell",
      "i" : "APT_USD",
      "m" : "4611686018430927558"
    }, {
      "d" : "1756457591045261174",
      "t" : 1756457591045,
      "tn" : 1756457591045261174,
      "q" : "0.28",
      "p" : "4.2811",
      "s" : "sell",
      "i" : "APT_USD",
      "m" : "4611686018430927557"
    }, {
      "d" : "1756457581056670953",
      "t" : 1756457581056,
      "tn" : 1756457581056670953,
      "q" : "0.28",
      "p" : "4.2831",
      "s" : "sell",
      "i" : "APT_USD",
      "m" : "4611686018430927556"
    }, {
      "d" : "1756457574453159889",
      "t" : 1756457574453,
      "tn" : 1756457574453159889,
      "q" : "0.28",
      "p" : "4.2851",
      "s" : "sell",
      "i" : "APT_USD",
      "m" : "4611686018430927555"
    }, {
      "d" : "1756457205595616849",
      "t" : 1756457205595,
      "tn" : 1756457205595616849,
      "q" : "29.10",
      "p" : "4.2928",
      "s" : "buy",
      "i" : "APT_USD",
      "m" : "4611686018430927554"
    }, {
      "d" : "1756457205595614598",
      "t" : 1756457205595,
      "tn" : 1756457205595614598,
      "q" : "0.28",
      "p" : "4.2912",
      "s" : "buy",
      "i" : "APT_USD",
      "m" : "4611686018430927553"
    }, {
      "d" : "1756457199792579069",
      "t" : 1756457199792,
      "tn" : 1756457199792579069,
      "q" : "0.28",
      "p" : "4.2912",
      "s" : "buy",
      "i" : "APT_USD",
      "m" : "4611686018430927552"
    }, {
      "d" : "1756457193687107191",
      "t" : 1756457193687,
      "tn" : 1756457193687107191,
      "q" : "0.28",
      "p" : "4.2912",
      "s" : "buy",
      "i" : "APT_USD",
      "m" : "4611686018430927551"
    }, {
      "d" : "1756457187622156497",
      "t" : 1756457187622,
      "tn" : 1756457187622156497,
      "q" : "0.28",
      "p" : "4.2912",
      "s" : "buy",
      "i" : "APT_USD",
      "m" : "4611686018430927550"
    }, {
      "d" : "1756457181804299339",
      "t" : 1756457181804,
      "tn" : 1756457181804299339,
      "q" : "0.28",
      "p" : "4.2922",
      "s" : "buy",
      "i" : "APT_USD",
      "m" : "4611686018430927549"
    }, {
      "d" : "1756457175870178369",
      "t" : 1756457175870,
      "tn" : 1756457175870178369,
      "q" : "0.28",
      "p" : "4.2932",
      "s" : "buy",
      "i" : "APT_USD",
      "m" : "4611686018430927548"
    }, {
      "d" : "1756457169639197367",
      "t" : 1756457169639,
      "tn" : 1756457169639197367,
      "q" : "0.28",
      "p" : "4.2942",
      "s" : "buy",
      "i" : "APT_USD",
      "m" : "4611686018430927547"
    }, {
      "d" : "1756457164734933644",
      "t" : 1756457164734,
      "tn" : 1756457164734933644,
      "q" : "0.28",
      "p" : "4.2952",
      "s" : "buy",
      "i" : "APT_USD",
      "m" : "4611686018430927546"
    }, {
      "d" : "1756457158642513395",
      "t" : 1756457158642,
      "tn" : 1756457158642513395,
      "q" : "0.28",
      "p" : "4.2982",
      "s" : "buy",
      "i" : "APT_USD",
      "m" : "4611686018430927545"
    }, {
      "d" : "1756457152603319036",
      "t" : 1756457152603,
      "tn" : 1756457152603319036,
      "q" : "0.28",
      "p" : "4.2982",
      "s" : "buy",
      "i" : "APT_USD",
      "m" : "4611686018430927544"
    }, {
      "d" : "1756457146830932662",
      "t" : 1756457146830,
      "tn" : 1756457146830932662,
      "q" : "0.28",
      "p" : "4.2972",
      "s" : "buy",
      "i" : "APT_USD",
      "m" : "4611686018430927543"
    }, {
      "d" : "1756457140731496410",
      "t" : 1756457140731,
      "tn" : 1756457140731496410,
      "q" : "0.28",
      "p" : "4.2942",
      "s" : "buy",
      "i" : "APT_USD",
      "m" : "4611686018430927542"
    }, {
      "d" : "1756457134666506642",
      "t" : 1756457134666,
      "tn" : 1756457134666506642,
      "q" : "2.05",
      "p" : "4.2967",
      "s" : "buy",
      "i" : "APT_USD",
      "m" : "4611686018430927541"
    }, {
      "d" : "1756457128840064809",
      "t" : 1756457128840,
      "tn" : 1756457128840064809,
      "q" : "0.28",
      "p" : "4.2942",
      "s" : "buy",
      "i" : "APT_USD",
      "m" : "4611686018430927540"
    }, {
      "d" : "1756457122630455774",
      "t" : 1756457122630,
      "tn" : 1756457122630455774,
      "q" : "0.28",
      "p" : "4.2932",
      "s" : "buy",
      "i" : "APT_USD",
      "m" : "4611686018430927539"
    }, {
      "d" : "1756457116963523910",
      "t" : 1756457116963,
      "tn" : 1756457116963523910,
      "q" : "0.28",
      "p" : "4.2922",
      "s" : "buy",
      "i" : "APT_USD",
      "m" : "4611686018430927538"
    }, {
      "d" : "1756457110781580296",
      "t" : 1756457110781,
      "tn" : 1756457110781580296,
      "q" : "0.28",
      "p" : "4.2942",
      "s" : "buy",
      "i" : "APT_USD",
      "m" : "4611686018430927537"
    }, {
      "d" : "1756457104767230857",
      "t" : 1756457104767,
      "tn" : 1756457104767230857,
      "q" : "0.28",
      "p" : "4.2922",
      "s" : "buy",
      "i" : "APT_USD",
      "m" : "4611686018430927536"
    }, {
      "d" : "1756457098751759261",
      "t" : 1756457098751,
      "tn" : 1756457098751759261,
      "q" : "0.28",
      "p" : "4.2932",
      "s" : "buy",
      "i" : "APT_USD",
      "m" : "4611686018430927535"
    }, {
      "d" : "1756457092602877333",
      "t" : 1756457092602,
      "tn" : 1756457092602877333,
      "q" : "0.28",
      "p" : "4.2932",
      "s" : "buy",
      "i" : "APT_USD",
      "m" : "4611686018430927534"
    }, {
      "d" : "1756457086764010218",
      "t" : 1756457086764,
      "tn" : 1756457086764010218,
      "q" : "0.28",
      "p" : "4.2932",
      "s" : "buy",
      "i" : "APT_USD",
      "m" : "4611686018430927533"
    }, {
      "d" : "1756457080711042304",
      "t" : 1756457080711,
      "tn" : 1756457080711042304,
      "q" : "0.28",
      "p" : "4.2932",
      "s" : "buy",
      "i" : "APT_USD",
      "m" : "4611686018430927532"
    }, {
      "d" : "1756457074760369840",
      "t" : 1756457074760,
      "tn" : 1756457074760369840,
      "q" : "0.28",
      "p" : "4.2932",
      "s" : "buy",
      "i" : "APT_USD",
      "m" : "4611686018430927531"
    }, {
      "d" : "1756457068730985327",
      "t" : 1756457068730,
      "tn" : 1756457068730985327,
      "q" : "0.28",
      "p" : "4.2932",
      "s" : "buy",
      "i" : "APT_USD",
      "m" : "4611686018430927530"
    }, {
      "d" : "1756457062698171545",
      "t" : 1756457062698,
      "tn" : 1756457062698171545,
      "q" : "0.28",
      "p" : "4.2942",
      "s" : "buy",
      "i" : "APT_USD",
      "m" : "4611686018430927529"
    }, {
      "d" : "1756457058061760364",
      "t" : 1756457058061,
      "tn" : 1756457058061760364,
      "q" : "0.28",
      "p" : "4.2952",
      "s" : "buy",
      "i" : "APT_USD",
      "m" : "4611686018430927528"
    }, {
      "d" : "1756457051998057597",
      "t" : 1756457051998,
      "tn" : 1756457051998057597,
      "q" : "0.28",
      "p" : "4.2952",
      "s" : "buy",
      "i" : "APT_USD",
      "m" : "4611686018430927527"
    }, {
      "d" : "1756457045966706409",
      "t" : 1756457045966,
      "tn" : 1756457045966706409,
      "q" : "0.28",
      "p" : "4.2952",
      "s" : "buy",
      "i" : "APT_USD",
      "m" : "4611686018430927526"
    }, {
      "d" : "1756457040055845414",
      "t" : 1756457040055,
      "tn" : 1756457040055845414,
      "q" : "0.28",
      "p" : "4.2952",
      "s" : "buy",
      "i" : "APT_USD",
      "m" : "4611686018430927525"
    }, {
      "d" : "1756457034252668675",
      "t" : 1756457034252,
      "tn" : 1756457034252668675,
      "q" : "0.28",
      "p" : "4.2942",
      "s" : "buy",
      "i" : "APT_USD",
      "m" : "4611686018430927524"
    }, {
      "d" : "1756457027997033589",
      "t" : 1756457027997,
      "tn" : 1756457027997033589,
      "q" : "0.28",
      "p" : "4.2942",
      "s" : "buy",
      "i" : "APT_USD",
      "m" : "4611686018430927523"
    }, {
      "d" : "1756457022229227585",
      "t" : 1756457022229,
      "tn" : 1756457022229227585,
      "q" : "0.28",
      "p" : "4.2942",
      "s" : "buy",
      "i" : "APT_USD",
      "m" : "4611686018430927522"
    }, {
      "d" : "1756457016095883975",
      "t" : 1756457016095,
      "tn" : 1756457016095883975,
      "q" : "0.28",
      "p" : "4.2942",
      "s" : "buy",
      "i" : "APT_USD",
      "m" : "4611686018430927521"
    }, {
      "d" : "1756457010109189539",
      "t" : 1756457010109,
      "tn" : 1756457010109189539,
      "q" : "0.28",
      "p" : "4.2942",
      "s" : "buy",
      "i" : "APT_USD",
      "m" : "4611686018430927520"
    }, {
      "d" : "1756457004389787184",
      "t" : 1756457004389,
      "tn" : 1756457004389787184,
      "q" : "0.28",
      "p" : "4.2932",
      "s" : "buy",
      "i" : "APT_USD",
      "m" : "4611686018430927519"
    }, {
      "d" : "1756456998019108955",
      "t" : 1756456998019,
      "tn" : 1756456998019108955,
      "q" : "0.28",
      "p" : "4.2932",
      "s" : "buy",
      "i" : "APT_USD",
      "m" : "4611686018430927518"
    }, {
      "d" : "1756456992113021114",
      "t" : 1756456992113,
      "tn" : 1756456992113021114,
      "q" : "0.28",
      "p" : "4.2932",
      "s" : "buy",
      "i" : "APT_USD",
      "m" : "4611686018430927517"
    }, {
      "d" : "1756456986095136370",
      "t" : 1756456986095,
      "tn" : 1756456986095136370,
      "q" : "0.28",
      "p" : "4.2932",
      "s" : "buy",
      "i" : "APT_USD",
      "m" : "4611686018430927516"
    }, {
      "d" : "1756456980232522904",
      "t" : 1756456980232,
      "tn" : 1756456980232522904,
      "q" : "0.28",
      "p" : "4.2932",
      "s" : "buy",
      "i" : "APT_USD",
      "m" : "4611686018430927515"
    }, {
      "d" : "1756456974650561188",
      "t" : 1756456974650,
      "tn" : 1756456974650561188,
      "q" : "0.28",
      "p" : "4.2922",
      "s" : "buy",
      "i" : "APT_USD",
      "m" : "4611686018430927514"
    }, {
      "d" : "1756456968681580136",
      "t" : 1756456968681,
      "tn" : 1756456968681580136,
      "q" : "0.28",
      "p" : "4.2922",
      "s" : "buy",
      "i" : "APT_USD",
      "m" : "4611686018430927513"
    }, {
      "d" : "1756456962734597079",
      "t" : 1756456962734,
      "tn" : 1756456962734597079,
      "q" : "0.28",
      "p" : "4.2922",
      "s" : "buy",
      "i" : "APT_USD",
      "m" : "4611686018430927512"
    }, {
      "d" : "1756456956683830678",
      "t" : 1756456956683,
      "tn" : 1756456956683830678,
      "q" : "0.28",
      "p" : "4.2922",
      "s" : "buy",
      "i" : "APT_USD",
      "m" : "4611686018430927511"
    }, {
      "d" : "1756456950598465088",
      "t" : 1756456950598,
      "tn" : 1756456950598465088,
      "q" : "0.28",
      "p" : "4.2932",
      "s" : "buy",
      "i" : "APT_USD",
      "m" : "4611686018430927510"
    }, {
      "d" : "1756456944815885054",
      "t" : 1756456944815,
      "tn" : 1756456944815885054,
      "q" : "0.28",
      "p" : "4.2922",
      "s" : "buy",
      "i" : "APT_USD",
      "m" : "4611686018430927509"
    }, {
      "d" : "1756456938854375232",
      "t" : 1756456938854,
      "tn" : 1756456938854375232,
      "q" : "0.28",
      "p" : "4.2912",
      "s" : "buy",
      "i" : "APT_USD",
      "m" : "4611686018430927508"
    }, {
      "d" : "1756456932726373102",
      "t" : 1756456932726,
      "tn" : 1756456932726373102,
      "q" : "0.28",
      "p" : "4.2922",
      "s" : "buy",
      "i" : "APT_USD",
      "m" : "4611686018430927507"
    }, {
      "d" : "1756456926674672997",
      "t" : 1756456926674,
      "tn" : 1756456926674672997,
      "q" : "0.28",
      "p" : "4.2932",
      "s" : "buy",
      "i" : "APT_USD",
      "m" : "4611686018430927506"
    }, {
      "d" : "1756456920714576067",
      "t" : 1756456920714,
      "tn" : 1756456920714576067,
      "q" : "0.28",
      "p" : "4.2942",
      "s" : "buy",
      "i" : "APT_USD",
      "m" : "4611686018430927505"
    }, {
      "d" : "1756456914657446970",
      "t" : 1756456914657,
      "tn" : 1756456914657446970,
      "q" : "0.28",
      "p" : "4.2942",
      "s" : "buy",
      "i" : "APT_USD",
      "m" : "4611686018430927504"
    }, {
      "d" : "1756456908632097400",
      "t" : 1756456908632,
      "tn" : 1756456908632097400,
      "q" : "0.28",
      "p" : "4.2942",
      "s" : "buy",
      "i" : "APT_USD",
      "m" : "4611686018430927503"
    }, {
      "d" : "1756456902841372166",
      "t" : 1756456902841,
      "tn" : 1756456902841372166,
      "q" : "0.28",
      "p" : "4.2922",
      "s" : "buy",
      "i" : "APT_USD",
      "m" : "4611686018430927502"
    }, {
      "d" : "1756456896655910806",
      "t" : 1756456896655,
      "tn" : 1756456896655910806,
      "q" : "0.28",
      "p" : "4.2922",
      "s" : "buy",
      "i" : "APT_USD",
      "m" : "4611686018430927501"
    }, {
      "d" : "1756456890711861243",
      "t" : 1756456890711,
      "tn" : 1756456890711861243,
      "q" : "0.28",
      "p" : "4.2942",
      "s" : "buy",
      "i" : "APT_USD",
      "m" : "4611686018430927500"
    }, {
      "d" : "1756456884788978256",
      "t" : 1756456884788,
      "tn" : 1756456884788978256,
      "q" : "0.28",
      "p" : "4.2962",
      "s" : "buy",
      "i" : "APT_USD",
      "m" : "4611686018430927499"
    }, {
      "d" : "1756456878719326129",
      "t" : 1756456878719,
      "tn" : 1756456878719326129,
      "q" : "0.28",
      "p" : "4.2972",
      "s" : "buy",
      "i" : "APT_USD",
      "m" : "4611686018430927498"
    }, {
      "d" : "1756456872717685526",
      "t" : 1756456872717,
      "tn" : 1756456872717685526,
      "q" : "0.28",
      "p" : "4.2972",
      "s" : "buy",
      "i" : "APT_USD",
      "m" : "4611686018430927497"
    }, {
      "d" : "1756456866736672157",
      "t" : 1756456866736,
      "tn" : 1756456866736672157,
      "q" : "0.28",
      "p" : "4.2972",
      "s" : "buy",
      "i" : "APT_USD",
      "m" : "4611686018430927496"
    }, {
      "d" : "1756456860677940528",
      "t" : 1756456860677,
      "tn" : 1756456860677940528,
      "q" : "0.28",
      "p" : "4.2952",
      "s" : "buy",
      "i" : "APT_USD",
      "m" : "4611686018430927495"
    }, {
      "d" : "1756456854781670857",
      "t" : 1756456854781,
      "tn" : 1756456854781670857,
      "q" : "0.28",
      "p" : "4.2942",
      "s" : "buy",
      "i" : "APT_USD",
      "m" : "4611686018430927494"
    }, {
      "d" : "1756456848762830803",
      "t" : 1756456848762,
      "tn" : 1756456848762830803,
      "q" : "0.28",
      "p" : "4.2942",
      "s" : "buy",
      "i" : "APT_USD",
      "m" : "4611686018430927493"
    }, {
      "d" : "1756456842819836549",
      "t" : 1756456842819,
      "tn" : 1756456842819836549,
      "q" : "0.28",
      "p" : "4.2932",
      "s" : "buy",
      "i" : "APT_USD",
      "m" : "4611686018430927492"
    }, {
      "d" : "1756456836747230818",
      "t" : 1756456836747,
      "tn" : 1756456836747230818,
      "q" : "0.28",
      "p" : "4.2942",
      "s" : "buy",
      "i" : "APT_USD",
      "m" : "4611686018430927491"
    }, {
      "d" : "1756456830841207141",
      "t" : 1756456830841,
      "tn" : 1756456830841207141,
      "q" : "0.28",
      "p" : "4.2962",
      "s" : "buy",
      "i" : "APT_USD",
      "m" : "4611686018430927490"
    }, {
      "d" : "1756456824735811489",
      "t" : 1756456824735,
      "tn" : 1756456824735811489,
      "q" : "0.28",
      "p" : "4.2952",
      "s" : "buy",
      "i" : "APT_USD",
      "m" : "4611686018430927489"
    }, {
      "d" : "1756456818760437707",
      "t" : 1756456818760,
      "tn" : 1756456818760437707,
      "q" : "0.28",
      "p" : "4.2962",
      "s" : "buy",
      "i" : "APT_USD",
      "m" : "4611686018430927488"
    }, {
      "d" : "1756456812916912948",
      "t" : 1756456812916,
      "tn" : 1756456812916912948,
      "q" : "0.28",
      "p" : "4.2992",
      "s" : "buy",
      "i" : "APT_USD",
      "m" : "4611686018430927487"
    }, {
      "d" : "1756456806785196305",
      "t" : 1756456806785,
      "tn" : 1756456806785196305,
      "q" : "0.28",
      "p" : "4.2932",
      "s" : "buy",
      "i" : "APT_USD",
      "m" : "4611686018430927486"
    }, {
      "d" : "1756456800629235361",
      "t" : 1756456800629,
      "tn" : 1756456800629235361,
      "q" : "0.28",
      "p" : "4.2952",
      "s" : "buy",
      "i" : "APT_USD",
      "m" : "4611686018430927485"
    }, {
      "d" : "1756456794654595758",
      "t" : 1756456794654,
      "tn" : 1756456794654595758,
      "q" : "0.28",
      "p" : "4.2952",
      "s" : "buy",
      "i" : "APT_USD",
      "m" : "4611686018430927484"
    }, {
      "d" : "1756456788810820078",
      "t" : 1756456788810,
      "tn" : 1756456788810820078,
      "q" : "0.28",
      "p" : "4.2952",
      "s" : "buy",
      "i" : "APT_USD",
      "m" : "4611686018430927483"
    }, {
      "d" : "1756456782723509313",
      "t" : 1756456782723,
      "tn" : 1756456782723509313,
      "q" : "0.28",
      "p" : "4.2962",
      "s" : "buy",
      "i" : "APT_USD",
      "m" : "4611686018430927482"
    }, {
      "d" : "1756456776706775690",
      "t" : 1756456776706,
      "tn" : 1756456776706775690,
      "q" : "0.28",
      "p" : "4.2962",
      "s" : "buy",
      "i" : "APT_USD",
      "m" : "4611686018430927481"
    }, {
      "d" : "1756456770688368414",
      "t" : 1756456770688,
      "tn" : 1756456770688368414,
      "q" : "0.28",
      "p" : "4.2982",
      "s" : "buy",
      "i" : "APT_USD",
      "m" : "4611686018430927480"
    }, {
      "d" : "1756456764876582090",
      "t" : 1756456764876,
      "tn" : 1756456764876582090,
      "q" : "0.28",
      "p" : "4.2992",
      "s" : "buy",
      "i" : "APT_USD",
      "m" : "4611686018430927479"
    }, {
      "d" : "1756456758808578359",
      "t" : 1756456758808,
      "tn" : 1756456758808578359,
      "q" : "0.28",
      "p" : "4.2992",
      "s" : "buy",
      "i" : "APT_USD",
      "m" : "4611686018430927478"
    }, {
      "d" : "1756456752773430379",
      "t" : 1756456752773,
      "tn" : 1756456752773430379,
      "q" : "0.28",
      "p" : "4.2992",
      "s" : "buy",
      "i" : "APT_USD",
      "m" : "4611686018430927477"
    }, {
      "d" : "1756456746888782469",
      "t" : 1756456746888,
      "tn" : 1756456746888782469,
      "q" : "0.28",
      "p" : "4.2972",
      "s" : "buy",
      "i" : "APT_USD",
      "m" : "4611686018430927476"
    }, {
      "d" : "1756456740741673919",
      "t" : 1756456740741,
      "tn" : 1756456740741673919,
      "q" : "0.28",
      "p" : "4.2962",
      "s" : "buy",
      "i" : "APT_USD",
      "m" : "4611686018430927475"
    }, {
      "d" : "1756456740636852894",
      "t" : 1756456740636,
      "tn" : 1756456740636852894,
      "q" : "2.05",
      "p" : "4.2928",
      "s" : "sell",
      "i" : "APT_USD",
      "m" : "4611686018430927474"
    }, {
      "d" : "1756456740636850567",
      "t" : 1756456740636,
      "tn" : 1756456740636850567,
      "q" : "0.28",
      "p" : "4.2961",
      "s" : "sell",
      "i" : "APT_USD",
      "m" : "4611686018430927473"
    }, {
      "d" : "1756456734635569214",
      "t" : 1756456734635,
      "tn" : 1756456734635569214,
      "q" : "0.28",
      "p" : "4.2942",
      "s" : "buy",
      "i" : "APT_USD",
      "m" : "4611686018430927472"
    }, {
      "d" : "1756456728653362198",
      "t" : 1756456728653,
      "tn" : 1756456728653362198,
      "q" : "0.28",
      "p" : "4.2942",
      "s" : "buy",
      "i" : "APT_USD",
      "m" : "4611686018430927471"
    }, {
      "d" : "1756456722852202763",
      "t" : 1756456722852,
      "tn" : 1756456722852202763,
      "q" : "0.28",
      "p" : "4.2952",
      "s" : "buy",
      "i" : "APT_USD",
      "m" : "4611686018430927470"
    }, {
      "d" : "1756456716698009890",
      "t" : 1756456716698,
      "tn" : 1756456716698009890,
      "q" : "0.28",
      "p" : "4.2952",
      "s" : "buy",
      "i" : "APT_USD",
      "m" : "4611686018430927469"
    }, {
      "d" : "1756456710780756546",
      "t" : 1756456710780,
      "tn" : 1756456710780756546,
      "q" : "0.28",
      "p" : "4.2962",
      "s" : "buy",
      "i" : "APT_USD",
      "m" : "4611686018430927468"
    }, {
      "d" : "1756456704613682382",
      "t" : 1756456704613,
      "tn" : 1756456704613682382,
      "q" : "0.28",
      "p" : "4.2962",
      "s" : "buy",
      "i" : "APT_USD",
      "m" : "4611686018430927467"
    }, {
      "d" : "1756456698674463967",
      "t" : 1756456698674,
      "tn" : 1756456698674463967,
      "q" : "0.28",
      "p" : "4.2962",
      "s" : "buy",
      "i" : "APT_USD",
      "m" : "4611686018430927466"
    }, {
      "d" : "1756456692779487343",
      "t" : 1756456692779,
      "tn" : 1756456692779487343,
      "q" : "0.28",
      "p" : "4.2962",
      "s" : "buy",
      "i" : "APT_USD",
      "m" : "4611686018430927465"
    }, {
      "d" : "1756456686668646636",
      "t" : 1756456686668,
      "tn" : 1756456686668646636,
      "q" : "0.28",
      "p" : "4.2962",
      "s" : "buy",
      "i" : "APT_USD",
      "m" : "4611686018430927464"
    }, {
      "d" : "1756456680795973602",
      "t" : 1756456680795,
      "tn" : 1756456680795973602,
      "q" : "0.28",
      "p" : "4.2952",
      "s" : "buy",
      "i" : "APT_USD",
      "m" : "4611686018430927463"
    }, {
      "d" : "1756456674630617798",
      "t" : 1756456674630,
      "tn" : 1756456674630617798,
      "q" : "0.28",
      "p" : "4.2952",
      "s" : "buy",
      "i" : "APT_USD",
      "m" : "4611686018430927462"
    }, {
      "d" : "1756456668709057832",
      "t" : 1756456668709,
      "tn" : 1756456668709057832,
      "q" : "0.28",
      "p" : "4.2942",
      "s" : "buy",
      "i" : "APT_USD",
      "m" : "4611686018430927461"
    }, {
      "d" : "1756456662782450331",
      "t" : 1756456662782,
      "tn" : 1756456662782450331,
      "q" : "0.28",
      "p" : "4.2932",
      "s" : "buy",
      "i" : "APT_USD",
      "m" : "4611686018430927460"
    }, {
      "d" : "1756456656690236857",
      "t" : 1756456656690,
      "tn" : 1756456656690236857,
      "q" : "0.28",
      "p" : "4.2942",
      "s" : "buy",
      "i" : "APT_USD",
      "m" : "4611686018430927459"
    }, {
      "d" : "1756456650754724851",
      "t" : 1756456650754,
      "tn" : 1756456650754724851,
      "q" : "0.28",
      "p" : "4.2942",
      "s" : "buy",
      "i" : "APT_USD",
      "m" : "4611686018430927458"
    }, {
      "d" : "1756456644690260160",
      "t" : 1756456644690,
      "tn" : 1756456644690260160,
      "q" : "0.28",
      "p" : "4.2942",
      "s" : "buy",
      "i" : "APT_USD",
      "m" : "4611686018430927457"
    }, {
      "d" : "1756456638462328918",
      "t" : 1756456638462,
      "tn" : 1756456638462328918,
      "q" : "0.28",
      "p" : "4.2952",
      "s" : "buy",
      "i" : "APT_USD",
      "m" : "4611686018430927456"
    }, {
      "d" : "1756456635221758492",
      "t" : 1756456635221,
      "tn" : 1756456635221758492,
      "q" : "0.28",
      "p" : "4.2952",
      "s" : "buy",
      "i" : "APT_USD",
      "m" : "4611686018430927455"
    }, {
      "d" : "1756456628969386697",
      "t" : 1756456628969,
      "tn" : 1756456628969386697,
      "q" : "0.28",
      "p" : "4.2972",
      "s" : "buy",
      "i" : "APT_USD",
      "m" : "4611686018430927454"
    }, {
      "d" : "1756456623109004707",
      "t" : 1756456623109,
      "tn" : 1756456623109004707,
      "q" : "0.28",
      "p" : "4.2952",
      "s" : "buy",
      "i" : "APT_USD",
      "m" : "4611686018430927453"
    }, {
      "d" : "1756456617320152083",
      "t" : 1756456617320,
      "tn" : 1756456617320152083,
      "q" : "0.28",
      "p" : "4.2962",
      "s" : "buy",
      "i" : "APT_USD",
      "m" : "4611686018430927452"
    }, {
      "d" : "1756456614078349457",
      "t" : 1756456614078,
      "tn" : 1756456614078349457,
      "q" : "0.28",
      "p" : "4.2972",
      "s" : "buy",
      "i" : "APT_USD",
      "m" : "4611686018430927451"
    }, {
      "d" : "1756456608131370110",
      "t" : 1756456608131,
      "tn" : 1756456608131370110,
      "q" : "0.28",
      "p" : "4.2972",
      "s" : "buy",
      "i" : "APT_USD",
      "m" : "4611686018430927450"
    }, {
      "d" : "1756456602004045858",
      "t" : 1756456602004,
      "tn" : 1756456602004045858,
      "q" : "0.28",
      "p" : "4.2982",
      "s" : "buy",
      "i" : "APT_USD",
      "m" : "4611686018430927449"
    }, {
      "d" : "1756456596286356132",
      "t" : 1756456596286,
      "tn" : 1756456596286356132,
      "q" : "0.28",
      "p" : "4.2962",
      "s" : "buy",
      "i" : "APT_USD",
      "m" : "4611686018430927448"
    }, {
      "d" : "1756455635215277481",
      "t" : 1756455635215,
      "tn" : 1756455635215277481,
      "q" : "5.24",
      "p" : "4.2980",
      "s" : "buy",
      "i" : "APT_USD",
      "m" : "4611686018430927447"
    }, {
      "d" : "1756455635215275358",
      "t" : 1756455635215,
      "tn" : 1756455635215275358,
      "q" : "7.17",
      "p" : "4.2978",
      "s" : "buy",
      "i" : "APT_USD",
      "m" : "4611686018430927446"
    }, {
      "d" : "1756455320948262764",
      "t" : 1756455320948,
      "tn" : 1756455320948262764,
      "q" : "0.28",
      "p" : "4.3086",
      "s" : "buy",
      "i" : "APT_USD",
      "m" : "4611686018430927445"
    }, {
      "d" : "1756455315146046737",
      "t" : 1756455315146,
      "tn" : 1756455315146046737,
      "q" : "0.28",
      "p" : "4.3086",
      "s" : "buy",
      "i" : "APT_USD",
      "m" : "4611686018430927444"
    } ]
  }
}