{
  "id" : -1,
  "method" : "public/get-trades",
  "code" : 0,
  "result" : {
    "data" : [ {
      "d" : "1756459484912013899",
      "t" : 1756459484912,
      "tn" : 1756459484912013899,
      "q" : "0.28",
      "p" : "4.2766",
      "s" : "buy",
      "i" : "APT_USDT",
      "m" : "4611686018431211380"
    }, {
      "d" : "1756458501525126187",
      "t" : 1756458501525,
      "tn" : 1756458501525126187,
      "q" : "0.28",
      "p" : "4.2554",
      "s" : "sell",
      "i" : "APT_USDT",
      "m" : "4611686018431211379"
    }, {
      "d" : "1756458476388012550",
      "t" : 1756458476388,
      "tn" : 1756458476388012550,
      "q" : "0.28",
      "p" : "4.2554",
      "s" : "sell",
      "i" : "APT_USDT",
      "m" : "4611686018431211378"
    }, {
      "d" : "1756458177103016072",
      "t" : 1756458177103,
      "tn" : 1756458177103016072,
      "q" : "0.27",
      "p" : "4.2574",
      "s" : "sell",
      "i" : "APT_USDT",
      "m" : "4611686018431211377"
    }, {
      "d" : "1756458177103014096",
      "t" : 1756458177103,
      "tn" : 1756458177103014096,
      "q" : "0.01",
      "p" : "4.2583",
      "s" : "sell",
      "i" : "APT_USDT",
      "m" : "4611686018431211376"
    }, {
      "d" : "1756458176875502715",
      "t" : 1756458176875,
      "tn" : 1756458176875502715,
      "q" : "8.08",
      "p" : "4.2583",
      "s" : "sell",
      "i" : "APT_USDT",
      "m" : "4611686018431211375"
    }, {
      "d" : "1756458176875502034",
      "t" : 1756458176875,
      "tn" : 1756458176875502034,
      "q" : "0.28",
      "p" : "4.2594",
      "s" : "sell",
      "i" : "APT_USDT",
      "m" : "4611686018431211374"
    }, {
      "d" : "1756458164278181083",
      "t" : 1756458164278,
      "tn" : 1756458164278181083,
      "q" : "0.28",
      "p" : "4.2604",
      "s" : "sell",
      "i" : "APT_USDT",
      "m" : "4611686018431211373"
    }, {
      "d" : "1756458152252550741",
      "t" : 1756458152252,
      "tn" : 1756458152252550741,
      "q" : "0.28",
      "p" : "4.2624",
      "s" : "sell",
      "i" : "APT_USDT",
      "m" : "4611686018431211372"
    }, {
      "d" : "1756458106593243639",
      "t" : 1756458106593,
      "tn" : 1756458106593243639,
      "q" : "0.50",
      "p" : "4.2666",
      "s" : "buy",
      "i" : "APT_USDT",
      "m" : "4611686018431211371"
    }, {
      "d" : "1756458106146414105",
      "t" : 1756458106146,
      "tn" : 1756458106146414105,
      "q" : "57.51",
      "p" : "4.2666",
      "s" : "buy",
      "i" : "APT_USDT",
      "m" : "4611686018431211370"
    }, {
      "d" : "1756458098456185748",
      "t" : 1756458098456,
      "tn" : 1756458098456185748,
      "q" : "6.17",
      "p" : "4.2684",
      "s" : "buy",
      "i" : "APT_USDT",
      "m" : "4611686018431211369"
    }, {
      "d" : "1756458054581023550",
      "t" : 1756458054581,
      "tn" : 1756458054581023550,
      "q" : "0.28",
      "p" : "4.2684",
      "s" : "sell",
      "i" : "APT_USDT",
      "m" : "4611686018431211368"
    }, {
      "d" : "1756457892173642650",
      "t" : 1756457892173,
      "tn" : 1756457892173642650,
      "q" : "0.28",
      "p" : "4.2734",
      "s" : "sell",
      "i" : "APT_USDT",
      "m" : "4611686018431211367"
    }, {
      "d" : "1756457861220511127",
      "t" : 1756457861220,
      "tn" : 1756457861220511127,
      "q" : "0.28",
      "p" : "4.2714",
      "s" : "sell",
      "i" : "APT_USDT",
      "m" : "4611686018431211366"
    }, {
      "d" : "1756457743892275543",
      "t" : 1756457743892,
      "tn" : 1756457743892275543,
      "q" : "0.28",
      "p" : "4.2774",
      "s" : "sell",
      "i" : "APT_USDT",
      "m" : "4611686018431211365"
    }, {
      "d" : "1756457737547634235",
      "t" : 1756457737547,
      "tn" : 1756457737547634235,
      "q" : "0.28",
      "p" : "4.2774",
      "s" : "sell",
      "i" : "APT_USDT",
      "m" : "4611686018431211364"
    }, {
      "d" : "1756457737043718770",
      "t" : 1756457737043,
      "tn" : 1756457737043718770,
      "q" : "0.28",
      "p" : "4.2774",
      "s" : "sell",
      "i" : "APT_USDT",
      "m" : "4611686018431211363"
    }, {
      "d" : "1756457735855055527",
      "t" : 1756457735855,
      "tn" : 1756457735855055527,
      "q" : "0.28",
      "p" : "4.2774",
      "s" : "sell",
      "i" : "APT_USDT",
      "m" : "4611686018431211362"
    }, {
      "d" : "1756457733411324370",
      "t" : 1756457733411,
      "tn" : 1756457733411324370,
      "q" : "0.28",
      "p" : "4.2784",
      "s" : "sell",
      "i" : "APT_USDT",
      "m" : "4611686018431211361"
    }, {
      "d" : "1756457731552603727",
      "t" : 1756457731552,
      "tn" : 1756457731552603727,
      "q" : "0.28",
      "p" : "4.2784",
      "s" : "sell",
      "i" : "APT_USDT",
      "m" : "4611686018431211360"
    }, {
      "d" : "1756457722120737987",
      "t" : 1756457722120,
      "tn" : 1756457722120737987,
      "q" : "0.28",
      "p" : "4.2794",
      "s" : "sell",
      "i" : "APT_USDT",
      "m" : "4611686018431211359"
    }, {
      "d" : "1756457719986053385",
      "t" : 1756457719986,
      "tn" : 1756457719986053385,
      "q" : "0.28",
      "p" : "4.2794",
      "s" : "sell",
      "i" : "APT_USDT",
      "m" : "4611686018431211358"
    }, {
      "d" : "1756457699796558695",
      "t" : 1756457699796,
      "tn" : 1756457699796558695,
      "q" : "0.28",
      "p" : "4.2793",
      "s" : "sell",
      "i" : "APT_USDT",
      "m" : "4611686018431211357"
    }, {
      "d" : "1756457683286654405",
      "t" : 1756457683286,
      "tn" : 1756457683286654405,
      "q" : "0.28",
      "p" : "4.2804",
      "s" : "sell",
      "i" : "APT_USDT",
      "m" : "4611686018431211356"
    }, {
      "d" : "1756457662480161796",
      "t" : 1756457662480,
      "tn" : 1756457662480161796,
      "q" : "0.28",
      "p" : "4.2814",
      "s" : "sell",
      "i" : "APT_USDT",
      "m" : "4611686018431211355"
    }, {
      "d" : "1756457591045254367",
      "t" : 1756457591045,
      "tn" : 1756457591045254367,
      "q" : "0.28",
      "p" : "4.2804",
      "s" : "sell",
      "i" : "APT_USDT",
      "m" : "4611686018431211354"
    }, {
      "d" : "1756457581059007159",
      "t" : 1756457581059,
      "tn" : 1756457581059007159,
      "q" : "0.28",
      "p" : "4.2824",
      "s" : "sell",
      "i" : "APT_USDT",
      "m" : "4611686018431211353"
    }, {
      "d" : "1756457548877724287",
      "t" : 1756457548877,
      "tn" : 1756457548877724287,
      "q" : "3.04",
      "p" : "4.2841",
      "s" : "buy",
      "i" : "APT_USDT",
      "m" : "4611686018431211352"
    }, {
      "d" : "1756457548877722286",
      "t" : 1756457548877,
      "tn" : 1756457548877722286,
      "q" : "0.28",
      "p" : "4.2836",
      "s" : "buy",
      "i" : "APT_USDT",
      "m" : "4611686018431211351"
    }, {
      "d" : "1756455813441694597",
      "t" : 1756455813441,
      "tn" : 1756455813441694597,
      "q" : "10.83",
      "p" : "4.3020",
      "s" : "buy",
      "i" : "APT_USDT",
      "m" : "4611686018431211350"
    }, {
      "d" : "1756455813441692742",
      "t" : 1756455813441,
      "tn" : 1756455813441692742,
      "q" : "0.28",
      "p" : "4.3006",
      "s" : "buy",
      "i" : "APT_USDT",
      "m" : "4611686018431211349"
    }, {
      "d" : "1756455637177724319",
      "t" : 1756455637177,
      "tn" : 1756455637177724319,
      "q" : "2.15",
      "p" : "4.2994",
      "s" : "buy",
      "i" : "APT_USDT",
      "m" : "4611686018431211348"
    }, {
      "d" : "1756455627350953040",
      "t" : 1756455627350,
      "tn" : 1756455627350953040,
      "q" : "0.98",
      "p" : "4.2997",
      "s" : "sell",
      "i" : "APT_USDT",
      "m" : "4611686018431211347"
    }, {
      "d" : "1756455438214333024",
      "t" : 1756455438214,
      "tn" : 1756455438214333024,
      "q" : "8.00",
      "p" : "4.3025",
      "s" : "sell",
      "i" : "APT_USDT",
      "m" : "4611686018431211346"
    }, {
      "d" : "1756455073030932896",
      "t" : 1756455073030,
      "tn" : 1756455073030932896,
      "q" : "0.28",
      "p" : "4.3044",
      "s" : "sell",
      "i" : "APT_USDT",
      "m" : "4611686018431211345"
    }, {
      "d" : "1756452869002813237",
      "t" : 1756452869002,
      "tn" : 1756452869002813237,
      "q" : "0.28",
      "p" : "4.3364",
      "s" : "sell",
      "i" : "APT_USDT",
      "m" : "4611686018431211344"
    }, {
      "d" : "1756452389772029516",
      "t" : 1756452389772,
      "tn" : 1756452389772029516,
      "q" : "0.28",
      "p" : "4.3174",
      "s" : "sell",
      "i" : "APT_USDT",
      "m" : "4611686018431211343"
    }, {
      "d" : "1756452032338205032",
      "t" : 1756452032338,
      "tn" : 1756452032338205032,
      "q" : "0.28",
      "p" : "4.3364",
      "s" : "sell",
      "i" : "APT_USDT",
      "m" : "4611686018431211342"
    }, {
      "d" : "1756451730757458048",
      "t" : 1756451730757,
      "tn" : 1756451730757458048,
      "q" : "46.19",
      "p" : "4.3275",
      "s" : "sell",
      "i" : "APT_USDT",
      "m" : "4611686018431211341"
    }, {
      "d" : "1756451730750897999",
      "t" : 1756451730750,
      "tn" : 1756451730750897999,
      "q" : "0.28",
      "p" : "4.3334",
      "s" : "sell",
      "i" : "APT_USDT",
      "m" : "4611686018431211340"
    }, {
      "d" : "1756451670045983788",
      "t" : 1756451670045,
      "tn" : 1756451670045983788,
      "q" : "0.28",
      "p" : "4.3324",
      "s" : "sell",
      "i" : "APT_USDT",
      "m" : "4611686018431211339"
    }, {
      "d" : "1756451563363507289",
      "t" : 1756451563363,
      "tn" : 1756451563363507289,
      "q" : "7.92",
      "p" : "4.3468",
      "s" : "sell",
      "i" : "APT_USDT",
      "m" : "4611686018431211338"
    }, {
      "d" : "1756451471767196074",
      "t" : 1756451471767,
      "tn" : 1756451471767196074,
      "q" : "0.28",
      "p" : "4.3534",
      "s" : "sell",
      "i" : "APT_USDT",
      "m" : "4611686018431211337"
    }, {
      "d" : "1756451015221684229",
      "t" : 1756451015221,
      "tn" : 1756451015221684229,
      "q" : "0.28",
      "p" : "4.3616",
      "s" : "buy",
      "i" : "APT_USDT",
      "m" : "4611686018431211336"
    }, {
      "d" : "1756451013077807002",
      "t" : 1756451013077,
      "tn" : 1756451013077807002,
      "q" : "0.28",
      "p" : "4.3606",
      "s" : "buy",
      "i" : "APT_USDT",
      "m" : "4611686018431211335"
    }, {
      "d" : "1756450970714299072",
      "t" : 1756450970714,
      "tn" : 1756450970714299072,
      "q" : "7.62",
      "p" : "4.3568",
      "s" : "sell",
      "i" : "APT_USDT",
      "m" : "4611686018431211334"
    }, {
      "d" : "1756450970713165915",
      "t" : 1756450970713,
      "tn" : 1756450970713165915,
      "q" : "0.28",
      "p" : "4.3589",
      "s" : "sell",
      "i" : "APT_USDT",
      "m" : "4611686018431211333"
    }, {
      "d" : "1756450967399819784",
      "t" : 1756450967399,
      "tn" : 1756450967399819784,
      "q" : "0.28",
      "p" : "4.3594",
      "s" : "sell",
      "i" : "APT_USDT",
      "m" : "4611686018431211332"
    }, {
      "d" : "1756450950042934048",
      "t" : 1756450950042,
      "tn" : 1756450950042934048,
      "q" : "0.28",
      "p" : "4.3624",
      "s" : "sell",
      "i" : "APT_USDT",
      "m" : "4611686018431211331"
    }, {
      "d" : "1756450948058112042",
      "t" : 1756450948058,
      "tn" : 1756450948058112042,
      "q" : "0.98",
      "p" : "4.3645",
      "s" : "sell",
      "i" : "APT_USDT",
      "m" : "4611686018431211330"
    }, {
      "d" : "1756450946931372681",
      "t" : 1756450946931,
      "tn" : 1756450946931372681,
      "q" : "0.28",
      "p" : "4.3649",
      "s" : "sell",
      "i" : "APT_USDT",
      "m" : "4611686018431211329"
    }, {
      "d" : "1756450901260623198",
      "t" : 1756450901260,
      "tn" : 1756450901260623198,
      "q" : "0.28",
      "p" : "4.3654",
      "s" : "sell",
      "i" : "APT_USDT",
      "m" : "4611686018431211328"
    }, {
      "d" : "1756450897273506510",
      "t" : 1756450897273,
      "tn" : 1756450897273506510,
      "q" : "0.28",
      "p" : "4.3744",
      "s" : "sell",
      "i" : "APT_USDT",
      "m" : "4611686018431211327"
    }, {
      "d" : "1756450769978332912",
      "t" : 1756450769978,
      "tn" : 1756450769978332912,
      "q" : "0.28",
      "p" : "4.3824",
      "s" : "sell",
      "i" : "APT_USDT",
      "m" : "4611686018431211326"
    }, {
      "d" : "1756450761224932035",
      "t" : 1756450761224,
      "tn" : 1756450761224932035,
      "q" : "0.28",
      "p" : "4.3854",
      "s" : "sell",
      "i" : "APT_USDT",
      "m" : "4611686018431211325"
    }, {
      "d" : "1756450686809435562",
      "t" : 1756450686809,
      "tn" : 1756450686809435562,
      "q" : "0.28",
      "p" : "4.3876",
      "s" : "buy",
      "i" : "APT_USDT",
      "m" : "4611686018431211324"
    }, {
      "d" : "1756450659233994676",
      "t" : 1756450659233,
      "tn" : 1756450659233994676,
      "q" : "0.28",
      "p" : "4.3874",
      "s" : "sell",
      "i" : "APT_USDT",
      "m" : "4611686018431211323"
    }, {
      "d" : "1756450522648946676",
      "t" : 1756450522648,
      "tn" : 1756450522648946676,
      "q" : "0.28",
      "p" : "4.3894",
      "s" : "sell",
      "i" : "APT_USDT",
      "m" : "4611686018431211322"
    }, {
      "d" : "1756450369820729425",
      "t" : 1756450369820,
      "tn" : 1756450369820729425,
      "q" : "0.28",
      "p" : "4.3914",
      "s" : "sell",
      "i" : "APT_USDT",
      "m" : "4611686018431211321"
    }, {
      "d" : "1756450313101932998",
      "t" : 1756450313101,
      "tn" : 1756450313101932998,
      "q" : "0.28",
      "p" : "4.3914",
      "s" : "sell",
      "i" : "APT_USDT",
      "m" : "4611686018431211320"
    }, {
      "d" : "1756450210627324697",
      "t" : 1756450210627,
      "tn" : 1756450210627324697,
      "q" : "0.28",
      "p" : "4.3924",
      "s" : "sell",
      "i" : "APT_USDT",
      "m" : "4611686018431211319"
    }, {
      "d" : "1756450199433867918",
      "t" : 1756450199433,
      "tn" : 1756450199433867918,
      "q" : "0.28",
      "p" : "4.3924",
      "s" : "sell",
      "i" : "APT_USDT",
      "m" : "4611686018431211318"
    }, {
      "d" : "1756450186860801243",
      "t" : 1756450186860,
      "tn" : 1756450186860801243,
      "q" : "0.28",
      "p" : "4.3924",
      "s" : "sell",
      "i" : "APT_USDT",
      "m" : "4611686018431211317"
    }, {
      "d" : "1756450137682877417",
      "t" : 1756450137682,
      "tn" : 1756450137682877417,
      "q" : "0.28",
      "p" : "4.3896",
      "s" : "buy",
      "i" : "APT_USDT",
      "m" : "4611686018431211316"
    }, {
      "d" : "1756449962241384102",
      "t" : 1756449962241,
      "tn" : 1756449962241384102,
      "q" : "0.28",
      "p" : "4.3874",
      "s" : "sell",
      "i" : "APT_USDT",
      "m" : "4611686018431211315"
    }, {
      "d" : "1756449746952287875",
      "t" : 1756449746952,
      "tn" : 1756449746952287875,
      "q" : "0.28",
      "p" : "4.3846",
      "s" : "buy",
      "i" : "APT_USDT",
      "m" : "4611686018431211314"
    }, {
      "d" : "1756449746790168106",
      "t" : 1756449746790,
      "tn" : 1756449746790168106,
      "q" : "0.28",
      "p" : "4.3846",
      "s" : "buy",
      "i" : "APT_USDT",
      "m" : "4611686018431211313"
    }, {
      "d" : "1756449695788890362",
      "t" : 1756449695788,
      "tn" : 1756449695788890362,
      "q" : "0.28",
      "p" : "4.3836",
      "s" : "buy",
      "i" : "APT_USDT",
      "m" : "4611686018431211312"
    }, {
      "d" : "1756449677686657974",
      "t" : 1756449677686,
      "tn" : 1756449677686657974,
      "q" : "0.28",
      "p" : "4.3816",
      "s" : "buy",
      "i" : "APT_USDT",
      "m" : "4611686018431211311"
    }, {
      "d" : "1756449667690541901",
      "t" : 1756449667690,
      "tn" : 1756449667690541901,
      "q" : "0.28",
      "p" : "4.3734",
      "s" : "sell",
      "i" : "APT_USDT",
      "m" : "4611686018431211310"
    }, {
      "d" : "1756449567821502275",
      "t" : 1756449567821,
      "tn" : 1756449567821502275,
      "q" : "0.28",
      "p" : "4.3854",
      "s" : "sell",
      "i" : "APT_USDT",
      "m" : "4611686018431211309"
    }, {
      "d" : "1756449505669428256",
      "t" : 1756449505669,
      "tn" : 1756449505669428256,
      "q" : "0.28",
      "p" : "4.3876",
      "s" : "buy",
      "i" : "APT_USDT",
      "m" : "4611686018431211308"
    }, {
      "d" : "1756448700978103219",
      "t" : 1756448700978,
      "tn" : 1756448700978103219,
      "q" : "0.28",
      "p" : "4.3844",
      "s" : "sell",
      "i" : "APT_USDT",
      "m" : "4611686018431211307"
    }, {
      "d" : "1756448700978100968",
      "t" : 1756448700978,
      "tn" : 1756448700978100968,
      "q" : "8.13",
      "p" : "4.3845",
      "s" : "sell",
      "i" : "APT_USDT",
      "m" : "4611686018431211306"
    }, {
      "d" : "1756448207304913488",
      "t" : 1756448207304,
      "tn" : 1756448207304913488,
      "q" : "7.84",
      "p" : "4.3912",
      "s" : "sell",
      "i" : "APT_USDT",
      "m" : "4611686018431211305"
    }, {
      "d" : "1756448124747632860",
      "t" : 1756448124747,
      "tn" : 1756448124747632860,
      "q" : "0.28",
      "p" : "4.3944",
      "s" : "sell",
      "i" : "APT_USDT",
      "m" : "4611686018431211304"
    }, {
      "d" : "1756448115297371288",
      "t" : 1756448115297,
      "tn" : 1756448115297371288,
      "q" : "0.28",
      "p" : "4.3984",
      "s" : "sell",
      "i" : "APT_USDT",
      "m" : "4611686018431211303"
    }, {
      "d" : "1756447891452350253",
      "t" : 1756447891452,
      "tn" : 1756447891452350253,
      "q" : "0.28",
      "p" : "4.4044",
      "s" : "sell",
      "i" : "APT_USDT",
      "m" : "4611686018431211302"
    }, {
      "d" : "1756447891412493641",
      "t" : 1756447891412,
      "tn" : 1756447891412493641,
      "q" : "0.28",
      "p" : "4.4054",
      "s" : "sell",
      "i" : "APT_USDT",
      "m" : "4611686018431211301"
    }, {
      "d" : "1756447891347757875",
      "t" : 1756447891347,
      "tn" : 1756447891347757875,
      "q" : "0.28",
      "p" : "4.4059",
      "s" : "sell",
      "i" : "APT_USDT",
      "m" : "4611686018431211300"
    }, {
      "d" : "1756447449771323232",
      "t" : 1756447449771,
      "tn" : 1756447449771323232,
      "q" : "0.28",
      "p" : "4.4134",
      "s" : "sell",
      "i" : "APT_USDT",
      "m" : "4611686018431211299"
    }, {
      "d" : "1756446758403771556",
      "t" : 1756446758403,
      "tn" : 1756446758403771556,
      "q" : "0.28",
      "p" : "4.4114",
      "s" : "sell",
      "i" : "APT_USDT",
      "m" : "4611686018431211298"
    }, {
      "d" : "1756446703770558377",
      "t" : 1756446703770,
      "tn" : 1756446703770558377,
      "q" : "0.28",
      "p" : "4.4144",
      "s" : "sell",
      "i" : "APT_USDT",
      "m" : "4611686018431211297"
    }, {
      "d" : "1756446533720825023",
      "t" : 1756446533720,
      "tn" : 1756446533720825023,
      "q" : "0.28",
      "p" : "4.4236",
      "s" : "buy",
      "i" : "APT_USDT",
      "m" : "4611686018431211296"
    }, {
      "d" : "1756446522823768370",
      "t" : 1756446522823,
      "tn" : 1756446522823768370,
      "q" : "0.28",
      "p" : "4.4226",
      "s" : "buy",
      "i" : "APT_USDT",
      "m" : "4611686018431211295"
    }, {
      "d" : "1756446451976163579",
      "t" : 1756446451976,
      "tn" : 1756446451976163579,
      "q" : "0.28",
      "p" : "4.4166",
      "s" : "buy",
      "i" : "APT_USDT",
      "m" : "4611686018431211294"
    }, {
      "d" : "1756446451903893725",
      "t" : 1756446451903,
      "tn" : 1756446451903893725,
      "q" : "0.28",
      "p" : "4.4166",
      "s" : "buy",
      "i" : "APT_USDT",
      "m" : "4611686018431211293"
    }, {
      "d" : "1756446137243767898",
      "t" : 1756446137243,
      "tn" : 1756446137243767898,
      "q" : "0.28",
      "p" : "4.4126",
      "s" : "buy",
      "i" : "APT_USDT",
      "m" : "4611686018431211292"
    }, {
      "d" : "1756446137115371877",
      "t" : 1756446137115,
      "tn" : 1756446137115371877,
      "q" : "0.28",
      "p" : "4.4126",
      "s" : "buy",
      "i" : "APT_USDT",
      "m" : "4611686018431211291"
    }, {
      "d" : "1756445520121732385",
      "t" : 1756445520121,
      "tn" : 1756445520121732385,
      "q" : "0.28",
      "p" : "4.4096",
      "s" : "buy",
      "i" : "APT_USDT",
      "m" : "4611686018431211290"
    }, {
      "d" : "1756445520050881116",
      "t" : 1756445520050,
      "tn" : 1756445520050881116,
      "q" : "0.28",
      "p" : "4.4096",
      "s" : "buy",
      "i" : "APT_USDT",
      "m" : "4611686018431211289"
    }, {
      "d" : "1756445396685225739",
      "t" : 1756445396685,
      "tn" : 1756445396685225738,
      "q" : "0.56",
      "p" : "4.4067",
      "s" : "sell",
      "i" : "APT_USDT",
      "m" : "4611686018431211288"
    }, {
      "d" : "1756445396685225738",
      "t" : 1756445396685,
      "tn" : 1756445396685225738,
      "q" : "41.24",
      "p" : "4.4067",
      "s" : "sell",
      "i" : "APT_USDT",
      "m" : "4611686018431211288"
    }, {
      "d" : "1756445396685221883",
      "t" : 1756445396685,
      "tn" : 1756445396685221883,
      "q" : "0.28",
      "p" : "4.4094",
      "s" : "sell",
      "i" : "APT_USDT",
      "m" : "4611686018431211287"
    }, {
      "d" : "1756444776142501334",
      "t" : 1756444776142,
      "tn" : 1756444776142501334,
      "q" : "0.28",
      "p" : "4.4086",
      "s" : "buy",
      "i" : "APT_USDT",
      "m" : "4611686018431211286"
    }, {
      "d" : "1756444775974854722",
      "t" : 1756444775974,
      "tn" : 1756444775974854722,
      "q" : "0.28",
      "p" : "4.4086",
      "s" : "buy",
      "i" : "APT_USDT",
      "m" : "4611686018431211285"
    }, {
      "d" : "1756444775887775829",
      "t" : 1756444775887,
      "tn" : 1756444775887775829,
      "q" : "0.28",
      "p" : "4.4086",
      "s" : "buy",
      "i" : "APT_USDT",
      "m" : "4611686018431211284"
    }, {
      "d" : "1756444518286118708",
      "t" : 1756444518286,
      "tn" : 1756444518286118708,
      "q" : "0.28",
      "p" : "4.4104",
      "s" : "sell",
      "i" : "APT_USDT",
      "m" : "4611686018431211283"
    }, {
      "d" : "1756443832329285184",
      "t" : 1756443832329,
      "tn" : 1756443832329285184,
      "q" : "0.28",
      "p" : "4.4144",
      "s" : "sell",
      "i" : "APT_USDT",
      "m" : "4611686018431211282"
    }, {
      "d" : "1756443688442459064",
      "t" : 1756443688442,
      "tn" : 1756443688442459064,
      "q" : "0.28",
      "p" : "4.4144",
      "s" : "sell",
      "i" : "APT_USDT",
      "m" : "4611686018431211281"
    }, {
      "d" : "1756443357477135548",
      "t" : 1756443357477,
      "tn" : 1756443357477135548,
      "q" : "0.28",
      "p" : "4.4164",
      "s" : "sell",
      "i" : "APT_USDT",
      "m" : "4611686018431211280"
    }, {
      "d" : "1756443168647619843",
      "t" : 1756443168647,
      "tn" : 1756443168647619843,
      "q" : "0.28",
      "p" : "4.4214",
      "s" : "sell",
      "i" : "APT_USDT",
      "m" : "4611686018431211279"
    }, {
      "d" : "1756443168596996424",
      "t" : 1756443168596,
      "tn" : 1756443168596996424,
      "q" : "0.28",
      "p" : "4.4224",
      "s" : "sell",
      "i" : "APT_USDT",
      "m" : "4611686018431211278"
    }, {
      "d" : "1756443011284363254",
      "t" : 1756443011284,
      "tn" : 1756443011284363254,
      "q" : "0.28",
      "p" : "4.4316",
      "s" : "buy",
      "i" : "APT_USDT",
      "m" : "4611686018431211277"
    }, {
      "d" : "1756442876251179173",
      "t" : 1756442876251,
      "tn" : 1756442876251179173,
      "q" : "0.28",
      "p" : "4.4284",
      "s" : "sell",
      "i" : "APT_USDT",
      "m" : "4611686018431211276"
    }, {
      "d" : "1756442756233710308",
      "t" : 1756442756233,
      "tn" : 1756442756233710308,
      "q" : "0.28",
      "p" : "4.4306",
      "s" : "buy",
      "i" : "APT_USDT",
      "m" : "4611686018431211275"
    }, {
      "d" : "1756442756212945318",
      "t" : 1756442756212,
      "tn" : 1756442756212945318,
      "q" : "0.28",
      "p" : "4.4306",
      "s" : "buy",
      "i" : "APT_USDT",
      "m" : "4611686018431211274"
    }, {
      "d" : "1756442756162760055",
      "t" : 1756442756162,
      "tn" : 1756442756162760055,
      "q" : "0.28",
      "p" : "4.4296",
      "s" : "buy",
      "i" : "APT_USDT",
      "m" : "4611686018431211273"
    }, {
      "d" : "1756442492367326796",
      "t" : 1756442492367,
      "tn" : 1756442492367326796,
      "q" : "0.28",
      "p" : "4.4306",
      "s" : "buy",
      "i" : "APT_USDT",
      "m" : "4611686018431211272"
    }, {
      "d" : "1756442292263290442",
      "t" : 1756442292263,
      "tn" : 1756442292263290442,
      "q" : "19.90",
      "p" : "4.4256",
      "s" : "buy",
      "i" : "APT_USDT",
      "m" : "4611686018431211271"
    }, {
      "d" : "1756442283647949769",
      "t" : 1756442283647,
      "tn" : 1756442283647949769,
      "q" : "0.28",
      "p" : "4.4246",
      "s" : "buy",
      "i" : "APT_USDT",
      "m" : "4611686018431211270"
    }, {
      "d" : "1756441871424972508",
      "t" : 1756441871424,
      "tn" : 1756441871424972508,
      "q" : "0.28",
      "p" : "4.4336",
      "s" : "buy",
      "i" : "APT_USDT",
      "m" : "4611686018431211269"
    }, {
      "d" : "1756441734904849524",
      "t" : 1756441734904,
      "tn" : 1756441734904849524,
      "q" : "0.97",
      "p" : "4.4365",
      "s" : "buy",
      "i" : "APT_USDT",
      "m" : "4611686018431211268"
    }, {
      "d" : "1756441269168969507",
      "t" : 1756441269168,
      "tn" : 1756441269168969507,
      "q" : "0.28",
      "p" : "4.4254",
      "s" : "sell",
      "i" : "APT_USDT",
      "m" : "4611686018431211267"
    }, {
      "d" : "1756440651498294953",
      "t" : 1756440651498,
      "tn" : 1756440651498294953,
      "q" : "0.28",
      "p" : "4.4156",
      "s" : "buy",
      "i" : "APT_USDT",
      "m" : "4611686018431211266"
    }, {
      "d" : "1756440543911119913",
      "t" : 1756440543911,
      "tn" : 1756440543911119913,
      "q" : "0.28",
      "p" : "4.4146",
      "s" : "buy",
      "i" : "APT_USDT",
      "m" : "4611686018431211265"
    }, {
      "d" : "1756440543853824859",
      "t" : 1756440543853,
      "tn" : 1756440543853824859,
      "q" : "0.28",
      "p" : "4.4146",
      "s" : "buy",
      "i" : "APT_USDT",
      "m" : "4611686018431211264"
    }, {
      "d" : "1756440543840721084",
      "t" : 1756440543840,
      "tn" : 1756440543840721084,
      "q" : "0.28",
      "p" : "4.4136",
      "s" : "buy",
      "i" : "APT_USDT",
      "m" : "4611686018431211263"
    }, {
      "d" : "1756440202209521442",
      "t" : 1756440202209,
      "tn" : 1756440202209521442,
      "q" : "0.28",
      "p" : "4.4244",
      "s" : "sell",
      "i" : "APT_USDT",
      "m" : "4611686018431211262"
    }, {
      "d" : "1756440202159442908",
      "t" : 1756440202159,
      "tn" : 1756440202159442908,
      "q" : "0.28",
      "p" : "4.4254",
      "s" : "sell",
      "i" : "APT_USDT",
      "m" : "4611686018431211261"
    }, {
      "d" : "1756437926019582342",
      "t" : 1756437926019,
      "tn" : 1756437926019582342,
      "q" : "0.28",
      "p" : "4.4106",
      "s" : "buy",
      "i" : "APT_USDT",
      "m" : "4611686018431211260"
    }, {
      "d" : "1756437492098649241",
      "t" : 1756437492098,
      "tn" : 1756437492098649241,
      "q" : "0.28",
      "p" : "4.4076",
      "s" : "buy",
      "i" : "APT_USDT",
      "m" : "4611686018431211259"
    }, {
      "d" : "1756436073188191183",
      "t" : 1756436073188,
      "tn" : 1756436073188191183,
      "q" : "0.28",
      "p" : "4.4136",
      "s" : "buy",
      "i" : "APT_USDT",
      "m" : "4611686018431211258"
    }, {
      "d" : "1756435689332990758",
      "t" : 1756435689332,
      "tn" : 1756435689332990758,
      "q" : "0.28",
      "p" : "4.4126",
      "s" : "buy",
      "i" : "APT_USDT",
      "m" : "4611686018431211257"
    }, {
      "d" : "1756435665390440779",
      "t" : 1756435665390,
      "tn" : 1756435665390440779,
      "q" : "0.28",
      "p" : "4.4106",
      "s" : "buy",
      "i" : "APT_USDT",
      "m" : "4611686018431211256"
    }, {
      "d" : "1756434912790232376",
      "t" : 1756434912790,
      "tn" : 1756434912790232376,
      "q" : "0.28",
      "p" : "4.4156",
      "s" : "buy",
      "i" : "APT_USDT",
      "m" : "4611686018431211255"
    }, {
      "d" : "1756434299594473096",
      "t" : 1756434299594,
      "tn" : 1756434299594473096,
      "q" : "0.28",
      "p" : "4.4316",
      "s" : "buy",
      "i" : "APT_USDT",
      "m" : "4611686018431211254"
    }, {
      "d" : "1756434299529427159",
      "t" : 1756434299529,
      "tn" : 1756434299529427159,
      "q" : "0.28",
      "p" : "4.4316",
      "s" : "buy",
      "i" : "APT_USDT",
      "m" : "4611686018431211253"
    }, {
      "d" : "1756434299448355816",
      "t" : 1756434299448,
      "tn" : 1756434299448355816,
      "q" : "0.28",
      "p" : "4.4316",
      "s" : "buy",
      "i" : "APT_USDT",
      "m" : "4611686018431211252"
    }, {
      "d" : "1756434299368183032",
      "t" : 1756434299368,
      "tn" : 1756434299368183032,
      "q" : "0.28",
      "p" : "4.4316",
      "s" : "buy",
      "i" : "APT_USDT",
      "m" : "4611686018431211251"
    }, {
      "d" : "1756434299348172020",
      "t" : 1756434299348,
      "tn" : 1756434299348172020,
      "q" : "0.28",
      "p" : "4.4316",
      "s" : "buy",
      "i" : "APT_USDT",
      "m" : "4611686018431211250"
    }, {
      "d" : "1756434299248060806",
      "t" : 1756434299248,
      "tn" : 1756434299248060806,
      "q" : "0.28",
      "p" : "4.4316",
      "s" : "buy",
      "i" : "APT_USDT",
      "m" : "4611686018431211249"
    }, {
      "d" : "1756434299233079935",
      "t" : 1756434299233,
      "tn" : 1756434299233079935,
      "q" : "0.28",
      "p" : "4.4316",
      "s" : "buy",
      "i" : "APT_USDT",
      "m" : "4611686018431211248"
    }, {
      "d" : "1756434299148026311",
      "t" : 1756434299148,
      "tn" : 1756434299148026311,
      "q" : "0.28",
      "p" : "4.4316",
      "s" : "buy",
      "i" : "APT_USDT",
      "m" : "4611686018431211247"
    }, {
      "d" : "1756434299048041666",
      "t" : 1756434299048,
      "tn" : 1756434299048041666,
      "q" : "0.28",
      "p" : "4.4316",
      "s" : "buy",
      "i" : "APT_USDT",
      "m" : "4611686018431211246"
    }, {
      "d" : "1756434298747596744",
      "t" : 1756434298747,
      "tn" : 1756434298747596744,
      "q" : "0.28",
      "p" : "4.4316",
      "s" : "buy",
      "i" : "APT_USDT",
      "m" : "4611686018431211245"
    }, {
      "d" : "1756434298647453194",
      "t" : 1756434298647,
      "tn" : 1756434298647453194,
      "q" : "0.28",
      "p" : "4.4316",
      "s" : "buy",
      "i" : "APT_USDT",
      "m" : "4611686018431211244"
    }, {
      "d" : "1756434298607262338",
      "t" : 1756434298607,
      "tn" : 1756434298607262338,
      "q" : "0.28",
      "p" : "4.4316",
      "s" : "buy",
      "i" : "APT_USDT",
      "m" : "4611686018431211243"
    }, {
      "d" : "1756434298572261835",
      "t" : 1756434298572,
      "tn" : 1756434298572261835,
      "q" : "0.28",
      "p" : "4.4316",
      "s" : "buy",
      "i" : "APT_USDT",
      "m" : "4611686018431211242"
    }, {
      "d" : "1756434298547052253",
      "t" : 1756434298547,
      "tn" : 1756434298547052253,
      "q" : "0.28",
      "p" : "4.4316",
      "s" : "buy",
      "i" : "APT_USDT",
      "m" : "4611686018431211241"
    }, {
      "d" : "1756434298522375584",
      "t" : 1756434298522,
      "tn" : 1756434298522375584,
      "q" : "0.28",
      "p" : "4.4316",
      "s" : "buy",
      "i" : "APT_USDT",
      "m" : "4611686018431211240"
    }, {
      "d" : "1756434273259075865",
      "t" : 1756434273259,
      "tn" : 1756434273259075865,
      "q" : "0.28",
      "p" : "4.4356",
      "s" : "buy",
      "i" : "APT_USDT",
      "m" : "4611686018431211239"
    }, {
      "d" : "1756434273259073393",
      "t" : 1756434273259,
      "tn" : 1756434273259073393,
      "q" : "7.84",
      "p" : "4.4355",
      "s" : "buy",
      "i" : "APT_USDT",
      "m" : "4611686018431211238"
    }, {
      "d" : "1756434273161597200",
      "t" : 1756434273161,
      "tn" : 1756434273161597200,
      "q" : "0.28",
      "p" : "4.4346",
      "s" : "buy",
      "i" : "APT_USDT",
      "m" : "4611686018431211237"
    }, {
      "d" : "1756434131283965613",
      "t" : 1756434131283,
      "tn" : 1756434131283965613,
      "q" : "0.28",
      "p" : "4.4226",
      "s" : "buy",
      "i" : "APT_USDT",
      "m" : "4611686018431211236"
    }, {
      "d" : "1756434119656453500",
      "t" : 1756434119656,
      "tn" : 1756434119656453500,
      "q" : "0.28",
      "p" : "4.4186",
      "s" : "buy",
      "i" : "APT_USDT",
      "m" : "4611686018431211235"
    }, {
      "d" : "1756434042614220696",
      "t" : 1756434042614,
      "tn" : 1756434042614220696,
      "q" : "0.28",
      "p" : "4.4186",
      "s" : "buy",
      "i" : "APT_USDT",
      "m" : "4611686018431211234"
    }, {
      "d" : "1756433610974154409",
      "t" : 1756433610974,
      "tn" : 1756433610974154409,
      "q" : "0.28",
      "p" : "4.4208",
      "s" : "buy",
      "i" : "APT_USDT",
      "m" : "4611686018431211233"
    }, {
      "d" : "1756433610974153755",
      "t" : 1756433610974,
      "tn" : 1756433610974153755,
      "q" : "20.83",
      "p" : "4.4200",
      "s" : "buy",
      "i" : "APT_USDT",
      "m" : "4611686018431211232"
    } ]
  }
}