{
  "id" : -1,
  "method" : "public/get-trades",
  "code" : 0,
  "result" : {
    "data" : [ {
      "d" : "1756460167130111380",
      "t" : 1756460167130,
      "tn" : 1756460167130111380,
      "q" : "10.0",
      "p" : "4.2736",
      "s" : "sell",
      "i" : "APTUSD-PERP",
      "m" : "4611686018430224138"
    }, {
      "d" : "1756460167130109176",
      "t" : 1756460167130,
      "tn" : 1756460167130109176,
      "q" : "0.1",
      "p" : "4.2743",
      "s" : "sell",
      "i" : "APTUSD-PERP",
      "m" : "4611686018430224137"
    }, {
      "d" : "1756459856430881966",
      "t" : 1756459856430,
      "tn" : 1756459856430881966,
      "q" : "0.1",
      "p" : "4.2855",
      "s" : "sell",
      "i" : "APTUSD-PERP",
      "m" : "4611686018430224136"
    }, {
      "d" : "1756459772720403396",
      "t" : 1756459772720,
      "tn" : 1756459772720403396,
      "q" : "0.1",
      "p" : "4.2839",
      "s" : "buy",
      "i" : "APTUSD-PERP",
      "m" : "4611686018430224135"
    }, {
      "d" : "1756459772716812897",
      "t" : 1756459772716,
      "tn" : 1756459772716812897,
      "q" : "9.9",
      "p" : "4.2839",
      "s" : "buy",
      "i" : "APTUSD-PERP",
      "m" : "4611686018430224134"
    }, {
      "d" : "1756459505774360716",
      "t" : 1756459505774,
      "tn" : 1756459505774360716,
      "q" : "10.0",
      "p" : "4.2757",
      "s" : "sell",
      "i" : "APTUSD-PERP",
      "m" : "4611686018430224133"
    }, {
      "d" : "1756459183543568568",
      "t" : 1756459183543,
      "tn" : 1756459183543568568,
      "q" : "28.1",
      "p" : "4.2828",
      "s" : "buy",
      "i" : "APTUSD-PERP",
      "m" : "4611686018430224132"
    }, {
      "d" : "1756459183543488937",
      "t" : 1756459183543,
      "tn" : 1756459183543488937,
      "q" : "18.5",
      "p" : "4.2828",
      "s" : "buy",
      "i" : "APTUSD-PERP",
      "m" : "4611686018430224131"
    }, {
      "d" : "1756459183543486906",
      "t" : 1756459183543,
      "tn" : 1756459183543486906,
      "q" : "0.1",
      "p" : "4.2826",
      "s" : "buy",
      "i" : "APTUSD-PERP",
      "m" : "4611686018430224130"
    }, {
      "d" : "1756459183543483902",
      "t" : 1756459183543,
      "tn" : 1756459183543483902,
      "q" : "0.1",
      "p" : "4.2820",
      "s" : "buy",
      "i" : "APTUSD-PERP",
      "m" : "4611686018430224129"
    }, {
      "d" : "1756458568531028017",
      "t" : 1756458568531,
      "tn" : 1756458568531028017,
      "q" : "10.0",
      "p" : "4.2587",
      "s" : "sell",
      "i" : "APTUSD-PERP",
      "m" : "4611686018430224128"
    }, {
      "d" : "1756458427695020700",
      "t" : 1756458427695,
      "tn" : 1756458427695020699,
      "q" : "46.8",
      "p" : "4.2556",
      "s" : "buy",
      "i" : "APTUSD-PERP",
      "m" : "4611686018430224127"
    }, {
      "d" : "1756458427695020699",
      "t" : 1756458427695,
      "tn" : 1756458427695020699,
      "q" : "0.1",
      "p" : "4.2556",
      "s" : "buy",
      "i" : "APTUSD-PERP",
      "m" : "4611686018430224127"
    }, {
      "d" : "1756458306570737969",
      "t" : 1756458306570,
      "tn" : 1756458306570737969,
      "q" : "28.7",
      "p" : "4.2608",
      "s" : "buy",
      "i" : "APTUSD-PERP",
      "m" : "4611686018430224126"
    }, {
      "d" : "1756458306570147463",
      "t" : 1756458306570,
      "tn" : 1756458306570147463,
      "q" : "0.1",
      "p" : "4.2607",
      "s" : "buy",
      "i" : "APTUSD-PERP",
      "m" : "4611686018430224125"
    }, {
      "d" : "1756458306569483738",
      "t" : 1756458306569,
      "tn" : 1756458306569483738,
      "q" : "0.1",
      "p" : "4.2603",
      "s" : "buy",
      "i" : "APTUSD-PERP",
      "m" : "4611686018430224124"
    }, {
      "d" : "1756458306502012878",
      "t" : 1756458306502,
      "tn" : 1756458306502012878,
      "q" : "0.1",
      "p" : "4.2600",
      "s" : "buy",
      "i" : "APTUSD-PERP",
      "m" : "4611686018430224123"
    }, {
      "d" : "1756458306445559316",
      "t" : 1756458306445,
      "tn" : 1756458306445559316,
      "q" : "0.1",
      "p" : "4.2599",
      "s" : "buy",
      "i" : "APTUSD-PERP",
      "m" : "4611686018430224122"
    }, {
      "d" : "1756458306434849678",
      "t" : 1756458306434,
      "tn" : 1756458306434849678,
      "q" : "0.1",
      "p" : "4.2596",
      "s" : "buy",
      "i" : "APTUSD-PERP",
      "m" : "4611686018430224121"
    }, {
      "d" : "1756458305991141310",
      "t" : 1756458305991,
      "tn" : 1756458305991141310,
      "q" : "0.1",
      "p" : "4.2592",
      "s" : "buy",
      "i" : "APTUSD-PERP",
      "m" : "4611686018430224120"
    }, {
      "d" : "1756458305294721013",
      "t" : 1756458305294,
      "tn" : 1756458305294721013,
      "q" : "0.1",
      "p" : "4.2576",
      "s" : "buy",
      "i" : "APTUSD-PERP",
      "m" : "4611686018430224119"
    }, {
      "d" : "1756458300847336679",
      "t" : 1756458300847,
      "tn" : 1756458300847336679,
      "q" : "0.1",
      "p" : "4.2576",
      "s" : "buy",
      "i" : "APTUSD-PERP",
      "m" : "4611686018430224118"
    }, {
      "d" : "1756458295412429149",
      "t" : 1756458295412,
      "tn" : 1756458295412429149,
      "q" : "0.1",
      "p" : "4.2556",
      "s" : "buy",
      "i" : "APTUSD-PERP",
      "m" : "4611686018430224117"
    }, {
      "d" : "1756458240968141115",
      "t" : 1756458240968,
      "tn" : 1756458240968141115,
      "q" : "0.1",
      "p" : "4.2540",
      "s" : "buy",
      "i" : "APTUSD-PERP",
      "m" : "4611686018430224116"
    }, {
      "d" : "1756458240791600458",
      "t" : 1756458240791,
      "tn" : 1756458240791600458,
      "q" : "0.1",
      "p" : "4.2536",
      "s" : "buy",
      "i" : "APTUSD-PERP",
      "m" : "4611686018430224115"
    }, {
      "d" : "1756458217342059171",
      "t" : 1756458217342,
      "tn" : 1756458217342059171,
      "q" : "0.1",
      "p" : "4.2570",
      "s" : "buy",
      "i" : "APTUSD-PERP",
      "m" : "4611686018430224114"
    }, {
      "d" : "1756458217252442721",
      "t" : 1756458217252,
      "tn" : 1756458217252442721,
      "q" : "0.1",
      "p" : "4.2569",
      "s" : "buy",
      "i" : "APTUSD-PERP",
      "m" : "4611686018430224113"
    }, {
      "d" : "1756458217135405495",
      "t" : 1756458217135,
      "tn" : 1756458217135405495,
      "q" : "0.1",
      "p" : "4.2567",
      "s" : "buy",
      "i" : "APTUSD-PERP",
      "m" : "4611686018430224112"
    }, {
      "d" : "1756458217062654265",
      "t" : 1756458217062,
      "tn" : 1756458217062654265,
      "q" : "0.1",
      "p" : "4.2560",
      "s" : "buy",
      "i" : "APTUSD-PERP",
      "m" : "4611686018430224111"
    }, {
      "d" : "1756458215955131018",
      "t" : 1756458215955,
      "tn" : 1756458215955131018,
      "q" : "0.1",
      "p" : "4.2552",
      "s" : "buy",
      "i" : "APTUSD-PERP",
      "m" : "4611686018430224110"
    }, {
      "d" : "1756458215205749888",
      "t" : 1756458215205,
      "tn" : 1756458215205749888,
      "q" : "0.1",
      "p" : "4.2544",
      "s" : "buy",
      "i" : "APTUSD-PERP",
      "m" : "4611686018430224109"
    }, {
      "d" : "1756458208989598677",
      "t" : 1756458208989,
      "tn" : 1756458208989598677,
      "q" : "0.1",
      "p" : "4.2567",
      "s" : "buy",
      "i" : "APTUSD-PERP",
      "m" : "4611686018430224108"
    }, {
      "d" : "1756458208917007777",
      "t" : 1756458208917,
      "tn" : 1756458208917007777,
      "q" : "0.1",
      "p" : "4.2568",
      "s" : "buy",
      "i" : "APTUSD-PERP",
      "m" : "4611686018430224107"
    }, {
      "d" : "1756458208877971490",
      "t" : 1756458208877,
      "tn" : 1756458208877971490,
      "q" : "0.1",
      "p" : "4.2566",
      "s" : "buy",
      "i" : "APTUSD-PERP",
      "m" : "4611686018430224106"
    }, {
      "d" : "1756458208820477280",
      "t" : 1756458208820,
      "tn" : 1756458208820477280,
      "q" : "0.1",
      "p" : "4.2564",
      "s" : "buy",
      "i" : "APTUSD-PERP",
      "m" : "4611686018430224105"
    }, {
      "d" : "1756458208755026748",
      "t" : 1756458208755,
      "tn" : 1756458208755026748,
      "q" : "0.1",
      "p" : "4.2560",
      "s" : "buy",
      "i" : "APTUSD-PERP",
      "m" : "4611686018430224104"
    }, {
      "d" : "1756458208726854316",
      "t" : 1756458208726,
      "tn" : 1756458208726854316,
      "q" : "0.1",
      "p" : "4.2560",
      "s" : "buy",
      "i" : "APTUSD-PERP",
      "m" : "4611686018430224103"
    }, {
      "d" : "1756458208638652895",
      "t" : 1756458208638,
      "tn" : 1756458208638652895,
      "q" : "0.1",
      "p" : "4.2559",
      "s" : "buy",
      "i" : "APTUSD-PERP",
      "m" : "4611686018430224102"
    }, {
      "d" : "1756458208589891186",
      "t" : 1756458208589,
      "tn" : 1756458208589891186,
      "q" : "0.1",
      "p" : "4.2556",
      "s" : "buy",
      "i" : "APTUSD-PERP",
      "m" : "4611686018430224101"
    }, {
      "d" : "1756458208521809421",
      "t" : 1756458208521,
      "tn" : 1756458208521809421,
      "q" : "0.1",
      "p" : "4.2551",
      "s" : "buy",
      "i" : "APTUSD-PERP",
      "m" : "4611686018430224100"
    }, {
      "d" : "1756458208503944476",
      "t" : 1756458208503,
      "tn" : 1756458208503944476,
      "q" : "0.1",
      "p" : "4.2552",
      "s" : "buy",
      "i" : "APTUSD-PERP",
      "m" : "4611686018430224099"
    }, {
      "d" : "1756458208413307911",
      "t" : 1756458208413,
      "tn" : 1756458208413307910,
      "q" : "0.1",
      "p" : "4.2548",
      "s" : "buy",
      "i" : "APTUSD-PERP",
      "m" : "4611686018430224098"
    }, {
      "d" : "1756458208413307910",
      "t" : 1756458208413,
      "tn" : 1756458208413307910,
      "q" : "0.1",
      "p" : "4.2548",
      "s" : "buy",
      "i" : "APTUSD-PERP",
      "m" : "4611686018430224098"
    }, {
      "d" : "1756458207892044972",
      "t" : 1756458207892,
      "tn" : 1756458207892044972,
      "q" : "0.1",
      "p" : "4.2544",
      "s" : "buy",
      "i" : "APTUSD-PERP",
      "m" : "4611686018430224097"
    }, {
      "d" : "1756458207891556156",
      "t" : 1756458207891,
      "tn" : 1756458207891556156,
      "q" : "0.1",
      "p" : "4.2543",
      "s" : "buy",
      "i" : "APTUSD-PERP",
      "m" : "4611686018430224096"
    }, {
      "d" : "1756458207329053374",
      "t" : 1756458207329,
      "tn" : 1756458207329053374,
      "q" : "0.1",
      "p" : "4.2537",
      "s" : "buy",
      "i" : "APTUSD-PERP",
      "m" : "4611686018430224095"
    }, {
      "d" : "1756458206988075601",
      "t" : 1756458206988,
      "tn" : 1756458206988075601,
      "q" : "0.1",
      "p" : "4.2536",
      "s" : "buy",
      "i" : "APTUSD-PERP",
      "m" : "4611686018430224094"
    }, {
      "d" : "1756458206987666444",
      "t" : 1756458206987,
      "tn" : 1756458206987666444,
      "q" : "0.1",
      "p" : "4.2535",
      "s" : "buy",
      "i" : "APTUSD-PERP",
      "m" : "4611686018430224093"
    }, {
      "d" : "1756458203590699983",
      "t" : 1756458203590,
      "tn" : 1756458203590699983,
      "q" : "46.9",
      "p" : "4.2520",
      "s" : "buy",
      "i" : "APTUSD-PERP",
      "m" : "4611686018430224092"
    }, {
      "d" : "1756458203590698057",
      "t" : 1756458203590,
      "tn" : 1756458203590698057,
      "q" : "0.1",
      "p" : "4.2518",
      "s" : "buy",
      "i" : "APTUSD-PERP",
      "m" : "4611686018430224091"
    }, {
      "d" : "1756458202039717675",
      "t" : 1756458202039,
      "tn" : 1756458202039717675,
      "q" : "0.1",
      "p" : "4.2500",
      "s" : "buy",
      "i" : "APTUSD-PERP",
      "m" : "4611686018430224090"
    }, {
      "d" : "1756458197291436078",
      "t" : 1756458197291,
      "tn" : 1756458197291436078,
      "q" : "0.1",
      "p" : "4.2562",
      "s" : "buy",
      "i" : "APTUSD-PERP",
      "m" : "4611686018430224089"
    }, {
      "d" : "1756458197227858761",
      "t" : 1756458197227,
      "tn" : 1756458197227858761,
      "q" : "0.1",
      "p" : "4.2560",
      "s" : "buy",
      "i" : "APTUSD-PERP",
      "m" : "4611686018430224088"
    }, {
      "d" : "1756458196842330379",
      "t" : 1756458196842,
      "tn" : 1756458196842330379,
      "q" : "0.1",
      "p" : "4.2556",
      "s" : "buy",
      "i" : "APTUSD-PERP",
      "m" : "4611686018430224087"
    }, {
      "d" : "1756458189503473655",
      "t" : 1756458189503,
      "tn" : 1756458189503473655,
      "q" : "0.1",
      "p" : "4.2549",
      "s" : "buy",
      "i" : "APTUSD-PERP",
      "m" : "4611686018430224086"
    }, {
      "d" : "1756458188346578621",
      "t" : 1756458188346,
      "tn" : 1756458188346578621,
      "q" : "0.1",
      "p" : "4.2542",
      "s" : "buy",
      "i" : "APTUSD-PERP",
      "m" : "4611686018430224085"
    }, {
      "d" : "1756458181798056768",
      "t" : 1756458181798,
      "tn" : 1756458181798056768,
      "q" : "7.1",
      "p" : "4.2521",
      "s" : "sell",
      "i" : "APTUSD-PERP",
      "m" : "4611686018430224084"
    }, {
      "d" : "1756458181797524434",
      "t" : 1756458181797,
      "tn" : 1756458181797524434,
      "q" : "2.9",
      "p" : "4.2521",
      "s" : "sell",
      "i" : "APTUSD-PERP",
      "m" : "4611686018430224083"
    }, {
      "d" : "1756458181412747690",
      "t" : 1756458181412,
      "tn" : 1756458181412747690,
      "q" : "0.1",
      "p" : "4.2525",
      "s" : "buy",
      "i" : "APTUSD-PERP",
      "m" : "4611686018430224082"
    }, {
      "d" : "1756458181087330730",
      "t" : 1756458181087,
      "tn" : 1756458181087330730,
      "q" : "0.1",
      "p" : "4.2519",
      "s" : "buy",
      "i" : "APTUSD-PERP",
      "m" : "4611686018430224081"
    }, {
      "d" : "1756458178155608787",
      "t" : 1756458178155,
      "tn" : 1756458178155608787,
      "q" : "0.1",
      "p" : "4.2542",
      "s" : "buy",
      "i" : "APTUSD-PERP",
      "m" : "4611686018430224080"
    }, {
      "d" : "1756458176875361301",
      "t" : 1756458176875,
      "tn" : 1756458176875361301,
      "q" : "0.1",
      "p" : "4.2570",
      "s" : "sell",
      "i" : "APTUSD-PERP",
      "m" : "4611686018430224079"
    }, {
      "d" : "1756458141623911302",
      "t" : 1756458141623,
      "tn" : 1756458141623911302,
      "q" : "33.0",
      "p" : "4.2637",
      "s" : "buy",
      "i" : "APTUSD-PERP",
      "m" : "4611686018430224078"
    }, {
      "d" : "1756458141421212103",
      "t" : 1756458141421,
      "tn" : 1756458141421212103,
      "q" : "10.0",
      "p" : "4.2631",
      "s" : "sell",
      "i" : "APTUSD-PERP",
      "m" : "4611686018430224077"
    }, {
      "d" : "1756458141421210212",
      "t" : 1756458141421,
      "tn" : 1756458141421210212,
      "q" : "0.1",
      "p" : "4.2639",
      "s" : "sell",
      "i" : "APTUSD-PERP",
      "m" : "4611686018430224076"
    }, {
      "d" : "1756457731775246473",
      "t" : 1756457731775,
      "tn" : 1756457731775246473,
      "q" : "46.7",
      "p" : "4.2780",
      "s" : "buy",
      "i" : "APTUSD-PERP",
      "m" : "4611686018430224075"
    }, {
      "d" : "1756457731775242023",
      "t" : 1756457731775,
      "tn" : 1756457731775242023,
      "q" : "6.7",
      "p" : "4.2779",
      "s" : "buy",
      "i" : "APTUSD-PERP",
      "m" : "4611686018430224074"
    }, {
      "d" : "1756457731774625274",
      "t" : 1756457731774,
      "tn" : 1756457731774625274,
      "q" : "3.3",
      "p" : "4.2779",
      "s" : "buy",
      "i" : "APTUSD-PERP",
      "m" : "4611686018430224073"
    }, {
      "d" : "1756457731774623227",
      "t" : 1756457731774,
      "tn" : 1756457731774623227,
      "q" : "0.1",
      "p" : "4.2772",
      "s" : "buy",
      "i" : "APTUSD-PERP",
      "m" : "4611686018430224072"
    }, {
      "d" : "1756457731774620799",
      "t" : 1756457731774,
      "tn" : 1756457731774620799,
      "q" : "0.1",
      "p" : "4.2769",
      "s" : "buy",
      "i" : "APTUSD-PERP",
      "m" : "4611686018430224071"
    }, {
      "d" : "1756456560689489400",
      "t" : 1756456560689,
      "tn" : 1756456560689489400,
      "q" : "10.0",
      "p" : "4.2943",
      "s" : "sell",
      "i" : "APTUSD-PERP",
      "m" : "4611686018430224070"
    }, {
      "d" : "1756456560689486592",
      "t" : 1756456560689,
      "tn" : 1756456560689486592,
      "q" : "0.1",
      "p" : "4.2954",
      "s" : "sell",
      "i" : "APTUSD-PERP",
      "m" : "4611686018430224069"
    }, {
      "d" : "1756456536909748547",
      "t" : 1756456536909,
      "tn" : 1756456536909748547,
      "q" : "0.1",
      "p" : "4.2980",
      "s" : "buy",
      "i" : "APTUSD-PERP",
      "m" : "4611686018430224068"
    }, {
      "d" : "1756455965436326023",
      "t" : 1756455965436,
      "tn" : 1756455965436326023,
      "q" : "0.1",
      "p" : "4.3056",
      "s" : "buy",
      "i" : "APTUSD-PERP",
      "m" : "4611686018430224067"
    }, {
      "d" : "1756455684647190297",
      "t" : 1756455684647,
      "tn" : 1756455684647190297,
      "q" : "10.0",
      "p" : "4.2950",
      "s" : "buy",
      "i" : "APTUSD-PERP",
      "m" : "4611686018430224066"
    }, {
      "d" : "1756455684647187565",
      "t" : 1756455684647,
      "tn" : 1756455684647187565,
      "q" : "0.1",
      "p" : "4.2948",
      "s" : "buy",
      "i" : "APTUSD-PERP",
      "m" : "4611686018430224065"
    }, {
      "d" : "1756455674756022426",
      "t" : 1756455674756,
      "tn" : 1756455674756022426,
      "q" : "3.7",
      "p" : "4.2905",
      "s" : "sell",
      "i" : "APTUSD-PERP",
      "m" : "4611686018430224064"
    }, {
      "d" : "1756455674743941251",
      "t" : 1756455674743,
      "tn" : 1756455674743941251,
      "q" : "6.3",
      "p" : "4.2905",
      "s" : "sell",
      "i" : "APTUSD-PERP",
      "m" : "4611686018430224063"
    }, {
      "d" : "1756455635094619173",
      "t" : 1756455635094,
      "tn" : 1756455635094619173,
      "q" : "10.0",
      "p" : "4.2968",
      "s" : "buy",
      "i" : "APTUSD-PERP",
      "m" : "4611686018430224062"
    }, {
      "d" : "1756455628184564959",
      "t" : 1756455628184,
      "tn" : 1756455628184564959,
      "q" : "11.0",
      "p" : "4.2916",
      "s" : "sell",
      "i" : "APTUSD-PERP",
      "m" : "4611686018430224061"
    }, {
      "d" : "1756455628183599321",
      "t" : 1756455628183,
      "tn" : 1756455628183599321,
      "q" : "35.6",
      "p" : "4.2916",
      "s" : "sell",
      "i" : "APTUSD-PERP",
      "m" : "4611686018430224060"
    }, {
      "d" : "1756455628183598134",
      "t" : 1756455628183,
      "tn" : 1756455628183598134,
      "q" : "0.1",
      "p" : "4.2920",
      "s" : "sell",
      "i" : "APTUSD-PERP",
      "m" : "4611686018430224059"
    }, {
      "d" : "1756455628129083324",
      "t" : 1756455628129,
      "tn" : 1756455628129083324,
      "q" : "0.1",
      "p" : "4.2941",
      "s" : "sell",
      "i" : "APTUSD-PERP",
      "m" : "4611686018430224058"
    }, {
      "d" : "1756455622257718024",
      "t" : 1756455622257,
      "tn" : 1756455622257718024,
      "q" : "0.1",
      "p" : "4.2999",
      "s" : "sell",
      "i" : "APTUSD-PERP",
      "m" : "4611686018430224057"
    }, {
      "d" : "1756455504052116504",
      "t" : 1756455504052,
      "tn" : 1756455504052116504,
      "q" : "10.0",
      "p" : "4.3038",
      "s" : "sell",
      "i" : "APTUSD-PERP",
      "m" : "4611686018430224056"
    }, {
      "d" : "1756455300361941003",
      "t" : 1756455300361,
      "tn" : 1756455300361941003,
      "q" : "9.9",
      "p" : "4.3051",
      "s" : "buy",
      "i" : "APTUSD-PERP",
      "m" : "4611686018430224055"
    }, {
      "d" : "1756455013136353209",
      "t" : 1756455013136,
      "tn" : 1756455013136353209,
      "q" : "0.1",
      "p" : "4.3099",
      "s" : "buy",
      "i" : "APTUSD-PERP",
      "m" : "4611686018430224054"
    }, {
      "d" : "1756455013132411056",
      "t" : 1756455013132,
      "tn" : 1756455013132411056,
      "q" : "9.9",
      "p" : "4.3099",
      "s" : "buy",
      "i" : "APTUSD-PERP",
      "m" : "4611686018430224053"
    }, {
      "d" : "1756454403827109419",
      "t" : 1756454403827,
      "tn" : 1756454403827109419,
      "q" : "0.1",
      "p" : "4.3182",
      "s" : "buy",
      "i" : "APTUSD-PERP",
      "m" : "4611686018430224052"
    }, {
      "d" : "1756454403826671097",
      "t" : 1756454403826,
      "tn" : 1756454403826671097,
      "q" : "9.9",
      "p" : "4.3182",
      "s" : "buy",
      "i" : "APTUSD-PERP",
      "m" : "4611686018430224051"
    }, {
      "d" : "1756454403826669523",
      "t" : 1756454403826,
      "tn" : 1756454403826669523,
      "q" : "0.1",
      "p" : "4.3180",
      "s" : "buy",
      "i" : "APTUSD-PERP",
      "m" : "4611686018430224050"
    }, {
      "d" : "1756454403719004365",
      "t" : 1756454403719,
      "tn" : 1756454403719004365,
      "q" : "10.0",
      "p" : "4.3175",
      "s" : "buy",
      "i" : "APTUSD-PERP",
      "m" : "4611686018430224049"
    }, {
      "d" : "1756454403719001754",
      "t" : 1756454403719,
      "tn" : 1756454403719001754,
      "q" : "0.1",
      "p" : "4.3172",
      "s" : "buy",
      "i" : "APTUSD-PERP",
      "m" : "4611686018430224048"
    }, {
      "d" : "1756454340110998664",
      "t" : 1756454340110,
      "tn" : 1756454340110998664,
      "q" : "17.2",
      "p" : "4.3088",
      "s" : "buy",
      "i" : "APTUSD-PERP",
      "m" : "4611686018430224047"
    }, {
      "d" : "1756454340110551689",
      "t" : 1756454340110,
      "tn" : 1756454340110551689,
      "q" : "29.2",
      "p" : "4.3088",
      "s" : "buy",
      "i" : "APTUSD-PERP",
      "m" : "4611686018430224046"
    }, {
      "d" : "1756454340110549696",
      "t" : 1756454340110,
      "tn" : 1756454340110549696,
      "q" : "0.1",
      "p" : "4.3084",
      "s" : "buy",
      "i" : "APTUSD-PERP",
      "m" : "4611686018430224045"
    }, {
      "d" : "1756454340063336406",
      "t" : 1756454340063,
      "tn" : 1756454340063336406,
      "q" : "0.1",
      "p" : "4.3083",
      "s" : "buy",
      "i" : "APTUSD-PERP",
      "m" : "4611686018430224044"
    }, {
      "d" : "1756454340045320614",
      "t" : 1756454340045,
      "tn" : 1756454340045320614,
      "q" : "0.1",
      "p" : "4.3080",
      "s" : "buy",
      "i" : "APTUSD-PERP",
      "m" : "4611686018430224043"
    }, {
      "d" : "1756454336932766908",
      "t" : 1756454336932,
      "tn" : 1756454336932766908,
      "q" : "0.1",
      "p" : "4.3080",
      "s" : "buy",
      "i" : "APTUSD-PERP",
      "m" : "4611686018430224042"
    }, {
      "d" : "1756454336865775981",
      "t" : 1756454336865,
      "tn" : 1756454336865775981,
      "q" : "0.1",
      "p" : "4.3080",
      "s" : "buy",
      "i" : "APTUSD-PERP",
      "m" : "4611686018430224041"
    }, {
      "d" : "1756454326769734372",
      "t" : 1756454326769,
      "tn" : 1756454326769734372,
      "q" : "0.1",
      "p" : "4.3080",
      "s" : "buy",
      "i" : "APTUSD-PERP",
      "m" : "4611686018430224040"
    }, {
      "d" : "1756454326662863540",
      "t" : 1756454326662,
      "tn" : 1756454326662863540,
      "q" : "0.1",
      "p" : "4.3079",
      "s" : "buy",
      "i" : "APTUSD-PERP",
      "m" : "4611686018430224039"
    }, {
      "d" : "1756454326554200361",
      "t" : 1756454326554,
      "tn" : 1756454326554200361,
      "q" : "0.1",
      "p" : "4.3074",
      "s" : "buy",
      "i" : "APTUSD-PERP",
      "m" : "4611686018430224038"
    }, {
      "d" : "1756454321815382541",
      "t" : 1756454321815,
      "tn" : 1756454321815382541,
      "q" : "0.1",
      "p" : "4.3077",
      "s" : "buy",
      "i" : "APTUSD-PERP",
      "m" : "4611686018430224037"
    }, {
      "d" : "1756454321679557140",
      "t" : 1756454321679,
      "tn" : 1756454321679557140,
      "q" : "0.1",
      "p" : "4.3070",
      "s" : "buy",
      "i" : "APTUSD-PERP",
      "m" : "4611686018430224036"
    }, {
      "d" : "1756454321571704802",
      "t" : 1756454321571,
      "tn" : 1756454321571704801,
      "q" : "0.1",
      "p" : "4.3068",
      "s" : "buy",
      "i" : "APTUSD-PERP",
      "m" : "4611686018430224035"
    }, {
      "d" : "1756454321571704801",
      "t" : 1756454321571,
      "tn" : 1756454321571704801,
      "q" : "0.1",
      "p" : "4.3068",
      "s" : "buy",
      "i" : "APTUSD-PERP",
      "m" : "4611686018430224035"
    }, {
      "d" : "1756454321402068502",
      "t" : 1756454321402,
      "tn" : 1756454321402068501,
      "q" : "0.1",
      "p" : "4.3064",
      "s" : "buy",
      "i" : "APTUSD-PERP",
      "m" : "4611686018430224034"
    }, {
      "d" : "1756454321402068501",
      "t" : 1756454321402,
      "tn" : 1756454321402068501,
      "q" : "0.1",
      "p" : "4.3064",
      "s" : "buy",
      "i" : "APTUSD-PERP",
      "m" : "4611686018430224034"
    }, {
      "d" : "1756454284147587474",
      "t" : 1756454284147,
      "tn" : 1756454284147587473,
      "q" : "0.1",
      "p" : "4.3168",
      "s" : "buy",
      "i" : "APTUSD-PERP",
      "m" : "4611686018430224033"
    }, {
      "d" : "1756454284147587473",
      "t" : 1756454284147,
      "tn" : 1756454284147587473,
      "q" : "0.1",
      "p" : "4.3168",
      "s" : "buy",
      "i" : "APTUSD-PERP",
      "m" : "4611686018430224033"
    }, {
      "d" : "1756454283810995714",
      "t" : 1756454283810,
      "tn" : 1756454283810995714,
      "q" : "0.1",
      "p" : "4.3164",
      "s" : "buy",
      "i" : "APTUSD-PERP",
      "m" : "4611686018430224032"
    }, {
      "d" : "1756454283800393075",
      "t" : 1756454283800,
      "tn" : 1756454283800393075,
      "q" : "0.1",
      "p" : "4.3160",
      "s" : "buy",
      "i" : "APTUSD-PERP",
      "m" : "4611686018430224031"
    }, {
      "d" : "1756454283680482950",
      "t" : 1756454283680,
      "tn" : 1756454283680482950,
      "q" : "0.1",
      "p" : "4.3157",
      "s" : "buy",
      "i" : "APTUSD-PERP",
      "m" : "4611686018430224030"
    }, {
      "d" : "1756454283640436386",
      "t" : 1756454283640,
      "tn" : 1756454283640436386,
      "q" : "0.1",
      "p" : "4.3160",
      "s" : "buy",
      "i" : "APTUSD-PERP",
      "m" : "4611686018430224029"
    }, {
      "d" : "1756454283580247467",
      "t" : 1756454283580,
      "tn" : 1756454283580247467,
      "q" : "0.1",
      "p" : "4.3157",
      "s" : "buy",
      "i" : "APTUSD-PERP",
      "m" : "4611686018430224028"
    }, {
      "d" : "1756454283560154247",
      "t" : 1756454283560,
      "tn" : 1756454283560154247,
      "q" : "0.1",
      "p" : "4.3156",
      "s" : "buy",
      "i" : "APTUSD-PERP",
      "m" : "4611686018430224027"
    }, {
      "d" : "1756454283479963346",
      "t" : 1756454283479,
      "tn" : 1756454283479963346,
      "q" : "0.1",
      "p" : "4.3156",
      "s" : "buy",
      "i" : "APTUSD-PERP",
      "m" : "4611686018430224026"
    }, {
      "d" : "1756454283449800582",
      "t" : 1756454283449,
      "tn" : 1756454283449800582,
      "q" : "0.1",
      "p" : "4.3155",
      "s" : "buy",
      "i" : "APTUSD-PERP",
      "m" : "4611686018430224025"
    }, {
      "d" : "1756454283421035216",
      "t" : 1756454283421,
      "tn" : 1756454283421035216,
      "q" : "0.1",
      "p" : "4.3156",
      "s" : "buy",
      "i" : "APTUSD-PERP",
      "m" : "4611686018430224024"
    }, {
      "d" : "1756454283420524510",
      "t" : 1756454283420,
      "tn" : 1756454283420524510,
      "q" : "46.2",
      "p" : "4.3156",
      "s" : "buy",
      "i" : "APTUSD-PERP",
      "m" : "4611686018430224023"
    }, {
      "d" : "1756454283419679842",
      "t" : 1756454283419,
      "tn" : 1756454283419679842,
      "q" : "0.1",
      "p" : "4.3148",
      "s" : "buy",
      "i" : "APTUSD-PERP",
      "m" : "4611686018430224022"
    }, {
      "d" : "1756454283359653259",
      "t" : 1756454283359,
      "tn" : 1756454283359653259,
      "q" : "0.1",
      "p" : "4.3145",
      "s" : "buy",
      "i" : "APTUSD-PERP",
      "m" : "4611686018430224021"
    }, {
      "d" : "1756454283343357682",
      "t" : 1756454283343,
      "tn" : 1756454283343357682,
      "q" : "0.1",
      "p" : "4.3145",
      "s" : "buy",
      "i" : "APTUSD-PERP",
      "m" : "4611686018430224020"
    }, {
      "d" : "1756454283299495194",
      "t" : 1756454283299,
      "tn" : 1756454283299495194,
      "q" : "0.1",
      "p" : "4.3144",
      "s" : "buy",
      "i" : "APTUSD-PERP",
      "m" : "4611686018430224019"
    }, {
      "d" : "1756454282986061423",
      "t" : 1756454282986,
      "tn" : 1756454282986061423,
      "q" : "0.1",
      "p" : "4.3144",
      "s" : "buy",
      "i" : "APTUSD-PERP",
      "m" : "4611686018430224018"
    }, {
      "d" : "1756454282663880291",
      "t" : 1756454282663,
      "tn" : 1756454282663880291,
      "q" : "0.1",
      "p" : "4.3143",
      "s" : "buy",
      "i" : "APTUSD-PERP",
      "m" : "4611686018430224017"
    }, {
      "d" : "1756454282578121880",
      "t" : 1756454282578,
      "tn" : 1756454282578121880,
      "q" : "0.1",
      "p" : "4.3144",
      "s" : "buy",
      "i" : "APTUSD-PERP",
      "m" : "4611686018430224016"
    }, {
      "d" : "1756454282231522832",
      "t" : 1756454282231,
      "tn" : 1756454282231522832,
      "q" : "0.1",
      "p" : "4.3144",
      "s" : "buy",
      "i" : "APTUSD-PERP",
      "m" : "4611686018430224015"
    }, {
      "d" : "1756454282231092855",
      "t" : 1756454282231,
      "tn" : 1756454282231092855,
      "q" : "0.1",
      "p" : "4.3143",
      "s" : "buy",
      "i" : "APTUSD-PERP",
      "m" : "4611686018430224014"
    }, {
      "d" : "1756454281535380041",
      "t" : 1756454281535,
      "tn" : 1756454281535380041,
      "q" : "0.1",
      "p" : "4.3143",
      "s" : "buy",
      "i" : "APTUSD-PERP",
      "m" : "4611686018430224013"
    }, {
      "d" : "1756454279970336370",
      "t" : 1756454279970,
      "tn" : 1756454279970336370,
      "q" : "0.1",
      "p" : "4.3139",
      "s" : "buy",
      "i" : "APTUSD-PERP",
      "m" : "4611686018430224012"
    }, {
      "d" : "1756454279860078558",
      "t" : 1756454279860,
      "tn" : 1756454279860078558,
      "q" : "0.1",
      "p" : "4.3138",
      "s" : "buy",
      "i" : "APTUSD-PERP",
      "m" : "4611686018430224011"
    }, {
      "d" : "1756454277713978297",
      "t" : 1756454277713,
      "tn" : 1756454277713978297,
      "q" : "33.7",
      "p" : "4.3164",
      "s" : "buy",
      "i" : "APTUSD-PERP",
      "m" : "4611686018430224010"
    }, {
      "d" : "1756454277689250341",
      "t" : 1756454277689,
      "tn" : 1756454277689250341,
      "q" : "32.9",
      "p" : "4.3163",
      "s" : "buy",
      "i" : "APTUSD-PERP",
      "m" : "4611686018430224009"
    }, {
      "d" : "1756454277682114634",
      "t" : 1756454277682,
      "tn" : 1756454277682114632,
      "q" : "0.1",
      "p" : "4.3153",
      "s" : "buy",
      "i" : "APTUSD-PERP",
      "m" : "4611686018430224008"
    }, {
      "d" : "1756454277682114633",
      "t" : 1756454277682,
      "tn" : 1756454277682114632,
      "q" : "46.3",
      "p" : "4.3153",
      "s" : "buy",
      "i" : "APTUSD-PERP",
      "m" : "4611686018430224008"
    }, {
      "d" : "1756454277682114632",
      "t" : 1756454277682,
      "tn" : 1756454277682114632,
      "q" : "0.1",
      "p" : "4.3153",
      "s" : "buy",
      "i" : "APTUSD-PERP",
      "m" : "4611686018430224008"
    }, {
      "d" : "1756454151850960689",
      "t" : 1756454151850,
      "tn" : 1756454151850960689,
      "q" : "46.0",
      "p" : "4.3220",
      "s" : "buy",
      "i" : "APTUSD-PERP",
      "m" : "4611686018430224007"
    }, {
      "d" : "1756454151850959319",
      "t" : 1756454151850,
      "tn" : 1756454151850959319,
      "q" : "0.1",
      "p" : "4.3216",
      "s" : "buy",
      "i" : "APTUSD-PERP",
      "m" : "4611686018430224006"
    }, {
      "d" : "1756454151850957275",
      "t" : 1756454151850,
      "tn" : 1756454151850957275,
      "q" : "0.1",
      "p" : "4.3214",
      "s" : "buy",
      "i" : "APTUSD-PERP",
      "m" : "4611686018430224005"
    }, {
      "d" : "1756452874024451895",
      "t" : 1756452874024,
      "tn" : 1756452874024451895,
      "q" : "0.1",
      "p" : "4.3312",
      "s" : "sell",
      "i" : "APTUSD-PERP",
      "m" : "4611686018430224004"
    }, {
      "d" : "1756452874024449538",
      "t" : 1756452874024,
      "tn" : 1756452874024449538,
      "q" : "0.1",
      "p" : "4.3315",
      "s" : "sell",
      "i" : "APTUSD-PERP",
      "m" : "4611686018430224003"
    }, {
      "d" : "1756452869006468276",
      "t" : 1756452869006,
      "tn" : 1756452869006468276,
      "q" : "46.1",
      "p" : "4.3332",
      "s" : "sell",
      "i" : "APTUSD-PERP",
      "m" : "4611686018430224002"
    }, {
      "d" : "1756452869005753885",
      "t" : 1756452869005,
      "tn" : 1756452869005753885,
      "q" : "0.1",
      "p" : "4.3336",
      "s" : "sell",
      "i" : "APTUSD-PERP",
      "m" : "4611686018430224001"
    }, {
      "d" : "1756452869005751834",
      "t" : 1756452869005,
      "tn" : 1756452869005751834,
      "q" : "0.1",
      "p" : "4.3340",
      "s" : "sell",
      "i" : "APTUSD-PERP",
      "m" : "4611686018430224000"
    }, {
      "d" : "1756452767808818806",
      "t" : 1756452767808,
      "tn" : 1756452767808818806,
      "q" : "0.1",
      "p" : "4.3395",
      "s" : "buy",
      "i" : "APTUSD-PERP",
      "m" : "4611686018430223999"
    }, {
      "d" : "1756452738404430615",
      "t" : 1756452738404,
      "tn" : 1756452738404430615,
      "q" : "33.1",
      "p" : "4.3376",
      "s" : "sell",
      "i" : "APTUSD-PERP",
      "m" : "4611686018430223998"
    }, {
      "d" : "1756452738404428604",
      "t" : 1756452738404,
      "tn" : 1756452738404428604,
      "q" : "0.1",
      "p" : "4.3381",
      "s" : "sell",
      "i" : "APTUSD-PERP",
      "m" : "4611686018430223997"
    }, {
      "d" : "1756452685033639032",
      "t" : 1756452685033,
      "tn" : 1756452685033639032,
      "q" : "0.1",
      "p" : "4.3279",
      "s" : "buy",
      "i" : "APTUSD-PERP",
      "m" : "4611686018430223996"
    } ]
  }
}