{
  "id" : -1,
  "method" : "public/get-trades",
  "code" : 0,
  "result" : {
    "data" : [ {
      "d" : "1756457582956357222",
      "t" : 1756457582956,
      "tn" : 1756457582956357222,
      "q" : "15.66",
      "p" : "6.4627",
      "s" : "sell",
      "i" : "AR_USD",
      "m" : "4611686018430549437"
    }, {
      "d" : "1756457539280932046",
      "t" : 1756457539280,
      "tn" : 1756457539280932046,
      "q" : "50.00",
      "p" : "6.4872",
      "s" : "sell",
      "i" : "AR_USD",
      "m" : "4611686018430549436"
    }, {
      "d" : "1756457259970691618",
      "t" : 1756457259970,
      "tn" : 1756457259970691618,
      "q" : "3.51",
      "p" : "6.4798",
      "s" : "sell",
      "i" : "AR_USD",
      "m" : "4611686018430549435"
    }, {
      "d" : "1756454975020136973",
      "t" : 1756454975020,
      "tn" : 1756454975020136973,
      "q" : "2.00",
      "p" : "6.5244",
      "s" : "sell",
      "i" : "AR_USD",
      "m" : "4611686018430549434"
    }, {
      "d" : "1756452134346045975",
      "t" : 1756452134346,
      "tn" : 1756452134346045973,
      "q" : "13.53",
      "p" : "6.5675",
      "s" : "sell",
      "i" : "AR_USD",
      "m" : "4611686018430549433"
    }, {
      "d" : "1756452134346045974",
      "t" : 1756452134346,
      "tn" : 1756452134346045973,
      "q" : "15.18",
      "p" : "6.5675",
      "s" : "sell",
      "i" : "AR_USD",
      "m" : "4611686018430549433"
    }, {
      "d" : "1756452134346045973",
      "t" : 1756452134346,
      "tn" : 1756452134346045973,
      "q" : "15.19",
      "p" : "6.5675",
      "s" : "sell",
      "i" : "AR_USD",
      "m" : "4611686018430549433"
    }, {
      "d" : "1756452134346040878",
      "t" : 1756452134346,
      "tn" : 1756452134346040878,
      "q" : "65.33",
      "p" : "6.5705",
      "s" : "sell",
      "i" : "AR_USD",
      "m" : "4611686018430549432"
    }, {
      "d" : "1756452134346039204",
      "t" : 1756452134346,
      "tn" : 1756452134346039204,
      "q" : "218.27",
      "p" : "6.5708",
      "s" : "sell",
      "i" : "AR_USD",
      "m" : "4611686018430549431"
    }, {
      "d" : "1756451604681750322",
      "t" : 1756451604681,
      "tn" : 1756451604681750322,
      "q" : "0.46",
      "p" : "6.6000",
      "s" : "sell",
      "i" : "AR_USD",
      "m" : "4611686018430549430"
    }, {
      "d" : "1756450973039439826",
      "t" : 1756450973039,
      "tn" : 1756450973039439826,
      "q" : "0.56",
      "p" : "6.6423",
      "s" : "sell",
      "i" : "AR_USD",
      "m" : "4611686018430549429"
    }, {
      "d" : "1756450959039333551",
      "t" : 1756450959039,
      "tn" : 1756450959039333550,
      "q" : "14.24",
      "p" : "6.6574",
      "s" : "sell",
      "i" : "AR_USD",
      "m" : "4611686018430549428"
    }, {
      "d" : "1756450959039333550",
      "t" : 1756450959039,
      "tn" : 1756450959039333550,
      "q" : "14.67",
      "p" : "6.6574",
      "s" : "sell",
      "i" : "AR_USD",
      "m" : "4611686018430549428"
    }, {
      "d" : "1756450959039329577",
      "t" : 1756450959039,
      "tn" : 1756450959039329577,
      "q" : "58.63",
      "p" : "6.6575",
      "s" : "sell",
      "i" : "AR_USD",
      "m" : "4611686018430549427"
    }, {
      "d" : "1756450958213147558",
      "t" : 1756450958213,
      "tn" : 1756450958213147558,
      "q" : "67.40",
      "p" : "6.6575",
      "s" : "sell",
      "i" : "AR_USD",
      "m" : "4611686018430549426"
    }, {
      "d" : "1756450833084894590",
      "t" : 1756450833084,
      "tn" : 1756450833084894590,
      "q" : "17.33",
      "p" : "6.7348",
      "s" : "sell",
      "i" : "AR_USD",
      "m" : "4611686018430549425"
    }, {
      "d" : "1756448294544886389",
      "t" : 1756448294544,
      "tn" : 1756448294544886389,
      "q" : "139.88",
      "p" : "6.7344",
      "s" : "sell",
      "i" : "AR_USD",
      "m" : "4611686018430549424"
    }, {
      "d" : "1756448286837723341",
      "t" : 1756448286837,
      "tn" : 1756448286837723341,
      "q" : "80.61",
      "p" : "6.7089",
      "s" : "sell",
      "i" : "AR_USD",
      "m" : "4611686018430549423"
    }, {
      "d" : "1756448281518401807",
      "t" : 1756448281518,
      "tn" : 1756448281518401807,
      "q" : "143.00",
      "p" : "6.7109",
      "s" : "sell",
      "i" : "AR_USD",
      "m" : "4611686018430549422"
    }, {
      "d" : "1756448278174406783",
      "t" : 1756448278174,
      "tn" : 1756448278174406783,
      "q" : "143.00",
      "p" : "6.7111",
      "s" : "sell",
      "i" : "AR_USD",
      "m" : "4611686018430549421"
    }, {
      "d" : "1756445714192556993",
      "t" : 1756445714192,
      "tn" : 1756445714192556993,
      "q" : "7.08",
      "p" : "6.7483",
      "s" : "sell",
      "i" : "AR_USD",
      "m" : "4611686018430549420"
    }, {
      "d" : "1756443918820214227",
      "t" : 1756443918820,
      "tn" : 1756443918820214227,
      "q" : "20.00",
      "p" : "6.7485",
      "s" : "buy",
      "i" : "AR_USD",
      "m" : "4611686018430549419"
    }, {
      "d" : "1756443259717588007",
      "t" : 1756443259717,
      "tn" : 1756443259717588007,
      "q" : "8.10",
      "p" : "6.7747",
      "s" : "sell",
      "i" : "AR_USD",
      "m" : "4611686018430549418"
    }, {
      "d" : "1756441950375637765",
      "t" : 1756441950375,
      "tn" : 1756441950375637765,
      "q" : "11.89",
      "p" : "6.8333",
      "s" : "sell",
      "i" : "AR_USD",
      "m" : "4611686018430549417"
    }, {
      "d" : "1756441265973316899",
      "t" : 1756441265973,
      "tn" : 1756441265973316899,
      "q" : "1.56",
      "p" : "6.8277",
      "s" : "sell",
      "i" : "AR_USD",
      "m" : "4611686018430549416"
    }, {
      "d" : "1756440285392104237",
      "t" : 1756440285392,
      "tn" : 1756440285392104237,
      "q" : "2.43",
      "p" : "6.8088",
      "s" : "sell",
      "i" : "AR_USD",
      "m" : "4611686018430549415"
    }, {
      "d" : "1756439718685683983",
      "t" : 1756439718685,
      "tn" : 1756439718685683983,
      "q" : "56.97",
      "p" : "6.8353",
      "s" : "sell",
      "i" : "AR_USD",
      "m" : "4611686018430549414"
    }, {
      "d" : "1756435391269927626",
      "t" : 1756435391269,
      "tn" : 1756435391269927626,
      "q" : "120.43",
      "p" : "6.7609",
      "s" : "buy",
      "i" : "AR_USD",
      "m" : "4611686018430549413"
    }, {
      "d" : "1756435380787987773",
      "t" : 1756435380787,
      "tn" : 1756435380787987773,
      "q" : "143.00",
      "p" : "6.7607",
      "s" : "buy",
      "i" : "AR_USD",
      "m" : "4611686018430549412"
    }, {
      "d" : "1756435371620225576",
      "t" : 1756435371620,
      "tn" : 1756435371620225576,
      "q" : "116.38",
      "p" : "6.7601",
      "s" : "buy",
      "i" : "AR_USD",
      "m" : "4611686018430549411"
    }, {
      "d" : "1756435371619770349",
      "t" : 1756435371619,
      "tn" : 1756435371619770349,
      "q" : "13.31",
      "p" : "6.7601",
      "s" : "buy",
      "i" : "AR_USD",
      "m" : "4611686018430549410"
    }, {
      "d" : "1756435371619764333",
      "t" : 1756435371619,
      "tn" : 1756435371619764333,
      "q" : "13.31",
      "p" : "6.7601",
      "s" : "buy",
      "i" : "AR_USD",
      "m" : "4611686018430549409"
    }, {
      "d" : "1756434227202534788",
      "t" : 1756434227202,
      "tn" : 1756434227202534788,
      "q" : "6.41",
      "p" : "6.8134",
      "s" : "buy",
      "i" : "AR_USD",
      "m" : "4611686018430549408"
    }, {
      "d" : "1756432448328261953",
      "t" : 1756432448328,
      "tn" : 1756432448328261953,
      "q" : "16.70",
      "p" : "6.7361",
      "s" : "buy",
      "i" : "AR_USD",
      "m" : "4611686018430549407"
    }, {
      "d" : "1756431181448464909",
      "t" : 1756431181448,
      "tn" : 1756431181448464909,
      "q" : "13.25",
      "p" : "6.8356",
      "s" : "sell",
      "i" : "AR_USD",
      "m" : "4611686018430549406"
    }, {
      "d" : "1756430603386119491",
      "t" : 1756430603386,
      "tn" : 1756430603386119490,
      "q" : "14.16",
      "p" : "6.7443",
      "s" : "sell",
      "i" : "AR_USD",
      "m" : "4611686018430549405"
    }, {
      "d" : "1756430603386119490",
      "t" : 1756430603386,
      "tn" : 1756430603386119490,
      "q" : "13.84",
      "p" : "6.7443",
      "s" : "sell",
      "i" : "AR_USD",
      "m" : "4611686018430549405"
    }, {
      "d" : "1756430498935744257",
      "t" : 1756430498935,
      "tn" : 1756430498935744257,
      "q" : "2.32",
      "p" : "6.7449",
      "s" : "sell",
      "i" : "AR_USD",
      "m" : "4611686018430549404"
    }, {
      "d" : "1756430498868797474",
      "t" : 1756430498868,
      "tn" : 1756430498868797474,
      "q" : "56.81",
      "p" : "6.7449",
      "s" : "sell",
      "i" : "AR_USD",
      "m" : "4611686018430549403"
    }, {
      "d" : "1756430498865784054",
      "t" : 1756430498865,
      "tn" : 1756430498865784054,
      "q" : "4.26",
      "p" : "6.7449",
      "s" : "sell",
      "i" : "AR_USD",
      "m" : "4611686018430549402"
    }, {
      "d" : "1756430395669678122",
      "t" : 1756430395669,
      "tn" : 1756430395669678122,
      "q" : "7.32",
      "p" : "6.7711",
      "s" : "sell",
      "i" : "AR_USD",
      "m" : "4611686018430549401"
    }, {
      "d" : "1756430141017071843",
      "t" : 1756430141017,
      "tn" : 1756430141017071843,
      "q" : "15.08",
      "p" : "6.7966",
      "s" : "sell",
      "i" : "AR_USD",
      "m" : "4611686018430549400"
    }, {
      "d" : "1756429707320799510",
      "t" : 1756429707320,
      "tn" : 1756429707320799510,
      "q" : "34.50",
      "p" : "6.7948",
      "s" : "buy",
      "i" : "AR_USD",
      "m" : "4611686018430549399"
    }, {
      "d" : "1756425934252714053",
      "t" : 1756425934252,
      "tn" : 1756425934252714053,
      "q" : "24.42",
      "p" : "6.8595",
      "s" : "sell",
      "i" : "AR_USD",
      "m" : "4611686018430549398"
    }, {
      "d" : "1756425748352972721",
      "t" : 1756425748352,
      "tn" : 1756425748352972721,
      "q" : "7.18",
      "p" : "6.8554",
      "s" : "sell",
      "i" : "AR_USD",
      "m" : "4611686018430549397"
    }, {
      "d" : "1756425298973815726",
      "t" : 1756425298973,
      "tn" : 1756425298973815726,
      "q" : "3.00",
      "p" : "6.8628",
      "s" : "buy",
      "i" : "AR_USD",
      "m" : "4611686018430549396"
    }, {
      "d" : "1756422898160675014",
      "t" : 1756422898160,
      "tn" : 1756422898160675014,
      "q" : "10.03",
      "p" : "6.8628",
      "s" : "sell",
      "i" : "AR_USD",
      "m" : "4611686018430549395"
    }, {
      "d" : "1756420503207876935",
      "t" : 1756420503207,
      "tn" : 1756420503207876935,
      "q" : "6.55",
      "p" : "6.8740",
      "s" : "buy",
      "i" : "AR_USD",
      "m" : "4611686018430549394"
    }, {
      "d" : "1756419661514638077",
      "t" : 1756419661514,
      "tn" : 1756419661514638077,
      "q" : "5.44",
      "p" : "6.8740",
      "s" : "buy",
      "i" : "AR_USD",
      "m" : "4611686018430549393"
    }, {
      "d" : "1756419517620924761",
      "t" : 1756419517620,
      "tn" : 1756419517620924761,
      "q" : "6.16",
      "p" : "6.8639",
      "s" : "sell",
      "i" : "AR_USD",
      "m" : "4611686018430549392"
    }, {
      "d" : "1756419475357428477",
      "t" : 1756419475357,
      "tn" : 1756419475357428477,
      "q" : "22.87",
      "p" : "6.8739",
      "s" : "buy",
      "i" : "AR_USD",
      "m" : "4611686018430549391"
    }, {
      "d" : "1756419295228177006",
      "t" : 1756419295228,
      "tn" : 1756419295228177006,
      "q" : "50.00",
      "p" : "6.8784",
      "s" : "sell",
      "i" : "AR_USD",
      "m" : "4611686018430549390"
    }, {
      "d" : "1756419294659279698",
      "t" : 1756419294659,
      "tn" : 1756419294659279698,
      "q" : "0.01",
      "p" : "6.8671",
      "s" : "buy",
      "i" : "AR_USD",
      "m" : "4611686018430549389"
    }, {
      "d" : "1756419294653359252",
      "t" : 1756419294653,
      "tn" : 1756419294653359252,
      "q" : "40.90",
      "p" : "6.8671",
      "s" : "buy",
      "i" : "AR_USD",
      "m" : "4611686018430549388"
    }, {
      "d" : "1756419294653180983",
      "t" : 1756419294653,
      "tn" : 1756419294653180983,
      "q" : "21.60",
      "p" : "6.8671",
      "s" : "buy",
      "i" : "AR_USD",
      "m" : "4611686018430549387"
    }, {
      "d" : "1756418981230715201",
      "t" : 1756418981230,
      "tn" : 1756418981230715201,
      "q" : "25.00",
      "p" : "6.8186",
      "s" : "buy",
      "i" : "AR_USD",
      "m" : "4611686018430549386"
    }, {
      "d" : "1756418545850019753",
      "t" : 1756418545850,
      "tn" : 1756418545850019753,
      "q" : "13.97",
      "p" : "6.8318",
      "s" : "buy",
      "i" : "AR_USD",
      "m" : "4611686018430549385"
    }, {
      "d" : "1756418545850017629",
      "t" : 1756418545850,
      "tn" : 1756418545850017629,
      "q" : "3.64",
      "p" : "6.8317",
      "s" : "buy",
      "i" : "AR_USD",
      "m" : "4611686018430549384"
    }, {
      "d" : "1756417945677058227",
      "t" : 1756417945677,
      "tn" : 1756417945677058227,
      "q" : "13.80",
      "p" : "6.7648",
      "s" : "buy",
      "i" : "AR_USD",
      "m" : "4611686018430549383"
    }, {
      "d" : "1756417770902727299",
      "t" : 1756417770902,
      "tn" : 1756417770902727299,
      "q" : "45.90",
      "p" : "6.7647",
      "s" : "buy",
      "i" : "AR_USD",
      "m" : "4611686018430549382"
    }, {
      "d" : "1756417080735748941",
      "t" : 1756417080735,
      "tn" : 1756417080735748941,
      "q" : "8.02",
      "p" : "6.7367",
      "s" : "buy",
      "i" : "AR_USD",
      "m" : "4611686018430549381"
    }, {
      "d" : "1756417045702992007",
      "t" : 1756417045702,
      "tn" : 1756417045702992007,
      "q" : "6.84",
      "p" : "6.7326",
      "s" : "buy",
      "i" : "AR_USD",
      "m" : "4611686018430549380"
    }, {
      "d" : "1756416093047336782",
      "t" : 1756416093047,
      "tn" : 1756416093047336782,
      "q" : "47.92",
      "p" : "6.6984",
      "s" : "buy",
      "i" : "AR_USD",
      "m" : "4611686018430549379"
    }, {
      "d" : "1756413581739877100",
      "t" : 1756413581739,
      "tn" : 1756413581739877100,
      "q" : "71.17",
      "p" : "6.7013",
      "s" : "sell",
      "i" : "AR_USD",
      "m" : "4611686018430549378"
    }, {
      "d" : "1756413164892957701",
      "t" : 1756413164892,
      "tn" : 1756413164892957701,
      "q" : "23.39",
      "p" : "6.6758",
      "s" : "sell",
      "i" : "AR_USD",
      "m" : "4611686018430549377"
    }, {
      "d" : "1756411742525761203",
      "t" : 1756411742525,
      "tn" : 1756411742525761203,
      "q" : "6.85",
      "p" : "6.6278",
      "s" : "buy",
      "i" : "AR_USD",
      "m" : "4611686018430549376"
    }, {
      "d" : "1756411742460420183",
      "t" : 1756411742460,
      "tn" : 1756411742460420183,
      "q" : "6.85",
      "p" : "6.6278",
      "s" : "buy",
      "i" : "AR_USD",
      "m" : "4611686018430549375"
    }, {
      "d" : "1756411300562070795",
      "t" : 1756411300562,
      "tn" : 1756411300562070795,
      "q" : "25.00",
      "p" : "6.6546",
      "s" : "sell",
      "i" : "AR_USD",
      "m" : "4611686018430549374"
    }, {
      "d" : "1756411266540394195",
      "t" : 1756411266540,
      "tn" : 1756411266540394195,
      "q" : "67.55",
      "p" : "6.6314",
      "s" : "buy",
      "i" : "AR_USD",
      "m" : "4611686018430549373"
    }, {
      "d" : "1756410767319492721",
      "t" : 1756410767319,
      "tn" : 1756410767319492721,
      "q" : "50.88",
      "p" : "6.6741",
      "s" : "sell",
      "i" : "AR_USD",
      "m" : "4611686018430549372"
    }, {
      "d" : "1756410623762444881",
      "t" : 1756410623762,
      "tn" : 1756410623762444881,
      "q" : "64.38",
      "p" : "6.6748",
      "s" : "sell",
      "i" : "AR_USD",
      "m" : "4611686018430549371"
    }, {
      "d" : "1756408322858830720",
      "t" : 1756408322858,
      "tn" : 1756408322858830720,
      "q" : "4.58",
      "p" : "6.7629",
      "s" : "sell",
      "i" : "AR_USD",
      "m" : "4611686018430549370"
    }, {
      "d" : "1756404154834281977",
      "t" : 1756404154834,
      "tn" : 1756404154834281977,
      "q" : "42.34",
      "p" : "6.7224",
      "s" : "sell",
      "i" : "AR_USD",
      "m" : "4611686018430549369"
    }, {
      "d" : "1756402772930473647",
      "t" : 1756402772930,
      "tn" : 1756402772930473647,
      "q" : "12.00",
      "p" : "6.7223",
      "s" : "sell",
      "i" : "AR_USD",
      "m" : "4611686018430549368"
    }, {
      "d" : "1756402030169678714",
      "t" : 1756402030169,
      "tn" : 1756402030169678714,
      "q" : "0.20",
      "p" : "6.6573",
      "s" : "sell",
      "i" : "AR_USD",
      "m" : "4611686018430549367"
    }, {
      "d" : "1756401189027891406",
      "t" : 1756401189027,
      "tn" : 1756401189027891406,
      "q" : "6.26",
      "p" : "6.6064",
      "s" : "sell",
      "i" : "AR_USD",
      "m" : "4611686018430549366"
    }, {
      "d" : "1756401091055488102",
      "t" : 1756401091055,
      "tn" : 1756401091055488102,
      "q" : "77.42",
      "p" : "6.6657",
      "s" : "buy",
      "i" : "AR_USD",
      "m" : "4611686018430549365"
    }, {
      "d" : "1756401077575044780",
      "t" : 1756401077575,
      "tn" : 1756401077575044780,
      "q" : "30.00",
      "p" : "6.6600",
      "s" : "buy",
      "i" : "AR_USD",
      "m" : "4611686018430549364"
    }, {
      "d" : "1756401077047525558",
      "t" : 1756401077047,
      "tn" : 1756401077047525558,
      "q" : "30.01",
      "p" : "6.6600",
      "s" : "buy",
      "i" : "AR_USD",
      "m" : "4611686018430549363"
    }, {
      "d" : "1756401076535293887",
      "t" : 1756401076535,
      "tn" : 1756401076535293887,
      "q" : "30.01",
      "p" : "6.6600",
      "s" : "buy",
      "i" : "AR_USD",
      "m" : "4611686018430549362"
    }, {
      "d" : "1756400374734141193",
      "t" : 1756400374734,
      "tn" : 1756400374734141193,
      "q" : "5.75",
      "p" : "6.6313",
      "s" : "sell",
      "i" : "AR_USD",
      "m" : "4611686018430549361"
    }, {
      "d" : "1756400333910958329",
      "t" : 1756400333910,
      "tn" : 1756400333910958328,
      "q" : "13.97",
      "p" : "6.6737",
      "s" : "sell",
      "i" : "AR_USD",
      "m" : "4611686018430549360"
    }, {
      "d" : "1756400333910958328",
      "t" : 1756400333910,
      "tn" : 1756400333910958328,
      "q" : "13.80",
      "p" : "6.6737",
      "s" : "sell",
      "i" : "AR_USD",
      "m" : "4611686018430549360"
    }, {
      "d" : "1756400333910954931",
      "t" : 1756400333910,
      "tn" : 1756400333910954931,
      "q" : "62.51",
      "p" : "6.6751",
      "s" : "sell",
      "i" : "AR_USD",
      "m" : "4611686018430549359"
    }, {
      "d" : "1756399937106276170",
      "t" : 1756399937106,
      "tn" : 1756399937106276170,
      "q" : "56.36",
      "p" : "6.7313",
      "s" : "sell",
      "i" : "AR_USD",
      "m" : "4611686018430549358"
    }, {
      "d" : "1756397608897641529",
      "t" : 1756397608897,
      "tn" : 1756397608897641529,
      "q" : "120.87",
      "p" : "6.7844",
      "s" : "buy",
      "i" : "AR_USD",
      "m" : "4611686018430549357"
    }, {
      "d" : "1756397170651090293",
      "t" : 1756397170651,
      "tn" : 1756397170651090293,
      "q" : "22.10",
      "p" : "6.7845",
      "s" : "sell",
      "i" : "AR_USD",
      "m" : "4611686018430549356"
    }, {
      "d" : "1756396156568326738",
      "t" : 1756396156568,
      "tn" : 1756396156568326738,
      "q" : "13.59",
      "p" : "6.7387",
      "s" : "buy",
      "i" : "AR_USD",
      "m" : "4611686018430549355"
    }, {
      "d" : "1756395573835946101",
      "t" : 1756395573835,
      "tn" : 1756395573835946101,
      "q" : "9.29",
      "p" : "6.7698",
      "s" : "sell",
      "i" : "AR_USD",
      "m" : "4611686018430549354"
    }, {
      "d" : "1756394753128129454",
      "t" : 1756394753128,
      "tn" : 1756394753128129454,
      "q" : "6.21",
      "p" : "6.7947",
      "s" : "sell",
      "i" : "AR_USD",
      "m" : "4611686018430549353"
    }, {
      "d" : "1756394753128125642",
      "t" : 1756394753128,
      "tn" : 1756394753128125642,
      "q" : "6.21",
      "p" : "6.7955",
      "s" : "sell",
      "i" : "AR_USD",
      "m" : "4611686018430549352"
    }, {
      "d" : "1756394416171315289",
      "t" : 1756394416171,
      "tn" : 1756394416171315289,
      "q" : "1.87",
      "p" : "6.8350",
      "s" : "buy",
      "i" : "AR_USD",
      "m" : "4611686018430549351"
    }, {
      "d" : "1756394414715685108",
      "t" : 1756394414715,
      "tn" : 1756394414715685108,
      "q" : "0.04",
      "p" : "6.8281",
      "s" : "buy",
      "i" : "AR_USD",
      "m" : "4611686018430549350"
    }, {
      "d" : "1756394414714395058",
      "t" : 1756394414714,
      "tn" : 1756394414714395058,
      "q" : "46.59",
      "p" : "6.8281",
      "s" : "buy",
      "i" : "AR_USD",
      "m" : "4611686018430549349"
    }, {
      "d" : "1756394414629605177",
      "t" : 1756394414629,
      "tn" : 1756394414629605177,
      "q" : "4.06",
      "p" : "6.8281",
      "s" : "buy",
      "i" : "AR_USD",
      "m" : "4611686018430549348"
    }, {
      "d" : "1756394375306820332",
      "t" : 1756394375306,
      "tn" : 1756394375306820332,
      "q" : "22.99",
      "p" : "6.9000",
      "s" : "sell",
      "i" : "AR_USD",
      "m" : "4611686018430549347"
    }, {
      "d" : "1756394375300075418",
      "t" : 1756394375300,
      "tn" : 1756394375300075418,
      "q" : "12.34",
      "p" : "6.9000",
      "s" : "buy",
      "i" : "AR_USD",
      "m" : "4611686018430549346"
    }, {
      "d" : "1756394375299823626",
      "t" : 1756394375299,
      "tn" : 1756394375299823626,
      "q" : "19.17",
      "p" : "6.9000",
      "s" : "buy",
      "i" : "AR_USD",
      "m" : "4611686018430549345"
    }, {
      "d" : "1756394375299821742",
      "t" : 1756394375299,
      "tn" : 1756394375299821742,
      "q" : "31.55",
      "p" : "6.8997",
      "s" : "buy",
      "i" : "AR_USD",
      "m" : "4611686018430549344"
    }, {
      "d" : "1756394191159351877",
      "t" : 1756394191159,
      "tn" : 1756394191159351877,
      "q" : "21.27",
      "p" : "6.8724",
      "s" : "sell",
      "i" : "AR_USD",
      "m" : "4611686018430549343"
    }, {
      "d" : "1756393730411907898",
      "t" : 1756393730411,
      "tn" : 1756393730411907898,
      "q" : "5.00",
      "p" : "6.8205",
      "s" : "sell",
      "i" : "AR_USD",
      "m" : "4611686018430549342"
    }, {
      "d" : "1756392998433137831",
      "t" : 1756392998433,
      "tn" : 1756392998433137831,
      "q" : "48.35",
      "p" : "6.8286",
      "s" : "buy",
      "i" : "AR_USD",
      "m" : "4611686018430549341"
    }, {
      "d" : "1756392964630982247",
      "t" : 1756392964630,
      "tn" : 1756392964630982247,
      "q" : "1.50",
      "p" : "6.8549",
      "s" : "buy",
      "i" : "AR_USD",
      "m" : "4611686018430549340"
    }, {
      "d" : "1756389940564500132",
      "t" : 1756389940564,
      "tn" : 1756389940564500131,
      "q" : "13.92",
      "p" : "6.8103",
      "s" : "buy",
      "i" : "AR_USD",
      "m" : "4611686018430549339"
    }, {
      "d" : "1756389940564500131",
      "t" : 1756389940564,
      "tn" : 1756389940564500131,
      "q" : "13.69",
      "p" : "6.8103",
      "s" : "buy",
      "i" : "AR_USD",
      "m" : "4611686018430549339"
    }, {
      "d" : "1756389338734270441",
      "t" : 1756389338734,
      "tn" : 1756389338734270441,
      "q" : "66.04",
      "p" : "6.7267",
      "s" : "buy",
      "i" : "AR_USD",
      "m" : "4611686018430549338"
    }, {
      "d" : "1756389329500355617",
      "t" : 1756389329500,
      "tn" : 1756389329500355617,
      "q" : "143.00",
      "p" : "6.7268",
      "s" : "buy",
      "i" : "AR_USD",
      "m" : "4611686018430549337"
    }, {
      "d" : "1756389320160965155",
      "t" : 1756389320160,
      "tn" : 1756389320160965155,
      "q" : "29.30",
      "p" : "6.7270",
      "s" : "buy",
      "i" : "AR_USD",
      "m" : "4611686018430549336"
    }, {
      "d" : "1756389318467340662",
      "t" : 1756389318467,
      "tn" : 1756389318467340662,
      "q" : "54.30",
      "p" : "6.7270",
      "s" : "buy",
      "i" : "AR_USD",
      "m" : "4611686018430549335"
    }, {
      "d" : "1756389318456742288",
      "t" : 1756389318456,
      "tn" : 1756389318456742288,
      "q" : "59.40",
      "p" : "6.7270",
      "s" : "buy",
      "i" : "AR_USD",
      "m" : "4611686018430549334"
    }, {
      "d" : "1756389294362992265",
      "t" : 1756389294362,
      "tn" : 1756389294362992265,
      "q" : "102.71",
      "p" : "6.7010",
      "s" : "buy",
      "i" : "AR_USD",
      "m" : "4611686018430549333"
    }, {
      "d" : "1756389294361760481",
      "t" : 1756389294361,
      "tn" : 1756389294361760481,
      "q" : "13.43",
      "p" : "6.7010",
      "s" : "buy",
      "i" : "AR_USD",
      "m" : "4611686018430549332"
    }, {
      "d" : "1756389294361684659",
      "t" : 1756389294361,
      "tn" : 1756389294361684659,
      "q" : "13.43",
      "p" : "6.7010",
      "s" : "buy",
      "i" : "AR_USD",
      "m" : "4611686018430549331"
    }, {
      "d" : "1756389294361666406",
      "t" : 1756389294361,
      "tn" : 1756389294361666406,
      "q" : "13.43",
      "p" : "6.7010",
      "s" : "buy",
      "i" : "AR_USD",
      "m" : "4611686018430549330"
    }, {
      "d" : "1756389265428115490",
      "t" : 1756389265428,
      "tn" : 1756389265428115490,
      "q" : "143.00",
      "p" : "6.7008",
      "s" : "buy",
      "i" : "AR_USD",
      "m" : "4611686018430549329"
    }, {
      "d" : "1756389254201144664",
      "t" : 1756389254201,
      "tn" : 1756389254201144664,
      "q" : "143.00",
      "p" : "6.6985",
      "s" : "buy",
      "i" : "AR_USD",
      "m" : "4611686018430549328"
    }, {
      "d" : "1756389241463673869",
      "t" : 1756389241463,
      "tn" : 1756389241463673869,
      "q" : "109.68",
      "p" : "6.7014",
      "s" : "buy",
      "i" : "AR_USD",
      "m" : "4611686018430549327"
    }, {
      "d" : "1756389241457321990",
      "t" : 1756389241457,
      "tn" : 1756389241457321990,
      "q" : "12.21",
      "p" : "6.7014",
      "s" : "buy",
      "i" : "AR_USD",
      "m" : "4611686018430549326"
    }, {
      "d" : "1756389158358184628",
      "t" : 1756389158358,
      "tn" : 1756389158358184628,
      "q" : "29.71",
      "p" : "6.7261",
      "s" : "buy",
      "i" : "AR_USD",
      "m" : "4611686018430549325"
    }, {
      "d" : "1756389149047019304",
      "t" : 1756389149047,
      "tn" : 1756389149047019304,
      "q" : "25.10",
      "p" : "6.7246",
      "s" : "buy",
      "i" : "AR_USD",
      "m" : "4611686018430549324"
    }, {
      "d" : "1756389149047017587",
      "t" : 1756389149047,
      "tn" : 1756389149047017587,
      "q" : "4.60",
      "p" : "6.7245",
      "s" : "buy",
      "i" : "AR_USD",
      "m" : "4611686018430549323"
    }, {
      "d" : "1756389128664948802",
      "t" : 1756389128664,
      "tn" : 1756389128664948802,
      "q" : "143.00",
      "p" : "6.6933",
      "s" : "buy",
      "i" : "AR_USD",
      "m" : "4611686018430549322"
    }, {
      "d" : "1756389036954090266",
      "t" : 1756389036954,
      "tn" : 1756389036954090266,
      "q" : "8.71",
      "p" : "6.7140",
      "s" : "sell",
      "i" : "AR_USD",
      "m" : "4611686018430549321"
    }, {
      "d" : "1756388920641174930",
      "t" : 1756388920641,
      "tn" : 1756388920641174930,
      "q" : "14.16",
      "p" : "6.7286",
      "s" : "sell",
      "i" : "AR_USD",
      "m" : "4611686018430549320"
    }, {
      "d" : "1756387045006012081",
      "t" : 1756387045006,
      "tn" : 1756387045006012081,
      "q" : "11.09",
      "p" : "6.7184",
      "s" : "sell",
      "i" : "AR_USD",
      "m" : "4611686018430549319"
    }, {
      "d" : "1756386631366064110",
      "t" : 1756386631366,
      "tn" : 1756386631366064110,
      "q" : "26.85",
      "p" : "6.7003",
      "s" : "buy",
      "i" : "AR_USD",
      "m" : "4611686018430549318"
    }, {
      "d" : "1756385165097145728",
      "t" : 1756385165097,
      "tn" : 1756385165097145728,
      "q" : "53.61",
      "p" : "6.7169",
      "s" : "buy",
      "i" : "AR_USD",
      "m" : "4611686018430549317"
    }, {
      "d" : "1756383539258817816",
      "t" : 1756383539258,
      "tn" : 1756383539258817816,
      "q" : "57.07",
      "p" : "6.7688",
      "s" : "buy",
      "i" : "AR_USD",
      "m" : "4611686018430549316"
    }, {
      "d" : "1756383539258816242",
      "t" : 1756383539258,
      "tn" : 1756383539258816242,
      "q" : "31.55",
      "p" : "6.7687",
      "s" : "buy",
      "i" : "AR_USD",
      "m" : "4611686018430549315"
    }, {
      "d" : "1756383508796208018",
      "t" : 1756383508796,
      "tn" : 1756383508796208018,
      "q" : "22.23",
      "p" : "6.6323",
      "s" : "sell",
      "i" : "AR_USD",
      "m" : "4611686018430549314"
    }, {
      "d" : "1756383421784977930",
      "t" : 1756383421784,
      "tn" : 1756383421784977930,
      "q" : "50.87",
      "p" : "6.6725",
      "s" : "buy",
      "i" : "AR_USD",
      "m" : "4611686018430549313"
    }, {
      "d" : "1756383411223078928",
      "t" : 1756383411223,
      "tn" : 1756383411223078928,
      "q" : "143.00",
      "p" : "6.6739",
      "s" : "buy",
      "i" : "AR_USD",
      "m" : "4611686018430549312"
    }, {
      "d" : "1756383402254404494",
      "t" : 1756383402254,
      "tn" : 1756383402254404494,
      "q" : "143.00",
      "p" : "6.6737",
      "s" : "buy",
      "i" : "AR_USD",
      "m" : "4611686018430549311"
    }, {
      "d" : "1756381134492684446",
      "t" : 1756381134492,
      "tn" : 1756381134492684446,
      "q" : "20.00",
      "p" : "6.6950",
      "s" : "sell",
      "i" : "AR_USD",
      "m" : "4611686018430549310"
    }, {
      "d" : "1756380974998440830",
      "t" : 1756380974998,
      "tn" : 1756380974998440830,
      "q" : "3.67",
      "p" : "6.6729",
      "s" : "buy",
      "i" : "AR_USD",
      "m" : "4611686018430549309"
    }, {
      "d" : "1756380438752473242",
      "t" : 1756380438752,
      "tn" : 1756380438752473242,
      "q" : "4.10",
      "p" : "6.6898",
      "s" : "sell",
      "i" : "AR_USD",
      "m" : "4611686018430549308"
    }, {
      "d" : "1756380438750666256",
      "t" : 1756380438750,
      "tn" : 1756380438750666256,
      "q" : "29.90",
      "p" : "6.6898",
      "s" : "sell",
      "i" : "AR_USD",
      "m" : "4611686018430549307"
    }, {
      "d" : "1756380438750417590",
      "t" : 1756380438750,
      "tn" : 1756380438750417590,
      "q" : "6.00",
      "p" : "6.6898",
      "s" : "sell",
      "i" : "AR_USD",
      "m" : "4611686018430549306"
    }, {
      "d" : "1756380229801367905",
      "t" : 1756380229801,
      "tn" : 1756380229801367905,
      "q" : "71.33",
      "p" : "6.6902",
      "s" : "sell",
      "i" : "AR_USD",
      "m" : "4611686018430549305"
    }, {
      "d" : "1756377901897667323",
      "t" : 1756377901897,
      "tn" : 1756377901897667323,
      "q" : "75.79",
      "p" : "6.6151",
      "s" : "sell",
      "i" : "AR_USD",
      "m" : "4611686018430549304"
    }, {
      "d" : "1756377901897665837",
      "t" : 1756377901897,
      "tn" : 1756377901897665837,
      "q" : "2.16",
      "p" : "6.6154",
      "s" : "sell",
      "i" : "AR_USD",
      "m" : "4611686018430549303"
    }, {
      "d" : "1756377901897662401",
      "t" : 1756377901897,
      "tn" : 1756377901897662401,
      "q" : "31.55",
      "p" : "6.6155",
      "s" : "sell",
      "i" : "AR_USD",
      "m" : "4611686018430549302"
    }, {
      "d" : "1756377901897658963",
      "t" : 1756377901897,
      "tn" : 1756377901897658963,
      "q" : "1.72",
      "p" : "6.6404",
      "s" : "sell",
      "i" : "AR_USD",
      "m" : "4611686018430549301"
    }, {
      "d" : "1756377059404805236",
      "t" : 1756377059404,
      "tn" : 1756377059404805236,
      "q" : "3.74",
      "p" : "6.6909",
      "s" : "sell",
      "i" : "AR_USD",
      "m" : "4611686018430549300"
    }, {
      "d" : "1756377058573390778",
      "t" : 1756377058573,
      "tn" : 1756377058573390778,
      "q" : "33.92",
      "p" : "6.6909",
      "s" : "sell",
      "i" : "AR_USD",
      "m" : "4611686018430549299"
    }, {
      "d" : "1756377058555369462",
      "t" : 1756377058555,
      "tn" : 1756377058555369462,
      "q" : "74.73",
      "p" : "6.6909",
      "s" : "sell",
      "i" : "AR_USD",
      "m" : "4611686018430549298"
    }, {
      "d" : "1756375799035657470",
      "t" : 1756375799035,
      "tn" : 1756375799035657470,
      "q" : "9.36",
      "p" : "6.7127",
      "s" : "sell",
      "i" : "AR_USD",
      "m" : "4611686018430549297"
    }, {
      "d" : "1756375799035519574",
      "t" : 1756375799035,
      "tn" : 1756375799035519574,
      "q" : "5.04",
      "p" : "6.7127",
      "s" : "sell",
      "i" : "AR_USD",
      "m" : "4611686018430549296"
    }, {
      "d" : "1756375799033397377",
      "t" : 1756375799033,
      "tn" : 1756375799033397377,
      "q" : "14.12",
      "p" : "6.7118",
      "s" : "buy",
      "i" : "AR_USD",
      "m" : "4611686018430549295"
    }, {
      "d" : "1756375799033395151",
      "t" : 1756375799033,
      "tn" : 1756375799033395151,
      "q" : "1.27",
      "p" : "6.6866",
      "s" : "buy",
      "i" : "AR_USD",
      "m" : "4611686018430549294"
    } ]
  }
}