{
  "id" : -1,
  "method" : "public/get-trades",
  "code" : 0,
  "result" : {
    "data" : [ {
      "d" : "1756460167130719969",
      "t" : 1756460167130,
      "tn" : 1756460167130719969,
      "q" : "2.4",
      "p" : "0.4916",
      "s" : "sell",
      "i" : "ARB_USD",
      "m" : "4611686018432358660"
    }, {
      "d" : "1756460040539212368",
      "t" : 1756460040539,
      "tn" : 1756460040539212368,
      "q" : "2.4",
      "p" : "0.4917",
      "s" : "sell",
      "i" : "ARB_USD",
      "m" : "4611686018432358659"
    }, {
      "d" : "1756460040327768917",
      "t" : 1756460040327,
      "tn" : 1756460040327768917,
      "q" : "2.4",
      "p" : "0.4918",
      "s" : "sell",
      "i" : "ARB_USD",
      "m" : "4611686018432358658"
    }, {
      "d" : "1756459994890080408",
      "t" : 1756459994890,
      "tn" : 1756459994890080408,
      "q" : "2.3",
      "p" : "0.4919",
      "s" : "sell",
      "i" : "ARB_USD",
      "m" : "4611686018432358657"
    }, {
      "d" : "1756459994106114105",
      "t" : 1756459994106,
      "tn" : 1756459994106114105,
      "q" : "686.3",
      "p" : "0.4920",
      "s" : "sell",
      "i" : "ARB_USD",
      "m" : "4611686018432358656"
    }, {
      "d" : "1756459977606404431",
      "t" : 1756459977606,
      "tn" : 1756459977606404431,
      "q" : "76.3",
      "p" : "0.4916",
      "s" : "buy",
      "i" : "ARB_USD",
      "m" : "4611686018432358655"
    }, {
      "d" : "1756459908324066248",
      "t" : 1756459908324,
      "tn" : 1756459908324066248,
      "q" : "153.0",
      "p" : "0.4915",
      "s" : "sell",
      "i" : "ARB_USD",
      "m" : "4611686018432358654"
    }, {
      "d" : "1756459906821270821",
      "t" : 1756459906821,
      "tn" : 1756459906821270821,
      "q" : "2.3",
      "p" : "0.4915",
      "s" : "sell",
      "i" : "ARB_USD",
      "m" : "4611686018432358653"
    }, {
      "d" : "1756459877324967546",
      "t" : 1756459877324,
      "tn" : 1756459877324967546,
      "q" : "2.4",
      "p" : "0.4917",
      "s" : "sell",
      "i" : "ARB_USD",
      "m" : "4611686018432358652"
    }, {
      "d" : "1756459877273876434",
      "t" : 1756459877273,
      "tn" : 1756459877273876434,
      "q" : "2.4",
      "p" : "0.4917",
      "s" : "sell",
      "i" : "ARB_USD",
      "m" : "4611686018432358651"
    }, {
      "d" : "1756459877134828421",
      "t" : 1756459877134,
      "tn" : 1756459877134828421,
      "q" : "2.4",
      "p" : "0.4918",
      "s" : "sell",
      "i" : "ARB_USD",
      "m" : "4611686018432358650"
    }, {
      "d" : "1756459876464112079",
      "t" : 1756459876464,
      "tn" : 1756459876464112079,
      "q" : "2.4",
      "p" : "0.4919",
      "s" : "sell",
      "i" : "ARB_USD",
      "m" : "4611686018432358649"
    }, {
      "d" : "1756459876434601582",
      "t" : 1756459876434,
      "tn" : 1756459876434601581,
      "q" : "20.4",
      "p" : "0.4919",
      "s" : "sell",
      "i" : "ARB_USD",
      "m" : "4611686018432358648"
    }, {
      "d" : "1756459876434601581",
      "t" : 1756459876434,
      "tn" : 1756459876434601581,
      "q" : "2.4",
      "p" : "0.4919",
      "s" : "sell",
      "i" : "ARB_USD",
      "m" : "4611686018432358648"
    }, {
      "d" : "1756459875728228961",
      "t" : 1756459875728,
      "tn" : 1756459875728228961,
      "q" : "2.4",
      "p" : "0.4920",
      "s" : "sell",
      "i" : "ARB_USD",
      "m" : "4611686018432358647"
    }, {
      "d" : "1756459875116453631",
      "t" : 1756459875116,
      "tn" : 1756459875116453631,
      "q" : "2.4",
      "p" : "0.4921",
      "s" : "sell",
      "i" : "ARB_USD",
      "m" : "4611686018432358646"
    }, {
      "d" : "1756459813525791076",
      "t" : 1756459813525,
      "tn" : 1756459813525791076,
      "q" : "2.4",
      "p" : "0.4924",
      "s" : "sell",
      "i" : "ARB_USD",
      "m" : "4611686018432358645"
    }, {
      "d" : "1756459809537931918",
      "t" : 1756459809537,
      "tn" : 1756459809537931918,
      "q" : "2.4",
      "p" : "0.4925",
      "s" : "sell",
      "i" : "ARB_USD",
      "m" : "4611686018432358644"
    }, {
      "d" : "1756459664602005031",
      "t" : 1756459664602,
      "tn" : 1756459664602005031,
      "q" : "2.3",
      "p" : "0.4921",
      "s" : "sell",
      "i" : "ARB_USD",
      "m" : "4611686018432358643"
    }, {
      "d" : "1756459603036370757",
      "t" : 1756459603036,
      "tn" : 1756459603036370757,
      "q" : "2.4",
      "p" : "0.4922",
      "s" : "sell",
      "i" : "ARB_USD",
      "m" : "4611686018432358642"
    }, {
      "d" : "1756459549659242889",
      "t" : 1756459549659,
      "tn" : 1756459549659242889,
      "q" : "20.4",
      "p" : "0.4926",
      "s" : "buy",
      "i" : "ARB_USD",
      "m" : "4611686018432358641"
    }, {
      "d" : "1756459549652868240",
      "t" : 1756459549652,
      "tn" : 1756459549652868240,
      "q" : "20.4",
      "p" : "0.4926",
      "s" : "buy",
      "i" : "ARB_USD",
      "m" : "4611686018432358640"
    }, {
      "d" : "1756459529695662662",
      "t" : 1756459529695,
      "tn" : 1756459529695662662,
      "q" : "2.4",
      "p" : "0.4922",
      "s" : "sell",
      "i" : "ARB_USD",
      "m" : "4611686018432358639"
    }, {
      "d" : "1756459507446148294",
      "t" : 1756459507446,
      "tn" : 1756459507446148294,
      "q" : "20.4",
      "p" : "0.4920",
      "s" : "sell",
      "i" : "ARB_USD",
      "m" : "4611686018432358638"
    }, {
      "d" : "1756459507436111702",
      "t" : 1756459507436,
      "tn" : 1756459507436111702,
      "q" : "20.4",
      "p" : "0.4920",
      "s" : "sell",
      "i" : "ARB_USD",
      "m" : "4611686018432358637"
    }, {
      "d" : "1756459507364083387",
      "t" : 1756459507364,
      "tn" : 1756459507364083387,
      "q" : "2.4",
      "p" : "0.4920",
      "s" : "sell",
      "i" : "ARB_USD",
      "m" : "4611686018432358636"
    }, {
      "d" : "1756459507363997425",
      "t" : 1756459507363,
      "tn" : 1756459507363997425,
      "q" : "20.4",
      "p" : "0.4920",
      "s" : "sell",
      "i" : "ARB_USD",
      "m" : "4611686018432358635"
    }, {
      "d" : "1756459505350359928",
      "t" : 1756459505350,
      "tn" : 1756459505350359928,
      "q" : "2.4",
      "p" : "0.4921",
      "s" : "sell",
      "i" : "ARB_USD",
      "m" : "4611686018432358634"
    }, {
      "d" : "1756459475261769017",
      "t" : 1756459475261,
      "tn" : 1756459475261769017,
      "q" : "2.4",
      "p" : "0.4918",
      "s" : "sell",
      "i" : "ARB_USD",
      "m" : "4611686018432358633"
    }, {
      "d" : "1756459449870728520",
      "t" : 1756459449870,
      "tn" : 1756459449870728520,
      "q" : "2.3",
      "p" : "0.4920",
      "s" : "sell",
      "i" : "ARB_USD",
      "m" : "4611686018432358632"
    }, {
      "d" : "1756459402893869976",
      "t" : 1756459402893,
      "tn" : 1756459402893869976,
      "q" : "2.4",
      "p" : "0.4922",
      "s" : "sell",
      "i" : "ARB_USD",
      "m" : "4611686018432358631"
    }, {
      "d" : "1756459400976100447",
      "t" : 1756459400976,
      "tn" : 1756459400976100447,
      "q" : "2.4",
      "p" : "0.4924",
      "s" : "sell",
      "i" : "ARB_USD",
      "m" : "4611686018432358630"
    }, {
      "d" : "1756459395631180323",
      "t" : 1756459395631,
      "tn" : 1756459395631180323,
      "q" : "2.3",
      "p" : "0.4927",
      "s" : "sell",
      "i" : "ARB_USD",
      "m" : "4611686018432358629"
    }, {
      "d" : "1756459383160763224",
      "t" : 1756459383160,
      "tn" : 1756459383160763224,
      "q" : "2.3",
      "p" : "0.4929",
      "s" : "sell",
      "i" : "ARB_USD",
      "m" : "4611686018432358628"
    }, {
      "d" : "1756459368300341173",
      "t" : 1756459368300,
      "tn" : 1756459368300341173,
      "q" : "3575.1",
      "p" : "0.4933",
      "s" : "sell",
      "i" : "ARB_USD",
      "m" : "4611686018432358627"
    }, {
      "d" : "1756459368300247228",
      "t" : 1756459368300,
      "tn" : 1756459368300247228,
      "q" : "143.6",
      "p" : "0.4933",
      "s" : "sell",
      "i" : "ARB_USD",
      "m" : "4611686018432358626"
    }, {
      "d" : "1756459368300037264",
      "t" : 1756459368300,
      "tn" : 1756459368300037264,
      "q" : "688.6",
      "p" : "0.4933",
      "s" : "sell",
      "i" : "ARB_USD",
      "m" : "4611686018432358625"
    }, {
      "d" : "1756459364786644911",
      "t" : 1756459364786,
      "tn" : 1756459364786644910,
      "q" : "17.9",
      "p" : "0.4933",
      "s" : "sell",
      "i" : "ARB_USD",
      "m" : "4611686018432358624"
    }, {
      "d" : "1756459364786644910",
      "t" : 1756459364786,
      "tn" : 1756459364786644910,
      "q" : "2.4",
      "p" : "0.4933",
      "s" : "sell",
      "i" : "ARB_USD",
      "m" : "4611686018432358624"
    }, {
      "d" : "1756459364776983113",
      "t" : 1756459364776,
      "tn" : 1756459364776983113,
      "q" : "20.3",
      "p" : "0.4933",
      "s" : "sell",
      "i" : "ARB_USD",
      "m" : "4611686018432358623"
    }, {
      "d" : "1756459364769209427",
      "t" : 1756459364769,
      "tn" : 1756459364769209427,
      "q" : "1094.2",
      "p" : "0.4932",
      "s" : "sell",
      "i" : "ARB_USD",
      "m" : "4611686018432358622"
    }, {
      "d" : "1756459364767772923",
      "t" : 1756459364767,
      "tn" : 1756459364767772923,
      "q" : "20.3",
      "p" : "0.4933",
      "s" : "sell",
      "i" : "ARB_USD",
      "m" : "4611686018432358621"
    }, {
      "d" : "1756459364766540718",
      "t" : 1756459364766,
      "tn" : 1756459364766540718,
      "q" : "2.4",
      "p" : "0.4934",
      "s" : "sell",
      "i" : "ARB_USD",
      "m" : "4611686018432358620"
    }, {
      "d" : "1756459337285024566",
      "t" : 1756459337285,
      "tn" : 1756459337285024566,
      "q" : "369.6",
      "p" : "0.4925",
      "s" : "buy",
      "i" : "ARB_USD",
      "m" : "4611686018432358619"
    }, {
      "d" : "1756459337069914809",
      "t" : 1756459337069,
      "tn" : 1756459337069914809,
      "q" : "148.0",
      "p" : "0.4925",
      "s" : "buy",
      "i" : "ARB_USD",
      "m" : "4611686018432358618"
    }, {
      "d" : "1756459337014956253",
      "t" : 1756459337014,
      "tn" : 1756459337014956253,
      "q" : "438.8",
      "p" : "0.4925",
      "s" : "buy",
      "i" : "ARB_USD",
      "m" : "4611686018432358617"
    }, {
      "d" : "1756459336961215902",
      "t" : 1756459336961,
      "tn" : 1756459336961215902,
      "q" : "508.0",
      "p" : "0.4925",
      "s" : "buy",
      "i" : "ARB_USD",
      "m" : "4611686018432358616"
    }, {
      "d" : "1756459335617696486",
      "t" : 1756459335617,
      "tn" : 1756459335617696486,
      "q" : "2.3",
      "p" : "0.4925",
      "s" : "sell",
      "i" : "ARB_USD",
      "m" : "4611686018432358615"
    }, {
      "d" : "1756459335481528304",
      "t" : 1756459335481,
      "tn" : 1756459335481528304,
      "q" : "2.4",
      "p" : "0.4926",
      "s" : "sell",
      "i" : "ARB_USD",
      "m" : "4611686018432358614"
    }, {
      "d" : "1756459335377311033",
      "t" : 1756459335377,
      "tn" : 1756459335377311033,
      "q" : "2.4",
      "p" : "0.4927",
      "s" : "sell",
      "i" : "ARB_USD",
      "m" : "4611686018432358613"
    }, {
      "d" : "1756459335326781856",
      "t" : 1756459335326,
      "tn" : 1756459335326781856,
      "q" : "2.4",
      "p" : "0.4928",
      "s" : "sell",
      "i" : "ARB_USD",
      "m" : "4611686018432358612"
    }, {
      "d" : "1756459332926323466",
      "t" : 1756459332926,
      "tn" : 1756459332926323466,
      "q" : "2.4",
      "p" : "0.4929",
      "s" : "sell",
      "i" : "ARB_USD",
      "m" : "4611686018432358611"
    }, {
      "d" : "1756459332897579475",
      "t" : 1756459332897,
      "tn" : 1756459332897579475,
      "q" : "2.4",
      "p" : "0.4929",
      "s" : "sell",
      "i" : "ARB_USD",
      "m" : "4611686018432358610"
    }, {
      "d" : "1756459332636121207",
      "t" : 1756459332636,
      "tn" : 1756459332636121207,
      "q" : "2.4",
      "p" : "0.4930",
      "s" : "sell",
      "i" : "ARB_USD",
      "m" : "4611686018432358609"
    }, {
      "d" : "1756459312644521118",
      "t" : 1756459312644,
      "tn" : 1756459312644521118,
      "q" : "2.4",
      "p" : "0.4934",
      "s" : "sell",
      "i" : "ARB_USD",
      "m" : "4611686018432358608"
    }, {
      "d" : "1756459305293128529",
      "t" : 1756459305293,
      "tn" : 1756459305293128529,
      "q" : "770.8",
      "p" : "0.4933",
      "s" : "buy",
      "i" : "ARB_USD",
      "m" : "4611686018432358607"
    }, {
      "d" : "1756459298456872340",
      "t" : 1756459298456,
      "tn" : 1756459298456872340,
      "q" : "0.1",
      "p" : "0.4932",
      "s" : "sell",
      "i" : "ARB_USD",
      "m" : "4611686018432358606"
    }, {
      "d" : "1756459298415889366",
      "t" : 1756459298415,
      "tn" : 1756459298415889366,
      "q" : "2.3",
      "p" : "0.4932",
      "s" : "sell",
      "i" : "ARB_USD",
      "m" : "4611686018432358605"
    }, {
      "d" : "1756459231692886643",
      "t" : 1756459231692,
      "tn" : 1756459231692886643,
      "q" : "2.4",
      "p" : "0.4930",
      "s" : "sell",
      "i" : "ARB_USD",
      "m" : "4611686018432358604"
    }, {
      "d" : "1756459224029133189",
      "t" : 1756459224029,
      "tn" : 1756459224029133189,
      "q" : "2.4",
      "p" : "0.4929",
      "s" : "sell",
      "i" : "ARB_USD",
      "m" : "4611686018432358603"
    }, {
      "d" : "1756459216918971652",
      "t" : 1756459216918,
      "tn" : 1756459216918971651,
      "q" : "1.9",
      "p" : "0.4931",
      "s" : "buy",
      "i" : "ARB_USD",
      "m" : "4611686018432358602"
    }, {
      "d" : "1756459216918971651",
      "t" : 1756459216918,
      "tn" : 1756459216918971651,
      "q" : "20.3",
      "p" : "0.4931",
      "s" : "buy",
      "i" : "ARB_USD",
      "m" : "4611686018432358602"
    }, {
      "d" : "1756459211626084864",
      "t" : 1756459211626,
      "tn" : 1756459211626084864,
      "q" : "42.1",
      "p" : "0.4933",
      "s" : "buy",
      "i" : "ARB_USD",
      "m" : "4611686018432358601"
    }, {
      "d" : "1756459211626082597",
      "t" : 1756459211626,
      "tn" : 1756459211626082597,
      "q" : "2.4",
      "p" : "0.4931",
      "s" : "buy",
      "i" : "ARB_USD",
      "m" : "4611686018432358600"
    }, {
      "d" : "1756459208605250389",
      "t" : 1756459208605,
      "tn" : 1756459208605250389,
      "q" : "2.4",
      "p" : "0.4932",
      "s" : "buy",
      "i" : "ARB_USD",
      "m" : "4611686018432358599"
    }, {
      "d" : "1756459208369236945",
      "t" : 1756459208369,
      "tn" : 1756459208369236945,
      "q" : "2.4",
      "p" : "0.4932",
      "s" : "buy",
      "i" : "ARB_USD",
      "m" : "4611686018432358598"
    }, {
      "d" : "1756459200902521398",
      "t" : 1756459200902,
      "tn" : 1756459200902521398,
      "q" : "19.9",
      "p" : "0.4928",
      "s" : "sell",
      "i" : "ARB_USD",
      "m" : "4611686018432358597"
    }, {
      "d" : "1756459200902518986",
      "t" : 1756459200902,
      "tn" : 1756459200902518986,
      "q" : "2.4",
      "p" : "0.4929",
      "s" : "sell",
      "i" : "ARB_USD",
      "m" : "4611686018432358596"
    }, {
      "d" : "1756459169610138039",
      "t" : 1756459169610,
      "tn" : 1756459169610138039,
      "q" : "34.2",
      "p" : "0.4923",
      "s" : "buy",
      "i" : "ARB_USD",
      "m" : "4611686018432358595"
    }, {
      "d" : "1756459154590683529",
      "t" : 1756459154590,
      "tn" : 1756459154590683529,
      "q" : "977.1",
      "p" : "0.4919",
      "s" : "buy",
      "i" : "ARB_USD",
      "m" : "4611686018432358594"
    }, {
      "d" : "1756459154588469343",
      "t" : 1756459154588,
      "tn" : 1756459154588469343,
      "q" : "2.4",
      "p" : "0.4918",
      "s" : "buy",
      "i" : "ARB_USD",
      "m" : "4611686018432358593"
    }, {
      "d" : "1756459153553716310",
      "t" : 1756459153553,
      "tn" : 1756459153553716309,
      "q" : "2.4",
      "p" : "0.4917",
      "s" : "sell",
      "i" : "ARB_USD",
      "m" : "4611686018432358592"
    }, {
      "d" : "1756459153553716309",
      "t" : 1756459153553,
      "tn" : 1756459153553716309,
      "q" : "73.3",
      "p" : "0.4917",
      "s" : "sell",
      "i" : "ARB_USD",
      "m" : "4611686018432358592"
    }, {
      "d" : "1756459120929332246",
      "t" : 1756459120929,
      "tn" : 1756459120929332246,
      "q" : "2.3",
      "p" : "0.4918",
      "s" : "sell",
      "i" : "ARB_USD",
      "m" : "4611686018432358591"
    }, {
      "d" : "1756459116992536213",
      "t" : 1756459116992,
      "tn" : 1756459116992536213,
      "q" : "2.4",
      "p" : "0.4919",
      "s" : "sell",
      "i" : "ARB_USD",
      "m" : "4611686018432358590"
    }, {
      "d" : "1756459110653491913",
      "t" : 1756459110653,
      "tn" : 1756459110653491913,
      "q" : "2.4",
      "p" : "0.4918",
      "s" : "sell",
      "i" : "ARB_USD",
      "m" : "4611686018432358589"
    }, {
      "d" : "1756459094310335267",
      "t" : 1756459094310,
      "tn" : 1756459094310335266,
      "q" : "2.3",
      "p" : "0.4918",
      "s" : "sell",
      "i" : "ARB_USD",
      "m" : "4611686018432358588"
    }, {
      "d" : "1756459094310335266",
      "t" : 1756459094310,
      "tn" : 1756459094310335266,
      "q" : "117.7",
      "p" : "0.4918",
      "s" : "sell",
      "i" : "ARB_USD",
      "m" : "4611686018432358588"
    }, {
      "d" : "1756459092068109436",
      "t" : 1756459092068,
      "tn" : 1756459092068109436,
      "q" : "500.0",
      "p" : "0.4918",
      "s" : "buy",
      "i" : "ARB_USD",
      "m" : "4611686018432358587"
    }, {
      "d" : "1756459092068088091",
      "t" : 1756459092068,
      "tn" : 1756459092068088091,
      "q" : "500.0",
      "p" : "0.4918",
      "s" : "buy",
      "i" : "ARB_USD",
      "m" : "4611686018432358586"
    }, {
      "d" : "1756459092067516543",
      "t" : 1756459092067,
      "tn" : 1756459092067516543,
      "q" : "519.9",
      "p" : "0.4918",
      "s" : "buy",
      "i" : "ARB_USD",
      "m" : "4611686018432358585"
    }, {
      "d" : "1756459092066961343",
      "t" : 1756459092066,
      "tn" : 1756459092066961343,
      "q" : "414.2",
      "p" : "0.4917",
      "s" : "buy",
      "i" : "ARB_USD",
      "m" : "4611686018432358584"
    }, {
      "d" : "1756459092066867572",
      "t" : 1756459092066,
      "tn" : 1756459092066867572,
      "q" : "500.0",
      "p" : "0.4917",
      "s" : "buy",
      "i" : "ARB_USD",
      "m" : "4611686018432358583"
    }, {
      "d" : "1756459092065420422",
      "t" : 1756459092065,
      "tn" : 1756459092065420422,
      "q" : "2.4",
      "p" : "0.4916",
      "s" : "buy",
      "i" : "ARB_USD",
      "m" : "4611686018432358582"
    }, {
      "d" : "1756459069642135359",
      "t" : 1756459069642,
      "tn" : 1756459069642135359,
      "q" : "61.5",
      "p" : "0.4910",
      "s" : "sell",
      "i" : "ARB_USD",
      "m" : "4611686018432358581"
    }, {
      "d" : "1756459043295395328",
      "t" : 1756459043295,
      "tn" : 1756459043295395327,
      "q" : "17.5",
      "p" : "0.4910",
      "s" : "buy",
      "i" : "ARB_USD",
      "m" : "4611686018432358580"
    }, {
      "d" : "1756459043295395327",
      "t" : 1756459043295,
      "tn" : 1756459043295395327,
      "q" : "2.4",
      "p" : "0.4910",
      "s" : "buy",
      "i" : "ARB_USD",
      "m" : "4611686018432358580"
    }, {
      "d" : "1756459042935080898",
      "t" : 1756459042935,
      "tn" : 1756459042935080898,
      "q" : "2.4",
      "p" : "0.4910",
      "s" : "buy",
      "i" : "ARB_USD",
      "m" : "4611686018432358579"
    }, {
      "d" : "1756459037224231007",
      "t" : 1756459037224,
      "tn" : 1756459037224231007,
      "q" : "2.4",
      "p" : "0.4912",
      "s" : "buy",
      "i" : "ARB_USD",
      "m" : "4611686018432358578"
    }, {
      "d" : "1756459024353822371",
      "t" : 1756459024353,
      "tn" : 1756459024353822371,
      "q" : "2.4",
      "p" : "0.4908",
      "s" : "sell",
      "i" : "ARB_USD",
      "m" : "4611686018432358577"
    }, {
      "d" : "1756459020926020479",
      "t" : 1756459020926,
      "tn" : 1756459020926020479,
      "q" : "20.4",
      "p" : "0.4909",
      "s" : "buy",
      "i" : "ARB_USD",
      "m" : "4611686018432358576"
    }, {
      "d" : "1756459020133582708",
      "t" : 1756459020133,
      "tn" : 1756459020133582708,
      "q" : "2.4",
      "p" : "0.4910",
      "s" : "sell",
      "i" : "ARB_USD",
      "m" : "4611686018432358575"
    }, {
      "d" : "1756459019663808398",
      "t" : 1756459019663,
      "tn" : 1756459019663808398,
      "q" : "20.4",
      "p" : "0.4910",
      "s" : "sell",
      "i" : "ARB_USD",
      "m" : "4611686018432358574"
    }, {
      "d" : "1756459019663806178",
      "t" : 1756459019663,
      "tn" : 1756459019663806178,
      "q" : "2.4",
      "p" : "0.4911",
      "s" : "sell",
      "i" : "ARB_USD",
      "m" : "4611686018432358573"
    }, {
      "d" : "1756459008173206397",
      "t" : 1756459008173,
      "tn" : 1756459008173206397,
      "q" : "20.4",
      "p" : "0.4909",
      "s" : "sell",
      "i" : "ARB_USD",
      "m" : "4611686018432358572"
    }, {
      "d" : "1756459008173204546",
      "t" : 1756459008173,
      "tn" : 1756459008173204546,
      "q" : "2.4",
      "p" : "0.4910",
      "s" : "sell",
      "i" : "ARB_USD",
      "m" : "4611686018432358571"
    }, {
      "d" : "1756458991631408042",
      "t" : 1756458991631,
      "tn" : 1756458991631408041,
      "q" : "1046.9",
      "p" : "0.4906",
      "s" : "sell",
      "i" : "ARB_USD",
      "m" : "4611686018432358570"
    }, {
      "d" : "1756458991631408041",
      "t" : 1756458991631,
      "tn" : 1756458991631408041,
      "q" : "379.6",
      "p" : "0.4906",
      "s" : "sell",
      "i" : "ARB_USD",
      "m" : "4611686018432358570"
    }, {
      "d" : "1756458991631403938",
      "t" : 1756458991631,
      "tn" : 1756458991631403938,
      "q" : "2.4",
      "p" : "0.4908",
      "s" : "sell",
      "i" : "ARB_USD",
      "m" : "4611686018432358569"
    }, {
      "d" : "1756458977393317257",
      "t" : 1756458977393,
      "tn" : 1756458977393317257,
      "q" : "2.4",
      "p" : "0.4906",
      "s" : "sell",
      "i" : "ARB_USD",
      "m" : "4611686018432358568"
    }, {
      "d" : "1756458928760766373",
      "t" : 1756458928760,
      "tn" : 1756458928760766373,
      "q" : "3197.6",
      "p" : "0.4900",
      "s" : "sell",
      "i" : "ARB_USD",
      "m" : "4611686018432358567"
    }, {
      "d" : "1756458928760764251",
      "t" : 1756458928760,
      "tn" : 1756458928760764251,
      "q" : "2.4",
      "p" : "0.4901",
      "s" : "sell",
      "i" : "ARB_USD",
      "m" : "4611686018432358566"
    }, {
      "d" : "1756458928391857710",
      "t" : 1756458928391,
      "tn" : 1756458928391857710,
      "q" : "997.6",
      "p" : "0.4901",
      "s" : "sell",
      "i" : "ARB_USD",
      "m" : "4611686018432358565"
    }, {
      "d" : "1756458928391855644",
      "t" : 1756458928391,
      "tn" : 1756458928391855644,
      "q" : "2.4",
      "p" : "0.4902",
      "s" : "sell",
      "i" : "ARB_USD",
      "m" : "4611686018432358564"
    }, {
      "d" : "1756458921893104277",
      "t" : 1756458921893,
      "tn" : 1756458921893104277,
      "q" : "897.6",
      "p" : "0.4900",
      "s" : "sell",
      "i" : "ARB_USD",
      "m" : "4611686018432358563"
    }, {
      "d" : "1756458921893101569",
      "t" : 1756458921893,
      "tn" : 1756458921893101569,
      "q" : "2.4",
      "p" : "0.4901",
      "s" : "sell",
      "i" : "ARB_USD",
      "m" : "4611686018432358562"
    }, {
      "d" : "1756458915079883634",
      "t" : 1756458915079,
      "tn" : 1756458915079883634,
      "q" : "2.4",
      "p" : "0.4899",
      "s" : "sell",
      "i" : "ARB_USD",
      "m" : "4611686018432358561"
    }, {
      "d" : "1756458914751655692",
      "t" : 1756458914751,
      "tn" : 1756458914751655692,
      "q" : "2.4",
      "p" : "0.4901",
      "s" : "sell",
      "i" : "ARB_USD",
      "m" : "4611686018432358560"
    }, {
      "d" : "1756458911906830455",
      "t" : 1756458911906,
      "tn" : 1756458911906830452,
      "q" : "22.9",
      "p" : "0.4902",
      "s" : "sell",
      "i" : "ARB_USD",
      "m" : "4611686018432358559"
    }, {
      "d" : "1756458911906830454",
      "t" : 1756458911906,
      "tn" : 1756458911906830452,
      "q" : "63.7",
      "p" : "0.4902",
      "s" : "sell",
      "i" : "ARB_USD",
      "m" : "4611686018432358559"
    }, {
      "d" : "1756458911906830453",
      "t" : 1756458911906,
      "tn" : 1756458911906830452,
      "q" : "43.7",
      "p" : "0.4902",
      "s" : "sell",
      "i" : "ARB_USD",
      "m" : "4611686018432358559"
    }, {
      "d" : "1756458911906830452",
      "t" : 1756458911906,
      "tn" : 1756458911906830452,
      "q" : "3207.9",
      "p" : "0.4902",
      "s" : "sell",
      "i" : "ARB_USD",
      "m" : "4611686018432358559"
    }, {
      "d" : "1756458911906818912",
      "t" : 1756458911906,
      "tn" : 1756458911906818912,
      "q" : "2.4",
      "p" : "0.4904",
      "s" : "sell",
      "i" : "ARB_USD",
      "m" : "4611686018432358558"
    }, {
      "d" : "1756458907841456360",
      "t" : 1756458907841,
      "tn" : 1756458907841456359,
      "q" : "2.4",
      "p" : "0.4904",
      "s" : "sell",
      "i" : "ARB_USD",
      "m" : "4611686018432358557"
    }, {
      "d" : "1756458907841456359",
      "t" : 1756458907841,
      "tn" : 1756458907841456359,
      "q" : "20.4",
      "p" : "0.4904",
      "s" : "sell",
      "i" : "ARB_USD",
      "m" : "4611686018432358557"
    }, {
      "d" : "1756458905433849265",
      "t" : 1756458905433,
      "tn" : 1756458905433849264,
      "q" : "2.4",
      "p" : "0.4906",
      "s" : "sell",
      "i" : "ARB_USD",
      "m" : "4611686018432358556"
    }, {
      "d" : "1756458905433849264",
      "t" : 1756458905433,
      "tn" : 1756458905433849264,
      "q" : "57.8",
      "p" : "0.4906",
      "s" : "sell",
      "i" : "ARB_USD",
      "m" : "4611686018432358556"
    }, {
      "d" : "1756458890072900750",
      "t" : 1756458890072,
      "tn" : 1756458890072900749,
      "q" : "30.5",
      "p" : "0.4902",
      "s" : "sell",
      "i" : "ARB_USD",
      "m" : "4611686018432358555"
    }, {
      "d" : "1756458890072900749",
      "t" : 1756458890072,
      "tn" : 1756458890072900749,
      "q" : "3043.8",
      "p" : "0.4902",
      "s" : "sell",
      "i" : "ARB_USD",
      "m" : "4611686018432358555"
    }, {
      "d" : "1756458890072896034",
      "t" : 1756458890072,
      "tn" : 1756458890072896034,
      "q" : "2.4",
      "p" : "0.4903",
      "s" : "sell",
      "i" : "ARB_USD",
      "m" : "4611686018432358554"
    }, {
      "d" : "1756458888266333063",
      "t" : 1756458888266,
      "tn" : 1756458888266333062,
      "q" : "20.4",
      "p" : "0.4904",
      "s" : "sell",
      "i" : "ARB_USD",
      "m" : "4611686018432358553"
    }, {
      "d" : "1756458888266333062",
      "t" : 1756458888266,
      "tn" : 1756458888266333062,
      "q" : "2.4",
      "p" : "0.4904",
      "s" : "sell",
      "i" : "ARB_USD",
      "m" : "4611686018432358553"
    }, {
      "d" : "1756458879193176020",
      "t" : 1756458879193,
      "tn" : 1756458879193176020,
      "q" : "2.4",
      "p" : "0.4904",
      "s" : "sell",
      "i" : "ARB_USD",
      "m" : "4611686018432358552"
    }, {
      "d" : "1756458878415002662",
      "t" : 1756458878415,
      "tn" : 1756458878415002661,
      "q" : "3121.2",
      "p" : "0.4902",
      "s" : "sell",
      "i" : "ARB_USD",
      "m" : "4611686018432358551"
    }, {
      "d" : "1756458878415002661",
      "t" : 1756458878415,
      "tn" : 1756458878415002661,
      "q" : "43.7",
      "p" : "0.4902",
      "s" : "sell",
      "i" : "ARB_USD",
      "m" : "4611686018432358551"
    }, {
      "d" : "1756458878414993734",
      "t" : 1756458878414,
      "tn" : 1756458878414993734,
      "q" : "2.4",
      "p" : "0.4904",
      "s" : "sell",
      "i" : "ARB_USD",
      "m" : "4611686018432358550"
    }, {
      "d" : "1756458877343192605",
      "t" : 1756458877343,
      "tn" : 1756458877343192605,
      "q" : "63.7",
      "p" : "0.4903",
      "s" : "sell",
      "i" : "ARB_USD",
      "m" : "4611686018432358549"
    }, {
      "d" : "1756458877343189832",
      "t" : 1756458877343,
      "tn" : 1756458877343189832,
      "q" : "2.4",
      "p" : "0.4904",
      "s" : "sell",
      "i" : "ARB_USD",
      "m" : "4611686018432358548"
    }, {
      "d" : "1756458865679217900",
      "t" : 1756458865679,
      "tn" : 1756458865679217900,
      "q" : "2.4",
      "p" : "0.4905",
      "s" : "sell",
      "i" : "ARB_USD",
      "m" : "4611686018432358547"
    }, {
      "d" : "1756458864633335170",
      "t" : 1756458864633,
      "tn" : 1756458864633335170,
      "q" : "2.4",
      "p" : "0.4906",
      "s" : "sell",
      "i" : "ARB_USD",
      "m" : "4611686018432358546"
    }, {
      "d" : "1756458847350251350",
      "t" : 1756458847350,
      "tn" : 1756458847350251350,
      "q" : "2.4",
      "p" : "0.4906",
      "s" : "sell",
      "i" : "ARB_USD",
      "m" : "4611686018432358545"
    }, {
      "d" : "1756458845600145730",
      "t" : 1756458845600,
      "tn" : 1756458845600145730,
      "q" : "63.6",
      "p" : "0.4906",
      "s" : "sell",
      "i" : "ARB_USD",
      "m" : "4611686018432358544"
    }, {
      "d" : "1756458845600142962",
      "t" : 1756458845600,
      "tn" : 1756458845600142962,
      "q" : "2.4",
      "p" : "0.4907",
      "s" : "sell",
      "i" : "ARB_USD",
      "m" : "4611686018432358543"
    }, {
      "d" : "1756458841962016145",
      "t" : 1756458841962,
      "tn" : 1756458841962016145,
      "q" : "63.6",
      "p" : "0.4910",
      "s" : "sell",
      "i" : "ARB_USD",
      "m" : "4611686018432358542"
    }, {
      "d" : "1756458841962013701",
      "t" : 1756458841962,
      "tn" : 1756458841962013701,
      "q" : "2.4",
      "p" : "0.4911",
      "s" : "sell",
      "i" : "ARB_USD",
      "m" : "4611686018432358541"
    }, {
      "d" : "1756458838936013071",
      "t" : 1756458838936,
      "tn" : 1756458838936013070,
      "q" : "1013.6",
      "p" : "0.4910",
      "s" : "sell",
      "i" : "ARB_USD",
      "m" : "4611686018432358540"
    }, {
      "d" : "1756458838936013070",
      "t" : 1756458838936,
      "tn" : 1756458838936013070,
      "q" : "63.6",
      "p" : "0.4910",
      "s" : "sell",
      "i" : "ARB_USD",
      "m" : "4611686018432358540"
    }, {
      "d" : "1756458838936010082",
      "t" : 1756458838936,
      "tn" : 1756458838936010081,
      "q" : "2.4",
      "p" : "0.4911",
      "s" : "sell",
      "i" : "ARB_USD",
      "m" : "4611686018432358539"
    }, {
      "d" : "1756458838936010081",
      "t" : 1756458838936,
      "tn" : 1756458838936010081,
      "q" : "20.4",
      "p" : "0.4911",
      "s" : "sell",
      "i" : "ARB_USD",
      "m" : "4611686018432358539"
    }, {
      "d" : "1756458832975044933",
      "t" : 1756458832975,
      "tn" : 1756458832975044932,
      "q" : "1005.5",
      "p" : "0.4908",
      "s" : "sell",
      "i" : "ARB_USD",
      "m" : "4611686018432358538"
    }, {
      "d" : "1756458832975044932",
      "t" : 1756458832975,
      "tn" : 1756458832975044932,
      "q" : "379.6",
      "p" : "0.4908",
      "s" : "sell",
      "i" : "ARB_USD",
      "m" : "4611686018432358538"
    }, {
      "d" : "1756458832975036144",
      "t" : 1756458832975,
      "tn" : 1756458832975036143,
      "q" : "20.4",
      "p" : "0.4909",
      "s" : "sell",
      "i" : "ARB_USD",
      "m" : "4611686018432358537"
    }, {
      "d" : "1756458832975036143",
      "t" : 1756458832975,
      "tn" : 1756458832975036143,
      "q" : "2.4",
      "p" : "0.4909",
      "s" : "sell",
      "i" : "ARB_USD",
      "m" : "4611686018432358537"
    }, {
      "d" : "1756458803567120415",
      "t" : 1756458803567,
      "tn" : 1756458803567120414,
      "q" : "1034.0",
      "p" : "0.4910",
      "s" : "sell",
      "i" : "ARB_USD",
      "m" : "4611686018432358536"
    }, {
      "d" : "1756458803567120414",
      "t" : 1756458803567,
      "tn" : 1756458803567120414,
      "q" : "63.6",
      "p" : "0.4910",
      "s" : "sell",
      "i" : "ARB_USD",
      "m" : "4611686018432358536"
    }, {
      "d" : "1756458803567116539",
      "t" : 1756458803567,
      "tn" : 1756458803567116539,
      "q" : "2.4",
      "p" : "0.4911",
      "s" : "sell",
      "i" : "ARB_USD",
      "m" : "4611686018432358535"
    }, {
      "d" : "1756458786666917949",
      "t" : 1756458786666,
      "tn" : 1756458786666917948,
      "q" : "63.6",
      "p" : "0.4910",
      "s" : "sell",
      "i" : "ARB_USD",
      "m" : "4611686018432358534"
    }, {
      "d" : "1756458786666917948",
      "t" : 1756458786666,
      "tn" : 1756458786666917948,
      "q" : "2982.2",
      "p" : "0.4910",
      "s" : "sell",
      "i" : "ARB_USD",
      "m" : "4611686018432358534"
    }, {
      "d" : "1756458786666913604",
      "t" : 1756458786666,
      "tn" : 1756458786666913604,
      "q" : "2.4",
      "p" : "0.4911",
      "s" : "sell",
      "i" : "ARB_USD",
      "m" : "4611686018432358533"
    }, {
      "d" : "1756458776120050946",
      "t" : 1756458776120,
      "tn" : 1756458776120050945,
      "q" : "63.6",
      "p" : "0.4908",
      "s" : "sell",
      "i" : "ARB_USD",
      "m" : "4611686018432358532"
    } ]
  }
}