{
  "id" : -1,
  "method" : "public/get-trades",
  "code" : 0,
  "result" : {
    "data" : [ {
      "d" : "1756460018813975265",
      "t" : 1756460018813,
      "tn" : 1756460018813975265,
      "q" : "20.4",
      "p" : "0.4916",
      "s" : "buy",
      "i" : "ARB_USDT",
      "m" : "4611686018431771510"
    }, {
      "d" : "1756459664602029676",
      "t" : 1756459664602,
      "tn" : 1756459664602029676,
      "q" : "2.3",
      "p" : "0.4920",
      "s" : "sell",
      "i" : "ARB_USDT",
      "m" : "4611686018431771509"
    }, {
      "d" : "1756459629364534063",
      "t" : 1756459629364,
      "tn" : 1756459629364534062,
      "q" : "2.4",
      "p" : "0.4920",
      "s" : "buy",
      "i" : "ARB_USDT",
      "m" : "4611686018431771508"
    }, {
      "d" : "1756459629364534062",
      "t" : 1756459629364,
      "tn" : 1756459629364534062,
      "q" : "20.4",
      "p" : "0.4920",
      "s" : "buy",
      "i" : "ARB_USDT",
      "m" : "4611686018431771508"
    }, {
      "d" : "1756459562427155523",
      "t" : 1756459562427,
      "tn" : 1756459562427155523,
      "q" : "2.3",
      "p" : "0.4925",
      "s" : "buy",
      "i" : "ARB_USDT",
      "m" : "4611686018431771507"
    }, {
      "d" : "1756459481268917740",
      "t" : 1756459481268,
      "tn" : 1756459481268917740,
      "q" : "20.4",
      "p" : "0.4917",
      "s" : "buy",
      "i" : "ARB_USDT",
      "m" : "4611686018431771506"
    }, {
      "d" : "1756459475300681850",
      "t" : 1756459475300,
      "tn" : 1756459475300681850,
      "q" : "2.3",
      "p" : "0.4917",
      "s" : "sell",
      "i" : "ARB_USDT",
      "m" : "4611686018431771505"
    }, {
      "d" : "1756459441169153043",
      "t" : 1756459441169,
      "tn" : 1756459441169153042,
      "q" : "20.4",
      "p" : "0.4922",
      "s" : "buy",
      "i" : "ARB_USDT",
      "m" : "4611686018431771504"
    }, {
      "d" : "1756459441169153042",
      "t" : 1756459441169,
      "tn" : 1756459441169153042,
      "q" : "2.4",
      "p" : "0.4922",
      "s" : "buy",
      "i" : "ARB_USDT",
      "m" : "4611686018431771504"
    }, {
      "d" : "1756459424902208429",
      "t" : 1756459424902,
      "tn" : 1756459424902208429,
      "q" : "20.4",
      "p" : "0.4921",
      "s" : "buy",
      "i" : "ARB_USDT",
      "m" : "4611686018431771503"
    }, {
      "d" : "1756459364773690972",
      "t" : 1756459364773,
      "tn" : 1756459364773690972,
      "q" : "506.3",
      "p" : "0.4932",
      "s" : "buy",
      "i" : "ARB_USDT",
      "m" : "4611686018431771502"
    }, {
      "d" : "1756459364770192400",
      "t" : 1756459364770,
      "tn" : 1756459364770192400,
      "q" : "103.0",
      "p" : "0.4932",
      "s" : "sell",
      "i" : "ARB_USDT",
      "m" : "4611686018431771501"
    }, {
      "d" : "1756459364769360891",
      "t" : 1756459364769,
      "tn" : 1756459364769360891,
      "q" : "506.3",
      "p" : "0.4932",
      "s" : "sell",
      "i" : "ARB_USDT",
      "m" : "4611686018431771500"
    }, {
      "d" : "1756459364768973759",
      "t" : 1756459364768,
      "tn" : 1756459364768973759,
      "q" : "503.7",
      "p" : "0.4932",
      "s" : "sell",
      "i" : "ARB_USDT",
      "m" : "4611686018431771499"
    }, {
      "d" : "1756459364768971793",
      "t" : 1756459364768,
      "tn" : 1756459364768971793,
      "q" : "2.4",
      "p" : "0.4933",
      "s" : "sell",
      "i" : "ARB_USDT",
      "m" : "4611686018431771498"
    }, {
      "d" : "1756459284418798389",
      "t" : 1756459284418,
      "tn" : 1756459284418798389,
      "q" : "2.4",
      "p" : "0.4926",
      "s" : "buy",
      "i" : "ARB_USDT",
      "m" : "4611686018431771497"
    }, {
      "d" : "1756459154590591156",
      "t" : 1756459154590,
      "tn" : 1756459154590591156,
      "q" : "1025.5",
      "p" : "0.4919",
      "s" : "buy",
      "i" : "ARB_USDT",
      "m" : "4611686018431771496"
    }, {
      "d" : "1756459154589780245",
      "t" : 1756459154589,
      "tn" : 1756459154589780245,
      "q" : "696.5",
      "p" : "0.4919",
      "s" : "buy",
      "i" : "ARB_USDT",
      "m" : "4611686018431771495"
    }, {
      "d" : "1756459154589690897",
      "t" : 1756459154589,
      "tn" : 1756459154589690897,
      "q" : "996.5",
      "p" : "0.4918",
      "s" : "buy",
      "i" : "ARB_USDT",
      "m" : "4611686018431771494"
    }, {
      "d" : "1756459154588729788",
      "t" : 1756459154588,
      "tn" : 1756459154588729788,
      "q" : "2.4",
      "p" : "0.4917",
      "s" : "buy",
      "i" : "ARB_USDT",
      "m" : "4611686018431771493"
    }, {
      "d" : "1756459112199181986",
      "t" : 1756459112199,
      "tn" : 1756459112199181985,
      "q" : "20.4",
      "p" : "0.4918",
      "s" : "buy",
      "i" : "ARB_USDT",
      "m" : "4611686018431771492"
    }, {
      "d" : "1756459112199181985",
      "t" : 1756459112199,
      "tn" : 1756459112199181985,
      "q" : "2.4",
      "p" : "0.4918",
      "s" : "buy",
      "i" : "ARB_USDT",
      "m" : "4611686018431771492"
    }, {
      "d" : "1756459112190560122",
      "t" : 1756459112190,
      "tn" : 1756459112190560121,
      "q" : "2.4",
      "p" : "0.4918",
      "s" : "buy",
      "i" : "ARB_USDT",
      "m" : "4611686018431771491"
    }, {
      "d" : "1756459112190560121",
      "t" : 1756459112190,
      "tn" : 1756459112190560121,
      "q" : "20.4",
      "p" : "0.4918",
      "s" : "buy",
      "i" : "ARB_USDT",
      "m" : "4611686018431771491"
    }, {
      "d" : "1756459109907822204",
      "t" : 1756459109907,
      "tn" : 1756459109907822204,
      "q" : "20.4",
      "p" : "0.4918",
      "s" : "sell",
      "i" : "ARB_USDT",
      "m" : "4611686018431771490"
    }, {
      "d" : "1756459109894343055",
      "t" : 1756459109894,
      "tn" : 1756459109894343052,
      "q" : "2.4",
      "p" : "0.4918",
      "s" : "sell",
      "i" : "ARB_USDT",
      "m" : "4611686018431771489"
    }, {
      "d" : "1756459109894343054",
      "t" : 1756459109894,
      "tn" : 1756459109894343052,
      "q" : "127.0",
      "p" : "0.4918",
      "s" : "sell",
      "i" : "ARB_USDT",
      "m" : "4611686018431771489"
    }, {
      "d" : "1756459109894343053",
      "t" : 1756459109894,
      "tn" : 1756459109894343052,
      "q" : "20.4",
      "p" : "0.4918",
      "s" : "sell",
      "i" : "ARB_USDT",
      "m" : "4611686018431771489"
    }, {
      "d" : "1756459109894343052",
      "t" : 1756459109894,
      "tn" : 1756459109894343052,
      "q" : "61.0",
      "p" : "0.4918",
      "s" : "sell",
      "i" : "ARB_USDT",
      "m" : "4611686018431771489"
    }, {
      "d" : "1756459096371688708",
      "t" : 1756459096371,
      "tn" : 1756459096371688706,
      "q" : "1022.0",
      "p" : "0.4916",
      "s" : "sell",
      "i" : "ARB_USDT",
      "m" : "4611686018431771488"
    }, {
      "d" : "1756459096371688707",
      "t" : 1756459096371,
      "tn" : 1756459096371688706,
      "q" : "50.8",
      "p" : "0.4916",
      "s" : "sell",
      "i" : "ARB_USDT",
      "m" : "4611686018431771488"
    }, {
      "d" : "1756459096371688706",
      "t" : 1756459096371,
      "tn" : 1756459096371688706,
      "q" : "127.2",
      "p" : "0.4916",
      "s" : "sell",
      "i" : "ARB_USDT",
      "m" : "4611686018431771488"
    }, {
      "d" : "1756459092068173760",
      "t" : 1756459092068,
      "tn" : 1756459092068173760,
      "q" : "500.0",
      "p" : "0.4917",
      "s" : "buy",
      "i" : "ARB_USDT",
      "m" : "4611686018431771487"
    }, {
      "d" : "1756459092068171318",
      "t" : 1756459092068,
      "tn" : 1756459092068171318,
      "q" : "500.0",
      "p" : "0.4917",
      "s" : "buy",
      "i" : "ARB_USDT",
      "m" : "4611686018431771486"
    }, {
      "d" : "1756459092067562642",
      "t" : 1756459092067,
      "tn" : 1756459092067562642,
      "q" : "1000.0",
      "p" : "0.4917",
      "s" : "buy",
      "i" : "ARB_USDT",
      "m" : "4611686018431771485"
    }, {
      "d" : "1756459092065331950",
      "t" : 1756459092065,
      "tn" : 1756459092065331950,
      "q" : "2.4",
      "p" : "0.4915",
      "s" : "buy",
      "i" : "ARB_USDT",
      "m" : "4611686018431771484"
    }, {
      "d" : "1756459077932019815",
      "t" : 1756459077932,
      "tn" : 1756459077932019815,
      "q" : "2.3",
      "p" : "0.4913",
      "s" : "buy",
      "i" : "ARB_USDT",
      "m" : "4611686018431771483"
    }, {
      "d" : "1756459073715108379",
      "t" : 1756459073715,
      "tn" : 1756459073715108379,
      "q" : "20.4",
      "p" : "0.4908",
      "s" : "buy",
      "i" : "ARB_USDT",
      "m" : "4611686018431771482"
    }, {
      "d" : "1756459060677028421",
      "t" : 1756459060677,
      "tn" : 1756459060677028418,
      "q" : "999.0",
      "p" : "0.4906",
      "s" : "sell",
      "i" : "ARB_USDT",
      "m" : "4611686018431771481"
    }, {
      "d" : "1756459060677028420",
      "t" : 1756459060677,
      "tn" : 1756459060677028418,
      "q" : "2.4",
      "p" : "0.4906",
      "s" : "sell",
      "i" : "ARB_USDT",
      "m" : "4611686018431771481"
    }, {
      "d" : "1756459060677028419",
      "t" : 1756459060677,
      "tn" : 1756459060677028418,
      "q" : "127.3",
      "p" : "0.4906",
      "s" : "sell",
      "i" : "ARB_USDT",
      "m" : "4611686018431771481"
    }, {
      "d" : "1756459060677028418",
      "t" : 1756459060677,
      "tn" : 1756459060677028418,
      "q" : "50.9",
      "p" : "0.4906",
      "s" : "sell",
      "i" : "ARB_USDT",
      "m" : "4611686018431771481"
    }, {
      "d" : "1756459060677021741",
      "t" : 1756459060677,
      "tn" : 1756459060677021741,
      "q" : "20.4",
      "p" : "0.4907",
      "s" : "sell",
      "i" : "ARB_USDT",
      "m" : "4611686018431771480"
    }, {
      "d" : "1756458991631543700",
      "t" : 1756458991631,
      "tn" : 1756458991631543700,
      "q" : "97.6",
      "p" : "0.4906",
      "s" : "sell",
      "i" : "ARB_USDT",
      "m" : "4611686018431771479"
    }, {
      "d" : "1756458991631541275",
      "t" : 1756458991631,
      "tn" : 1756458991631541275,
      "q" : "2.4",
      "p" : "0.4907",
      "s" : "sell",
      "i" : "ARB_USDT",
      "m" : "4611686018431771478"
    }, {
      "d" : "1756458979979314357",
      "t" : 1756458979979,
      "tn" : 1756458979979314355,
      "q" : "101.9",
      "p" : "0.4905",
      "s" : "buy",
      "i" : "ARB_USDT",
      "m" : "4611686018431771477"
    }, {
      "d" : "1756458979979314356",
      "t" : 1756458979979,
      "tn" : 1756458979979314355,
      "q" : "2.4",
      "p" : "0.4905",
      "s" : "buy",
      "i" : "ARB_USDT",
      "m" : "4611686018431771477"
    }, {
      "d" : "1756458979979314355",
      "t" : 1756458979979,
      "tn" : 1756458979979314355,
      "q" : "184.5",
      "p" : "0.4905",
      "s" : "buy",
      "i" : "ARB_USDT",
      "m" : "4611686018431771477"
    }, {
      "d" : "1756458979978824538",
      "t" : 1756458979978,
      "tn" : 1756458979978824538,
      "q" : "845.7",
      "p" : "0.4905",
      "s" : "buy",
      "i" : "ARB_USDT",
      "m" : "4611686018431771476"
    }, {
      "d" : "1756458945369899348",
      "t" : 1756458945369,
      "tn" : 1756458945369899348,
      "q" : "20.5",
      "p" : "0.4903",
      "s" : "buy",
      "i" : "ARB_USDT",
      "m" : "4611686018431771475"
    }, {
      "d" : "1756458945362842147",
      "t" : 1756458945362,
      "tn" : 1756458945362842147,
      "q" : "20.5",
      "p" : "0.4903",
      "s" : "buy",
      "i" : "ARB_USDT",
      "m" : "4611686018431771474"
    }, {
      "d" : "1756458945354009915",
      "t" : 1756458945354,
      "tn" : 1756458945354009914,
      "q" : "2.4",
      "p" : "0.4903",
      "s" : "buy",
      "i" : "ARB_USDT",
      "m" : "4611686018431771473"
    }, {
      "d" : "1756458945354009914",
      "t" : 1756458945354,
      "tn" : 1756458945354009914,
      "q" : "20.5",
      "p" : "0.4903",
      "s" : "buy",
      "i" : "ARB_USDT",
      "m" : "4611686018431771473"
    }, {
      "d" : "1756458928391989650",
      "t" : 1756458928391,
      "tn" : 1756458928391989650,
      "q" : "3082.5",
      "p" : "0.4900",
      "s" : "sell",
      "i" : "ARB_USDT",
      "m" : "4611686018431771472"
    }, {
      "d" : "1756458928391987504",
      "t" : 1756458928391,
      "tn" : 1756458928391987504,
      "q" : "2.4",
      "p" : "0.4901",
      "s" : "sell",
      "i" : "ARB_USDT",
      "m" : "4611686018431771471"
    }, {
      "d" : "1756458921893215253",
      "t" : 1756458921893,
      "tn" : 1756458921893215251,
      "q" : "2.4",
      "p" : "0.4900",
      "s" : "sell",
      "i" : "ARB_USDT",
      "m" : "4611686018431771470"
    }, {
      "d" : "1756458921893215252",
      "t" : 1756458921893,
      "tn" : 1756458921893215251,
      "q" : "127.5",
      "p" : "0.4900",
      "s" : "sell",
      "i" : "ARB_USDT",
      "m" : "4611686018431771470"
    }, {
      "d" : "1756458921893215251",
      "t" : 1756458921893,
      "tn" : 1756458921893215251,
      "q" : "30.6",
      "p" : "0.4900",
      "s" : "sell",
      "i" : "ARB_USDT",
      "m" : "4611686018431771470"
    }, {
      "d" : "1756458914036657208",
      "t" : 1756458914036,
      "tn" : 1756458914036657208,
      "q" : "2.4",
      "p" : "0.4901",
      "s" : "sell",
      "i" : "ARB_USDT",
      "m" : "4611686018431771469"
    }, {
      "d" : "1756458913284504330",
      "t" : 1756458913284,
      "tn" : 1756458913284504330,
      "q" : "2.4",
      "p" : "0.4902",
      "s" : "sell",
      "i" : "ARB_USDT",
      "m" : "4611686018431771468"
    }, {
      "d" : "1756458911656760395",
      "t" : 1756458911656,
      "tn" : 1756458911656760395,
      "q" : "20.4",
      "p" : "0.4902",
      "s" : "sell",
      "i" : "ARB_USDT",
      "m" : "4611686018431771467"
    }, {
      "d" : "1756458911656757635",
      "t" : 1756458911656,
      "tn" : 1756458911656757635,
      "q" : "2.4",
      "p" : "0.4903",
      "s" : "sell",
      "i" : "ARB_USDT",
      "m" : "4611686018431771466"
    }, {
      "d" : "1756458907841591259",
      "t" : 1756458907841,
      "tn" : 1756458907841591259,
      "q" : "2.4",
      "p" : "0.4903",
      "s" : "sell",
      "i" : "ARB_USDT",
      "m" : "4611686018431771465"
    }, {
      "d" : "1756458902410518839",
      "t" : 1756458902410,
      "tn" : 1756458902410518838,
      "q" : "2.4",
      "p" : "0.4905",
      "s" : "buy",
      "i" : "ARB_USDT",
      "m" : "4611686018431771464"
    }, {
      "d" : "1756458902410518838",
      "t" : 1756458902410,
      "tn" : 1756458902410518838,
      "q" : "20.4",
      "p" : "0.4905",
      "s" : "buy",
      "i" : "ARB_USDT",
      "m" : "4611686018431771464"
    }, {
      "d" : "1756458891705063520",
      "t" : 1756458891705,
      "tn" : 1756458891705063519,
      "q" : "2.4",
      "p" : "0.4903",
      "s" : "buy",
      "i" : "ARB_USDT",
      "m" : "4611686018431771463"
    }, {
      "d" : "1756458891705063519",
      "t" : 1756458891705,
      "tn" : 1756458891705063519,
      "q" : "20.4",
      "p" : "0.4903",
      "s" : "buy",
      "i" : "ARB_USDT",
      "m" : "4611686018431771463"
    }, {
      "d" : "1756458890073029286",
      "t" : 1756458890073,
      "tn" : 1756458890073029285,
      "q" : "127.4",
      "p" : "0.4902",
      "s" : "sell",
      "i" : "ARB_USDT",
      "m" : "4611686018431771462"
    }, {
      "d" : "1756458890073029285",
      "t" : 1756458890073,
      "tn" : 1756458890073029285,
      "q" : "2.4",
      "p" : "0.4902",
      "s" : "sell",
      "i" : "ARB_USDT",
      "m" : "4611686018431771462"
    }, {
      "d" : "1756458888266421478",
      "t" : 1756458888266,
      "tn" : 1756458888266421477,
      "q" : "20.4",
      "p" : "0.4903",
      "s" : "sell",
      "i" : "ARB_USDT",
      "m" : "4611686018431771461"
    }, {
      "d" : "1756458888266421477",
      "t" : 1756458888266,
      "tn" : 1756458888266421477,
      "q" : "2.4",
      "p" : "0.4903",
      "s" : "sell",
      "i" : "ARB_USDT",
      "m" : "4611686018431771461"
    }, {
      "d" : "1756458884746321885",
      "t" : 1756458884746,
      "tn" : 1756458884746321885,
      "q" : "2.4",
      "p" : "0.4904",
      "s" : "buy",
      "i" : "ARB_USDT",
      "m" : "4611686018431771460"
    }, {
      "d" : "1756458884718195436",
      "t" : 1756458884718,
      "tn" : 1756458884718195435,
      "q" : "2.4",
      "p" : "0.4904",
      "s" : "buy",
      "i" : "ARB_USDT",
      "m" : "4611686018431771459"
    }, {
      "d" : "1756458884718195435",
      "t" : 1756458884718,
      "tn" : 1756458884718195435,
      "q" : "20.4",
      "p" : "0.4904",
      "s" : "buy",
      "i" : "ARB_USDT",
      "m" : "4611686018431771459"
    }, {
      "d" : "1756458884617532298",
      "t" : 1756458884617,
      "tn" : 1756458884617532297,
      "q" : "2.4",
      "p" : "0.4904",
      "s" : "buy",
      "i" : "ARB_USDT",
      "m" : "4611686018431771458"
    }, {
      "d" : "1756458884617532297",
      "t" : 1756458884617,
      "tn" : 1756458884617532297,
      "q" : "20.4",
      "p" : "0.4904",
      "s" : "buy",
      "i" : "ARB_USDT",
      "m" : "4611686018431771458"
    }, {
      "d" : "1756458882519742375",
      "t" : 1756458882519,
      "tn" : 1756458882519742374,
      "q" : "967.3",
      "p" : "0.4901",
      "s" : "sell",
      "i" : "ARB_USDT",
      "m" : "4611686018431771457"
    }, {
      "d" : "1756458882519742374",
      "t" : 1756458882519,
      "tn" : 1756458882519742374,
      "q" : "127.4",
      "p" : "0.4901",
      "s" : "sell",
      "i" : "ARB_USDT",
      "m" : "4611686018431771457"
    }, {
      "d" : "1756458882519732374",
      "t" : 1756458882519,
      "tn" : 1756458882519732374,
      "q" : "2.4",
      "p" : "0.4902",
      "s" : "sell",
      "i" : "ARB_USDT",
      "m" : "4611686018431771456"
    }, {
      "d" : "1756458878415055714",
      "t" : 1756458878415,
      "tn" : 1756458878415055714,
      "q" : "127.4",
      "p" : "0.4902",
      "s" : "sell",
      "i" : "ARB_USDT",
      "m" : "4611686018431771455"
    }, {
      "d" : "1756458878415051365",
      "t" : 1756458878415,
      "tn" : 1756458878415051365,
      "q" : "2.4",
      "p" : "0.4903",
      "s" : "sell",
      "i" : "ARB_USDT",
      "m" : "4611686018431771454"
    }, {
      "d" : "1756458876740228541",
      "t" : 1756458876740,
      "tn" : 1756458876740228541,
      "q" : "2.4",
      "p" : "0.4904",
      "s" : "sell",
      "i" : "ARB_USDT",
      "m" : "4611686018431771453"
    }, {
      "d" : "1756458874676013038",
      "t" : 1756458874676,
      "tn" : 1756458874676013037,
      "q" : "926.0",
      "p" : "0.4903",
      "s" : "sell",
      "i" : "ARB_USDT",
      "m" : "4611686018431771452"
    }, {
      "d" : "1756458874676013037",
      "t" : 1756458874676,
      "tn" : 1756458874676013037,
      "q" : "127.4",
      "p" : "0.4903",
      "s" : "sell",
      "i" : "ARB_USDT",
      "m" : "4611686018431771452"
    }, {
      "d" : "1756458874676003650",
      "t" : 1756458874676,
      "tn" : 1756458874676003650,
      "q" : "2.4",
      "p" : "0.4904",
      "s" : "sell",
      "i" : "ARB_USDT",
      "m" : "4611686018431771451"
    }, {
      "d" : "1756458872725312782",
      "t" : 1756458872725,
      "tn" : 1756458872725312782,
      "q" : "2.4",
      "p" : "0.4904",
      "s" : "sell",
      "i" : "ARB_USDT",
      "m" : "4611686018431771450"
    }, {
      "d" : "1756458865679346762",
      "t" : 1756458865679,
      "tn" : 1756458865679346762,
      "q" : "2.4",
      "p" : "0.4904",
      "s" : "sell",
      "i" : "ARB_USDT",
      "m" : "4611686018431771449"
    }, {
      "d" : "1756458864633501918",
      "t" : 1756458864633,
      "tn" : 1756458864633501916,
      "q" : "203.8",
      "p" : "0.4904",
      "s" : "sell",
      "i" : "ARB_USDT",
      "m" : "4611686018431771448"
    }, {
      "d" : "1756458864633501917",
      "t" : 1756458864633,
      "tn" : 1756458864633501916,
      "q" : "963.6",
      "p" : "0.4904",
      "s" : "sell",
      "i" : "ARB_USDT",
      "m" : "4611686018431771448"
    }, {
      "d" : "1756458864633501916",
      "t" : 1756458864633,
      "tn" : 1756458864633501916,
      "q" : "127.4",
      "p" : "0.4904",
      "s" : "sell",
      "i" : "ARB_USDT",
      "m" : "4611686018431771448"
    }, {
      "d" : "1756458864633490946",
      "t" : 1756458864633,
      "tn" : 1756458864633490946,
      "q" : "2.4",
      "p" : "0.4905",
      "s" : "sell",
      "i" : "ARB_USDT",
      "m" : "4611686018431771447"
    }, {
      "d" : "1756458847350353633",
      "t" : 1756458847350,
      "tn" : 1756458847350353633,
      "q" : "2.4",
      "p" : "0.4905",
      "s" : "sell",
      "i" : "ARB_USDT",
      "m" : "4611686018431771446"
    }, {
      "d" : "1756458845600383028",
      "t" : 1756458845600,
      "tn" : 1756458845600383028,
      "q" : "2.4",
      "p" : "0.4906",
      "s" : "sell",
      "i" : "ARB_USDT",
      "m" : "4611686018431771445"
    }, {
      "d" : "1756458841962101345",
      "t" : 1756458841962,
      "tn" : 1756458841962101345,
      "q" : "2.4",
      "p" : "0.4910",
      "s" : "sell",
      "i" : "ARB_USDT",
      "m" : "4611686018431771444"
    }, {
      "d" : "1756458838936081957",
      "t" : 1756458838936,
      "tn" : 1756458838936081956,
      "q" : "20.4",
      "p" : "0.4910",
      "s" : "sell",
      "i" : "ARB_USDT",
      "m" : "4611686018431771443"
    }, {
      "d" : "1756458838936081956",
      "t" : 1756458838936,
      "tn" : 1756458838936081956,
      "q" : "2.4",
      "p" : "0.4910",
      "s" : "sell",
      "i" : "ARB_USDT",
      "m" : "4611686018431771443"
    }, {
      "d" : "1756458832774746008",
      "t" : 1756458832774,
      "tn" : 1756458832774746008,
      "q" : "20.4",
      "p" : "0.4909",
      "s" : "buy",
      "i" : "ARB_USDT",
      "m" : "4611686018431771442"
    }, {
      "d" : "1756458832765639723",
      "t" : 1756458832765,
      "tn" : 1756458832765639723,
      "q" : "20.4",
      "p" : "0.4909",
      "s" : "buy",
      "i" : "ARB_USDT",
      "m" : "4611686018431771441"
    }, {
      "d" : "1756458832752049932",
      "t" : 1756458832752,
      "tn" : 1756458832752049931,
      "q" : "20.4",
      "p" : "0.4909",
      "s" : "buy",
      "i" : "ARB_USDT",
      "m" : "4611686018431771440"
    }, {
      "d" : "1756458832752049931",
      "t" : 1756458832752,
      "tn" : 1756458832752049931,
      "q" : "2.4",
      "p" : "0.4909",
      "s" : "buy",
      "i" : "ARB_USDT",
      "m" : "4611686018431771440"
    }, {
      "d" : "1756458810432076821",
      "t" : 1756458810432,
      "tn" : 1756458810432076820,
      "q" : "2.4",
      "p" : "0.4910",
      "s" : "sell",
      "i" : "ARB_USDT",
      "m" : "4611686018431771439"
    }, {
      "d" : "1756458810432076820",
      "t" : 1756458810432,
      "tn" : 1756458810432076820,
      "q" : "127.2",
      "p" : "0.4910",
      "s" : "sell",
      "i" : "ARB_USDT",
      "m" : "4611686018431771439"
    }, {
      "d" : "1756458803567237802",
      "t" : 1756458803567,
      "tn" : 1756458803567237802,
      "q" : "1020.0",
      "p" : "0.4909",
      "s" : "sell",
      "i" : "ARB_USDT",
      "m" : "4611686018431771438"
    }, {
      "d" : "1756458803567229740",
      "t" : 1756458803567,
      "tn" : 1756458803567229739,
      "q" : "2.4",
      "p" : "0.4910",
      "s" : "sell",
      "i" : "ARB_USDT",
      "m" : "4611686018431771437"
    }, {
      "d" : "1756458803567229739",
      "t" : 1756458803567,
      "tn" : 1756458803567229739,
      "q" : "127.2",
      "p" : "0.4910",
      "s" : "sell",
      "i" : "ARB_USDT",
      "m" : "4611686018431771437"
    }, {
      "d" : "1756458786667023044",
      "t" : 1756458786667,
      "tn" : 1756458786667023044,
      "q" : "2.4",
      "p" : "0.4910",
      "s" : "sell",
      "i" : "ARB_USDT",
      "m" : "4611686018431771436"
    }, {
      "d" : "1756458785903530461",
      "t" : 1756458785903,
      "tn" : 1756458785903530461,
      "q" : "2.4",
      "p" : "0.4911",
      "s" : "sell",
      "i" : "ARB_USDT",
      "m" : "4611686018431771435"
    }, {
      "d" : "1756458784303489346",
      "t" : 1756458784303,
      "tn" : 1756458784303489346,
      "q" : "2012.0",
      "p" : "0.4910",
      "s" : "sell",
      "i" : "ARB_USDT",
      "m" : "4611686018431771434"
    }, {
      "d" : "1756458784303479741",
      "t" : 1756458784303,
      "tn" : 1756458784303479741,
      "q" : "2.4",
      "p" : "0.4911",
      "s" : "sell",
      "i" : "ARB_USDT",
      "m" : "4611686018431771433"
    }, {
      "d" : "1756458776120273564",
      "t" : 1756458776120,
      "tn" : 1756458776120273564,
      "q" : "2.4",
      "p" : "0.4909",
      "s" : "sell",
      "i" : "ARB_USDT",
      "m" : "4611686018431771432"
    }, {
      "d" : "1756458775074479762",
      "t" : 1756458775074,
      "tn" : 1756458775074479762,
      "q" : "2.4",
      "p" : "0.4909",
      "s" : "sell",
      "i" : "ARB_USDT",
      "m" : "4611686018431771431"
    }, {
      "d" : "1756458755386512618",
      "t" : 1756458755386,
      "tn" : 1756458755386512617,
      "q" : "2.4",
      "p" : "0.4904",
      "s" : "sell",
      "i" : "ARB_USDT",
      "m" : "4611686018431771430"
    }, {
      "d" : "1756458755386512617",
      "t" : 1756458755386,
      "tn" : 1756458755386512617,
      "q" : "2018.4",
      "p" : "0.4904",
      "s" : "sell",
      "i" : "ARB_USDT",
      "m" : "4611686018431771430"
    }, {
      "d" : "1756458751104703994",
      "t" : 1756458751104,
      "tn" : 1756458751104703993,
      "q" : "2.4",
      "p" : "0.4905",
      "s" : "buy",
      "i" : "ARB_USDT",
      "m" : "4611686018431771429"
    }, {
      "d" : "1756458751104703993",
      "t" : 1756458751104,
      "tn" : 1756458751104703993,
      "q" : "20.4",
      "p" : "0.4905",
      "s" : "buy",
      "i" : "ARB_USDT",
      "m" : "4611686018431771429"
    }, {
      "d" : "1756458742125956670",
      "t" : 1756458742125,
      "tn" : 1756458742125956669,
      "q" : "2.4",
      "p" : "0.4905",
      "s" : "buy",
      "i" : "ARB_USDT",
      "m" : "4611686018431771428"
    }, {
      "d" : "1756458742125956669",
      "t" : 1756458742125,
      "tn" : 1756458742125956669,
      "q" : "20.4",
      "p" : "0.4905",
      "s" : "buy",
      "i" : "ARB_USDT",
      "m" : "4611686018431771428"
    }, {
      "d" : "1756458729136365474",
      "t" : 1756458729136,
      "tn" : 1756458729136365474,
      "q" : "40.7",
      "p" : "0.4905",
      "s" : "sell",
      "i" : "ARB_USDT",
      "m" : "4611686018431771427"
    }, {
      "d" : "1756458729136356202",
      "t" : 1756458729136,
      "tn" : 1756458729136356202,
      "q" : "2.4",
      "p" : "0.4906",
      "s" : "sell",
      "i" : "ARB_USDT",
      "m" : "4611686018431771426"
    }, {
      "d" : "1756458725540752986",
      "t" : 1756458725540,
      "tn" : 1756458725540752986,
      "q" : "2.4",
      "p" : "0.4907",
      "s" : "sell",
      "i" : "ARB_USDT",
      "m" : "4611686018431771425"
    }, {
      "d" : "1756458718635936275",
      "t" : 1756458718635,
      "tn" : 1756458718635936275,
      "q" : "2.4",
      "p" : "0.4906",
      "s" : "sell",
      "i" : "ARB_USDT",
      "m" : "4611686018431771424"
    }, {
      "d" : "1756458715979028049",
      "t" : 1756458715979,
      "tn" : 1756458715979028049,
      "q" : "2025.1",
      "p" : "0.4906",
      "s" : "sell",
      "i" : "ARB_USDT",
      "m" : "4611686018431771423"
    }, {
      "d" : "1756458715979020248",
      "t" : 1756458715979,
      "tn" : 1756458715979020248,
      "q" : "2.4",
      "p" : "0.4907",
      "s" : "sell",
      "i" : "ARB_USDT",
      "m" : "4611686018431771422"
    }, {
      "d" : "1756458711738516830",
      "t" : 1756458711738,
      "tn" : 1756458711738516830,
      "q" : "2.4",
      "p" : "0.4907",
      "s" : "sell",
      "i" : "ARB_USDT",
      "m" : "4611686018431771421"
    }, {
      "d" : "1756458683687600022",
      "t" : 1756458683687,
      "tn" : 1756458683687600022,
      "q" : "2.4",
      "p" : "0.4897",
      "s" : "buy",
      "i" : "ARB_USDT",
      "m" : "4611686018431771420"
    }, {
      "d" : "1756458670308922684",
      "t" : 1756458670308,
      "tn" : 1756458670308922682,
      "q" : "932.7",
      "p" : "0.4896",
      "s" : "sell",
      "i" : "ARB_USDT",
      "m" : "4611686018431771419"
    }, {
      "d" : "1756458670308922683",
      "t" : 1756458670308,
      "tn" : 1756458670308922682,
      "q" : "2034.4",
      "p" : "0.4896",
      "s" : "sell",
      "i" : "ARB_USDT",
      "m" : "4611686018431771419"
    }, {
      "d" : "1756458670308922682",
      "t" : 1756458670308,
      "tn" : 1756458670308922682,
      "q" : "506.2",
      "p" : "0.4896",
      "s" : "sell",
      "i" : "ARB_USDT",
      "m" : "4611686018431771419"
    }, {
      "d" : "1756458670308918064",
      "t" : 1756458670308,
      "tn" : 1756458670308918064,
      "q" : "2.4",
      "p" : "0.4897",
      "s" : "sell",
      "i" : "ARB_USDT",
      "m" : "4611686018431771418"
    }, {
      "d" : "1756458642964401426",
      "t" : 1756458642964,
      "tn" : 1756458642964401424,
      "q" : "1069.8",
      "p" : "0.4888",
      "s" : "sell",
      "i" : "ARB_USDT",
      "m" : "4611686018431771417"
    }, {
      "d" : "1756458642964401425",
      "t" : 1756458642964,
      "tn" : 1756458642964401424,
      "q" : "2.4",
      "p" : "0.4888",
      "s" : "sell",
      "i" : "ARB_USDT",
      "m" : "4611686018431771417"
    }, {
      "d" : "1756458642964401424",
      "t" : 1756458642964,
      "tn" : 1756458642964401424,
      "q" : "127.8",
      "p" : "0.4888",
      "s" : "sell",
      "i" : "ARB_USDT",
      "m" : "4611686018431771417"
    }, {
      "d" : "1756458634921482674",
      "t" : 1756458634921,
      "tn" : 1756458634921482674,
      "q" : "2.4",
      "p" : "0.4887",
      "s" : "sell",
      "i" : "ARB_USDT",
      "m" : "4611686018431771416"
    }, {
      "d" : "1756458633354317636",
      "t" : 1756458633354,
      "tn" : 1756458633354317633,
      "q" : "2.4",
      "p" : "0.4888",
      "s" : "sell",
      "i" : "ARB_USDT",
      "m" : "4611686018431771415"
    }, {
      "d" : "1756458633354317635",
      "t" : 1756458633354,
      "tn" : 1756458633354317633,
      "q" : "2042.2",
      "p" : "0.4888",
      "s" : "sell",
      "i" : "ARB_USDT",
      "m" : "4611686018431771415"
    }, {
      "d" : "1756458633354317634",
      "t" : 1756458633354,
      "tn" : 1756458633354317633,
      "q" : "51.1",
      "p" : "0.4888",
      "s" : "sell",
      "i" : "ARB_USDT",
      "m" : "4611686018431771415"
    }, {
      "d" : "1756458633354317633",
      "t" : 1756458633354,
      "tn" : 1756458633354317633,
      "q" : "931.7",
      "p" : "0.4888",
      "s" : "sell",
      "i" : "ARB_USDT",
      "m" : "4611686018431771415"
    }, {
      "d" : "1756458612735951184",
      "t" : 1756458612735,
      "tn" : 1756458612735951184,
      "q" : "2.4",
      "p" : "0.4892",
      "s" : "sell",
      "i" : "ARB_USDT",
      "m" : "4611686018431771414"
    }, {
      "d" : "1756458597575049042",
      "t" : 1756458597575,
      "tn" : 1756458597575049041,
      "q" : "1049.0",
      "p" : "0.4892",
      "s" : "sell",
      "i" : "ARB_USDT",
      "m" : "4611686018431771413"
    }, {
      "d" : "1756458597575049041",
      "t" : 1756458597575,
      "tn" : 1756458597575049041,
      "q" : "51.0",
      "p" : "0.4892",
      "s" : "sell",
      "i" : "ARB_USDT",
      "m" : "4611686018431771413"
    }, {
      "d" : "1756458589688276787",
      "t" : 1756458589688,
      "tn" : 1756458589688276787,
      "q" : "2.3",
      "p" : "0.4893",
      "s" : "buy",
      "i" : "ARB_USDT",
      "m" : "4611686018431771412"
    }, {
      "d" : "1756458589419521719",
      "t" : 1756458589419,
      "tn" : 1756458589419521719,
      "q" : "2.4",
      "p" : "0.4893",
      "s" : "sell",
      "i" : "ARB_USDT",
      "m" : "4611686018431771411"
    }, {
      "d" : "1756458582892155034",
      "t" : 1756458582892,
      "tn" : 1756458582892155034,
      "q" : "2.4",
      "p" : "0.4896",
      "s" : "sell",
      "i" : "ARB_USDT",
      "m" : "4611686018431771410"
    }, {
      "d" : "1756458564036895183",
      "t" : 1756458564036,
      "tn" : 1756458564036895182,
      "q" : "1997.6",
      "p" : "0.4899",
      "s" : "sell",
      "i" : "ARB_USDT",
      "m" : "4611686018431771409"
    }, {
      "d" : "1756458564036895182",
      "t" : 1756458564036,
      "tn" : 1756458564036895182,
      "q" : "2.4",
      "p" : "0.4899",
      "s" : "sell",
      "i" : "ARB_USDT",
      "m" : "4611686018431771409"
    }, {
      "d" : "1756458563647506803",
      "t" : 1756458563647,
      "tn" : 1756458563647506802,
      "q" : "1038.8",
      "p" : "0.4899",
      "s" : "sell",
      "i" : "ARB_USDT",
      "m" : "4611686018431771408"
    }, {
      "d" : "1756458563647506802",
      "t" : 1756458563647,
      "tn" : 1756458563647506802,
      "q" : "61.2",
      "p" : "0.4899",
      "s" : "sell",
      "i" : "ARB_USDT",
      "m" : "4611686018431771408"
    }, {
      "d" : "1756458520566237690",
      "t" : 1756458520566,
      "tn" : 1756458520566237690,
      "q" : "100.0",
      "p" : "0.4895",
      "s" : "sell",
      "i" : "ARB_USDT",
      "m" : "4611686018431771407"
    }, {
      "d" : "1756458499252513991",
      "t" : 1756458499252,
      "tn" : 1756458499252513991,
      "q" : "2.4",
      "p" : "0.4893",
      "s" : "sell",
      "i" : "ARB_USDT",
      "m" : "4611686018431771406"
    }, {
      "d" : "1756458488936393230",
      "t" : 1756458488936,
      "tn" : 1756458488936393230,
      "q" : "2.4",
      "p" : "0.4891",
      "s" : "sell",
      "i" : "ARB_USDT",
      "m" : "4611686018431771405"
    } ]
  }
}