{
  "id" : -1,
  "method" : "public/get-trades",
  "code" : 0,
  "result" : {
    "data" : [ {
      "d" : "1756460185398470248",
      "t" : 1756460185398,
      "tn" : 1756460185398470248,
      "q" : "1",
      "p" : "0.4918",
      "s" : "buy",
      "i" : "ARBUSD-PERP",
      "m" : "4611686018429798416"
    }, {
      "d" : "1756460182139400255",
      "t" : 1756460182139,
      "tn" : 1756460182139400255,
      "q" : "1",
      "p" : "0.4914",
      "s" : "buy",
      "i" : "ARBUSD-PERP",
      "m" : "4611686018429798415"
    }, {
      "d" : "1756460173510084854",
      "t" : 1756460173510,
      "tn" : 1756460173510084854,
      "q" : "1",
      "p" : "0.4913",
      "s" : "sell",
      "i" : "ARBUSD-PERP",
      "m" : "4611686018429798414"
    }, {
      "d" : "1756460173510081977",
      "t" : 1756460173510,
      "tn" : 1756460173510081977,
      "q" : "1",
      "p" : "0.4914",
      "s" : "sell",
      "i" : "ARBUSD-PERP",
      "m" : "4611686018429798413"
    }, {
      "d" : "1756460100015534127",
      "t" : 1756460100015,
      "tn" : 1756460100015534127,
      "q" : "1",
      "p" : "0.4918",
      "s" : "buy",
      "i" : "ARBUSD-PERP",
      "m" : "4611686018429798412"
    }, {
      "d" : "1756459988366347943",
      "t" : 1756459988366,
      "tn" : 1756459988366347943,
      "q" : "1",
      "p" : "0.4919",
      "s" : "buy",
      "i" : "ARBUSD-PERP",
      "m" : "4611686018429798411"
    }, {
      "d" : "1756459911745173511",
      "t" : 1756459911745,
      "tn" : 1756459911745173511,
      "q" : "1",
      "p" : "0.4913",
      "s" : "buy",
      "i" : "ARBUSD-PERP",
      "m" : "4611686018429798410"
    }, {
      "d" : "1756459882744187562",
      "t" : 1756459882744,
      "tn" : 1756459882744187562,
      "q" : "1",
      "p" : "0.4921",
      "s" : "buy",
      "i" : "ARBUSD-PERP",
      "m" : "4611686018429798409"
    }, {
      "d" : "1756459878646363361",
      "t" : 1756459878646,
      "tn" : 1756459878646363360,
      "q" : "1",
      "p" : "0.4915",
      "s" : "buy",
      "i" : "ARBUSD-PERP",
      "m" : "4611686018429798408"
    }, {
      "d" : "1756459878646363360",
      "t" : 1756459878646,
      "tn" : 1756459878646363360,
      "q" : "342",
      "p" : "0.4915",
      "s" : "buy",
      "i" : "ARBUSD-PERP",
      "m" : "4611686018429798408"
    }, {
      "d" : "1756459877133746335",
      "t" : 1756459877133,
      "tn" : 1756459877133746335,
      "q" : "1",
      "p" : "0.4917",
      "s" : "sell",
      "i" : "ARBUSD-PERP",
      "m" : "4611686018429798407"
    }, {
      "d" : "1756459876458579279",
      "t" : 1756459876458,
      "tn" : 1756459876458579279,
      "q" : "1",
      "p" : "0.4918",
      "s" : "sell",
      "i" : "ARBUSD-PERP",
      "m" : "4611686018429798406"
    }, {
      "d" : "1756459873826368116",
      "t" : 1756459873826,
      "tn" : 1756459873826368115,
      "q" : "1",
      "p" : "0.4921",
      "s" : "sell",
      "i" : "ARBUSD-PERP",
      "m" : "4611686018429798405"
    }, {
      "d" : "1756459873826368115",
      "t" : 1756459873826,
      "tn" : 1756459873826368115,
      "q" : "1",
      "p" : "0.4921",
      "s" : "sell",
      "i" : "ARBUSD-PERP",
      "m" : "4611686018429798405"
    }, {
      "d" : "1756459507737759564",
      "t" : 1756459507737,
      "tn" : 1756459507737759564,
      "q" : "1",
      "p" : "0.4919",
      "s" : "sell",
      "i" : "ARBUSD-PERP",
      "m" : "4611686018429798404"
    }, {
      "d" : "1756459364790389814",
      "t" : 1756459364790,
      "tn" : 1756459364790389814,
      "q" : "1",
      "p" : "0.4933",
      "s" : "sell",
      "i" : "ARBUSD-PERP",
      "m" : "4611686018429798403"
    }, {
      "d" : "1756459340328954735",
      "t" : 1756459340328,
      "tn" : 1756459340328954735,
      "q" : "26",
      "p" : "0.4926",
      "s" : "sell",
      "i" : "ARBUSD-PERP",
      "m" : "4611686018429798402"
    }, {
      "d" : "1756459340328952999",
      "t" : 1756459340328,
      "tn" : 1756459340328952998,
      "q" : "1",
      "p" : "0.4927",
      "s" : "sell",
      "i" : "ARBUSD-PERP",
      "m" : "4611686018429798401"
    }, {
      "d" : "1756459340328952998",
      "t" : 1756459340328,
      "tn" : 1756459340328952998,
      "q" : "1",
      "p" : "0.4927",
      "s" : "sell",
      "i" : "ARBUSD-PERP",
      "m" : "4611686018429798401"
    }, {
      "d" : "1756459309718864497",
      "t" : 1756459309718,
      "tn" : 1756459309718864495,
      "q" : "405",
      "p" : "0.4931",
      "s" : "sell",
      "i" : "ARBUSD-PERP",
      "m" : "4611686018429798400"
    }, {
      "d" : "1756459309718864496",
      "t" : 1756459309718,
      "tn" : 1756459309718864495,
      "q" : "352",
      "p" : "0.4931",
      "s" : "sell",
      "i" : "ARBUSD-PERP",
      "m" : "4611686018429798400"
    }, {
      "d" : "1756459309718864495",
      "t" : 1756459309718,
      "tn" : 1756459309718864495,
      "q" : "50",
      "p" : "0.4931",
      "s" : "sell",
      "i" : "ARBUSD-PERP",
      "m" : "4611686018429798400"
    }, {
      "d" : "1756459309718654143",
      "t" : 1756459309718,
      "tn" : 1756459309718654140,
      "q" : "45",
      "p" : "0.4933",
      "s" : "sell",
      "i" : "ARBUSD-PERP",
      "m" : "4611686018429798399"
    }, {
      "d" : "1756459309718654142",
      "t" : 1756459309718,
      "tn" : 1756459309718654140,
      "q" : "253",
      "p" : "0.4933",
      "s" : "sell",
      "i" : "ARBUSD-PERP",
      "m" : "4611686018429798399"
    }, {
      "d" : "1756459309718654141",
      "t" : 1756459309718,
      "tn" : 1756459309718654140,
      "q" : "1",
      "p" : "0.4933",
      "s" : "sell",
      "i" : "ARBUSD-PERP",
      "m" : "4611686018429798399"
    }, {
      "d" : "1756459309718654140",
      "t" : 1756459309718,
      "tn" : 1756459309718654140,
      "q" : "1",
      "p" : "0.4933",
      "s" : "sell",
      "i" : "ARBUSD-PERP",
      "m" : "4611686018429798399"
    }, {
      "d" : "1756459240949479278",
      "t" : 1756459240949,
      "tn" : 1756459240949479278,
      "q" : "1",
      "p" : "0.4931",
      "s" : "buy",
      "i" : "ARBUSD-PERP",
      "m" : "4611686018429798398"
    }, {
      "d" : "1756459201051079650",
      "t" : 1756459201051,
      "tn" : 1756459201051079650,
      "q" : "1",
      "p" : "0.4929",
      "s" : "buy",
      "i" : "ARBUSD-PERP",
      "m" : "4611686018429798397"
    }, {
      "d" : "1756459183553930293",
      "t" : 1756459183553,
      "tn" : 1756459183553930293,
      "q" : "50",
      "p" : "0.4932",
      "s" : "buy",
      "i" : "ARBUSD-PERP",
      "m" : "4611686018429798396"
    }, {
      "d" : "1756459183551375271",
      "t" : 1756459183551,
      "tn" : 1756459183551375271,
      "q" : "1",
      "p" : "0.4931",
      "s" : "buy",
      "i" : "ARBUSD-PERP",
      "m" : "4611686018429798395"
    }, {
      "d" : "1756459183542662316",
      "t" : 1756459183542,
      "tn" : 1756459183542662316,
      "q" : "1",
      "p" : "0.4931",
      "s" : "buy",
      "i" : "ARBUSD-PERP",
      "m" : "4611686018429798394"
    }, {
      "d" : "1756459183539677618",
      "t" : 1756459183539,
      "tn" : 1756459183539677618,
      "q" : "50",
      "p" : "0.4930",
      "s" : "sell",
      "i" : "ARBUSD-PERP",
      "m" : "4611686018429798393"
    }, {
      "d" : "1756459158085450420",
      "t" : 1756459158085,
      "tn" : 1756459158085450420,
      "q" : "1",
      "p" : "0.4921",
      "s" : "buy",
      "i" : "ARBUSD-PERP",
      "m" : "4611686018429798392"
    }, {
      "d" : "1756459156650524378",
      "t" : 1756459156650,
      "tn" : 1756459156650524378,
      "q" : "1",
      "p" : "0.4920",
      "s" : "buy",
      "i" : "ARBUSD-PERP",
      "m" : "4611686018429798391"
    }, {
      "d" : "1756459154590414657",
      "t" : 1756459154590,
      "tn" : 1756459154590414657,
      "q" : "6",
      "p" : "0.4921",
      "s" : "buy",
      "i" : "ARBUSD-PERP",
      "m" : "4611686018429798390"
    }, {
      "d" : "1756459154590413178",
      "t" : 1756459154590,
      "tn" : 1756459154590413178,
      "q" : "347",
      "p" : "0.4920",
      "s" : "buy",
      "i" : "ARBUSD-PERP",
      "m" : "4611686018429798389"
    }, {
      "d" : "1756459154589701425",
      "t" : 1756459154589,
      "tn" : 1756459154589701425,
      "q" : "1",
      "p" : "0.4918",
      "s" : "buy",
      "i" : "ARBUSD-PERP",
      "m" : "4611686018429798388"
    }, {
      "d" : "1756459154589698486",
      "t" : 1756459154589,
      "tn" : 1756459154589698486,
      "q" : "1",
      "p" : "0.4916",
      "s" : "buy",
      "i" : "ARBUSD-PERP",
      "m" : "4611686018429798387"
    }, {
      "d" : "1756459120098791310",
      "t" : 1756459120098,
      "tn" : 1756459120098791308,
      "q" : "38",
      "p" : "0.4917",
      "s" : "sell",
      "i" : "ARBUSD-PERP",
      "m" : "4611686018429798386"
    }, {
      "d" : "1756459120098791309",
      "t" : 1756459120098,
      "tn" : 1756459120098791308,
      "q" : "1",
      "p" : "0.4917",
      "s" : "sell",
      "i" : "ARBUSD-PERP",
      "m" : "4611686018429798386"
    }, {
      "d" : "1756459120098791308",
      "t" : 1756459120098,
      "tn" : 1756459120098791308,
      "q" : "1",
      "p" : "0.4917",
      "s" : "sell",
      "i" : "ARBUSD-PERP",
      "m" : "4611686018429798386"
    }, {
      "d" : "1756459092067165705",
      "t" : 1756459092067,
      "tn" : 1756459092067165705,
      "q" : "1",
      "p" : "0.4917",
      "s" : "buy",
      "i" : "ARBUSD-PERP",
      "m" : "4611686018429798385"
    }, {
      "d" : "1756459092066669232",
      "t" : 1756459092066,
      "tn" : 1756459092066669232,
      "q" : "1",
      "p" : "0.4915",
      "s" : "buy",
      "i" : "ARBUSD-PERP",
      "m" : "4611686018429798384"
    }, {
      "d" : "1756458883378601268",
      "t" : 1756458883378,
      "tn" : 1756458883378601268,
      "q" : "1",
      "p" : "0.4902",
      "s" : "buy",
      "i" : "ARBUSD-PERP",
      "m" : "4611686018429798383"
    }, {
      "d" : "1756458878243614167",
      "t" : 1756458878243,
      "tn" : 1756458878243614166,
      "q" : "1",
      "p" : "0.4903",
      "s" : "sell",
      "i" : "ARBUSD-PERP",
      "m" : "4611686018429798382"
    }, {
      "d" : "1756458878243614166",
      "t" : 1756458878243,
      "tn" : 1756458878243614166,
      "q" : "1",
      "p" : "0.4903",
      "s" : "sell",
      "i" : "ARBUSD-PERP",
      "m" : "4611686018429798382"
    }, {
      "d" : "1756458877284602577",
      "t" : 1756458877284,
      "tn" : 1756458877284602576,
      "q" : "1",
      "p" : "0.4904",
      "s" : "sell",
      "i" : "ARBUSD-PERP",
      "m" : "4611686018429798381"
    }, {
      "d" : "1756458877284602576",
      "t" : 1756458877284,
      "tn" : 1756458877284602576,
      "q" : "1",
      "p" : "0.4904",
      "s" : "sell",
      "i" : "ARBUSD-PERP",
      "m" : "4611686018429798381"
    }, {
      "d" : "1756458821196061458",
      "t" : 1756458821196,
      "tn" : 1756458821196061457,
      "q" : "1",
      "p" : "0.4908",
      "s" : "sell",
      "i" : "ARBUSD-PERP",
      "m" : "4611686018429798380"
    }, {
      "d" : "1756458821196061457",
      "t" : 1756458821196,
      "tn" : 1756458821196061457,
      "q" : "1",
      "p" : "0.4908",
      "s" : "sell",
      "i" : "ARBUSD-PERP",
      "m" : "4611686018429798380"
    }, {
      "d" : "1756458690894381701",
      "t" : 1756458690894,
      "tn" : 1756458690894381701,
      "q" : "1",
      "p" : "0.4901",
      "s" : "buy",
      "i" : "ARBUSD-PERP",
      "m" : "4611686018429798379"
    }, {
      "d" : "1756458687206692684",
      "t" : 1756458687206,
      "tn" : 1756458687206692684,
      "q" : "1",
      "p" : "0.4899",
      "s" : "buy",
      "i" : "ARBUSD-PERP",
      "m" : "4611686018429798378"
    }, {
      "d" : "1756458680878760271",
      "t" : 1756458680878,
      "tn" : 1756458680878760271,
      "q" : "1",
      "p" : "0.4896",
      "s" : "buy",
      "i" : "ARBUSD-PERP",
      "m" : "4611686018429798377"
    }, {
      "d" : "1756458679984438054",
      "t" : 1756458679984,
      "tn" : 1756458679984438054,
      "q" : "1",
      "p" : "0.4895",
      "s" : "buy",
      "i" : "ARBUSD-PERP",
      "m" : "4611686018429798376"
    }, {
      "d" : "1756458675391063717",
      "t" : 1756458675391,
      "tn" : 1756458675391063717,
      "q" : "1",
      "p" : "0.4897",
      "s" : "sell",
      "i" : "ARBUSD-PERP",
      "m" : "4611686018429798375"
    }, {
      "d" : "1756458675326756913",
      "t" : 1756458675326,
      "tn" : 1756458675326756912,
      "q" : "1",
      "p" : "0.4898",
      "s" : "sell",
      "i" : "ARBUSD-PERP",
      "m" : "4611686018429798374"
    }, {
      "d" : "1756458675326756912",
      "t" : 1756458675326,
      "tn" : 1756458675326756912,
      "q" : "1",
      "p" : "0.4898",
      "s" : "sell",
      "i" : "ARBUSD-PERP",
      "m" : "4611686018429798374"
    }, {
      "d" : "1756458675050723298",
      "t" : 1756458675050,
      "tn" : 1756458675050723297,
      "q" : "1",
      "p" : "0.4900",
      "s" : "sell",
      "i" : "ARBUSD-PERP",
      "m" : "4611686018429798373"
    }, {
      "d" : "1756458675050723297",
      "t" : 1756458675050,
      "tn" : 1756458675050723297,
      "q" : "1",
      "p" : "0.4900",
      "s" : "sell",
      "i" : "ARBUSD-PERP",
      "m" : "4611686018429798373"
    }, {
      "d" : "1756458637696450796",
      "t" : 1756458637696,
      "tn" : 1756458637696450796,
      "q" : "1",
      "p" : "0.4887",
      "s" : "buy",
      "i" : "ARBUSD-PERP",
      "m" : "4611686018429798372"
    }, {
      "d" : "1756458632658643128",
      "t" : 1756458632658,
      "tn" : 1756458632658643128,
      "q" : "1",
      "p" : "0.4889",
      "s" : "buy",
      "i" : "ARBUSD-PERP",
      "m" : "4611686018429798371"
    }, {
      "d" : "1756458607752790230",
      "t" : 1756458607752,
      "tn" : 1756458607752790229,
      "q" : "1",
      "p" : "0.4892",
      "s" : "sell",
      "i" : "ARBUSD-PERP",
      "m" : "4611686018429798370"
    }, {
      "d" : "1756458607752790229",
      "t" : 1756458607752,
      "tn" : 1756458607752790229,
      "q" : "1",
      "p" : "0.4892",
      "s" : "sell",
      "i" : "ARBUSD-PERP",
      "m" : "4611686018429798370"
    }, {
      "d" : "1756458603524960484",
      "t" : 1756458603524,
      "tn" : 1756458603524960483,
      "q" : "1",
      "p" : "0.4893",
      "s" : "sell",
      "i" : "ARBUSD-PERP",
      "m" : "4611686018429798369"
    }, {
      "d" : "1756458603524960483",
      "t" : 1756458603524,
      "tn" : 1756458603524960483,
      "q" : "1",
      "p" : "0.4893",
      "s" : "sell",
      "i" : "ARBUSD-PERP",
      "m" : "4611686018429798369"
    }, {
      "d" : "1756458569995521585",
      "t" : 1756458569995,
      "tn" : 1756458569995521585,
      "q" : "1",
      "p" : "0.4895",
      "s" : "buy",
      "i" : "ARBUSD-PERP",
      "m" : "4611686018429798368"
    }, {
      "d" : "1756458566966450833",
      "t" : 1756458566966,
      "tn" : 1756458566966450832,
      "q" : "1",
      "p" : "0.4898",
      "s" : "sell",
      "i" : "ARBUSD-PERP",
      "m" : "4611686018429798367"
    }, {
      "d" : "1756458566966450832",
      "t" : 1756458566966,
      "tn" : 1756458566966450832,
      "q" : "1",
      "p" : "0.4898",
      "s" : "sell",
      "i" : "ARBUSD-PERP",
      "m" : "4611686018429798367"
    }, {
      "d" : "1756458468337278247",
      "t" : 1756458468337,
      "tn" : 1756458468337278247,
      "q" : "1",
      "p" : "0.4890",
      "s" : "buy",
      "i" : "ARBUSD-PERP",
      "m" : "4611686018429798366"
    }, {
      "d" : "1756458465728703452",
      "t" : 1756458465728,
      "tn" : 1756458465728703451,
      "q" : "1",
      "p" : "0.4890",
      "s" : "sell",
      "i" : "ARBUSD-PERP",
      "m" : "4611686018429798365"
    }, {
      "d" : "1756458465728703451",
      "t" : 1756458465728,
      "tn" : 1756458465728703451,
      "q" : "1",
      "p" : "0.4890",
      "s" : "sell",
      "i" : "ARBUSD-PERP",
      "m" : "4611686018429798365"
    }, {
      "d" : "1756458458158842299",
      "t" : 1756458458158,
      "tn" : 1756458458158842299,
      "q" : "1",
      "p" : "0.4894",
      "s" : "buy",
      "i" : "ARBUSD-PERP",
      "m" : "4611686018429798364"
    }, {
      "d" : "1756458443655232179",
      "t" : 1756458443655,
      "tn" : 1756458443655232178,
      "q" : "1",
      "p" : "0.4894",
      "s" : "sell",
      "i" : "ARBUSD-PERP",
      "m" : "4611686018429798363"
    }, {
      "d" : "1756458443655232178",
      "t" : 1756458443655,
      "tn" : 1756458443655232178,
      "q" : "1",
      "p" : "0.4894",
      "s" : "sell",
      "i" : "ARBUSD-PERP",
      "m" : "4611686018429798363"
    }, {
      "d" : "1756458434983472683",
      "t" : 1756458434983,
      "tn" : 1756458434983472683,
      "q" : "1",
      "p" : "0.4892",
      "s" : "buy",
      "i" : "ARBUSD-PERP",
      "m" : "4611686018429798362"
    }, {
      "d" : "1756458431254578666",
      "t" : 1756458431254,
      "tn" : 1756458431254578665,
      "q" : "1",
      "p" : "0.4893",
      "s" : "sell",
      "i" : "ARBUSD-PERP",
      "m" : "4611686018429798361"
    }, {
      "d" : "1756458431254578665",
      "t" : 1756458431254,
      "tn" : 1756458431254578665,
      "q" : "1",
      "p" : "0.4893",
      "s" : "sell",
      "i" : "ARBUSD-PERP",
      "m" : "4611686018429798361"
    }, {
      "d" : "1756458417131336456",
      "t" : 1756458417131,
      "tn" : 1756458417131336456,
      "q" : "1",
      "p" : "0.4895",
      "s" : "buy",
      "i" : "ARBUSD-PERP",
      "m" : "4611686018429798360"
    }, {
      "d" : "1756458413139774164",
      "t" : 1756458413139,
      "tn" : 1756458413139774163,
      "q" : "1",
      "p" : "0.4894",
      "s" : "sell",
      "i" : "ARBUSD-PERP",
      "m" : "4611686018429798359"
    }, {
      "d" : "1756458413139774163",
      "t" : 1756458413139,
      "tn" : 1756458413139774163,
      "q" : "1",
      "p" : "0.4894",
      "s" : "sell",
      "i" : "ARBUSD-PERP",
      "m" : "4611686018429798359"
    }, {
      "d" : "1756458369504218948",
      "t" : 1756458369504,
      "tn" : 1756458369504218947,
      "q" : "1",
      "p" : "0.4894",
      "s" : "sell",
      "i" : "ARBUSD-PERP",
      "m" : "4611686018429798358"
    }, {
      "d" : "1756458369504218947",
      "t" : 1756458369504,
      "tn" : 1756458369504218947,
      "q" : "1",
      "p" : "0.4894",
      "s" : "sell",
      "i" : "ARBUSD-PERP",
      "m" : "4611686018429798358"
    }, {
      "d" : "1756458369314375131",
      "t" : 1756458369314,
      "tn" : 1756458369314375130,
      "q" : "1",
      "p" : "0.4895",
      "s" : "sell",
      "i" : "ARBUSD-PERP",
      "m" : "4611686018429798357"
    }, {
      "d" : "1756458369314375130",
      "t" : 1756458369314,
      "tn" : 1756458369314375130,
      "q" : "1",
      "p" : "0.4895",
      "s" : "sell",
      "i" : "ARBUSD-PERP",
      "m" : "4611686018429798357"
    }, {
      "d" : "1756458345429367241",
      "t" : 1756458345429,
      "tn" : 1756458345429367241,
      "q" : "1",
      "p" : "0.4901",
      "s" : "buy",
      "i" : "ARBUSD-PERP",
      "m" : "4611686018429798356"
    }, {
      "d" : "1756458305980856295",
      "t" : 1756458305980,
      "tn" : 1756458305980856294,
      "q" : "1",
      "p" : "0.4893",
      "s" : "buy",
      "i" : "ARBUSD-PERP",
      "m" : "4611686018429798355"
    }, {
      "d" : "1756458305980856294",
      "t" : 1756458305980,
      "tn" : 1756458305980856294,
      "q" : "50",
      "p" : "0.4893",
      "s" : "buy",
      "i" : "ARBUSD-PERP",
      "m" : "4611686018429798355"
    }, {
      "d" : "1756458295687345177",
      "t" : 1756458295687,
      "tn" : 1756458295687345177,
      "q" : "1",
      "p" : "0.4885",
      "s" : "buy",
      "i" : "ARBUSD-PERP",
      "m" : "4611686018429798354"
    }, {
      "d" : "1756458294986846796",
      "t" : 1756458294986,
      "tn" : 1756458294986846796,
      "q" : "1",
      "p" : "0.4884",
      "s" : "buy",
      "i" : "ARBUSD-PERP",
      "m" : "4611686018429798353"
    }, {
      "d" : "1756458288251939808",
      "t" : 1756458288251,
      "tn" : 1756458288251939808,
      "q" : "1",
      "p" : "0.4884",
      "s" : "buy",
      "i" : "ARBUSD-PERP",
      "m" : "4611686018429798352"
    }, {
      "d" : "1756458286020871196",
      "t" : 1756458286020,
      "tn" : 1756458286020871195,
      "q" : "1",
      "p" : "0.4884",
      "s" : "sell",
      "i" : "ARBUSD-PERP",
      "m" : "4611686018429798351"
    }, {
      "d" : "1756458286020871195",
      "t" : 1756458286020,
      "tn" : 1756458286020871195,
      "q" : "1",
      "p" : "0.4884",
      "s" : "sell",
      "i" : "ARBUSD-PERP",
      "m" : "4611686018429798351"
    }, {
      "d" : "1756458278733153240",
      "t" : 1756458278733,
      "tn" : 1756458278733153240,
      "q" : "1",
      "p" : "0.4884",
      "s" : "buy",
      "i" : "ARBUSD-PERP",
      "m" : "4611686018429798350"
    }, {
      "d" : "1756458276280256835",
      "t" : 1756458276280,
      "tn" : 1756458276280256833,
      "q" : "1",
      "p" : "0.4884",
      "s" : "sell",
      "i" : "ARBUSD-PERP",
      "m" : "4611686018429798349"
    }, {
      "d" : "1756458276280256834",
      "t" : 1756458276280,
      "tn" : 1756458276280256833,
      "q" : "1",
      "p" : "0.4884",
      "s" : "sell",
      "i" : "ARBUSD-PERP",
      "m" : "4611686018429798349"
    }, {
      "d" : "1756458276280256833",
      "t" : 1756458276280,
      "tn" : 1756458276280256833,
      "q" : "50",
      "p" : "0.4884",
      "s" : "sell",
      "i" : "ARBUSD-PERP",
      "m" : "4611686018429798349"
    }, {
      "d" : "1756458262852904202",
      "t" : 1756458262852,
      "tn" : 1756458262852904202,
      "q" : "1",
      "p" : "0.4888",
      "s" : "buy",
      "i" : "ARBUSD-PERP",
      "m" : "4611686018429798348"
    }, {
      "d" : "1756458262102941069",
      "t" : 1756458262102,
      "tn" : 1756458262102941069,
      "q" : "1",
      "p" : "0.4887",
      "s" : "buy",
      "i" : "ARBUSD-PERP",
      "m" : "4611686018429798347"
    }, {
      "d" : "1756458258153289307",
      "t" : 1756458258153,
      "tn" : 1756458258153289307,
      "q" : "1",
      "p" : "0.4886",
      "s" : "buy",
      "i" : "ARBUSD-PERP",
      "m" : "4611686018429798346"
    }, {
      "d" : "1756458249106452650",
      "t" : 1756458249106,
      "tn" : 1756458249106452650,
      "q" : "1",
      "p" : "0.4891",
      "s" : "buy",
      "i" : "ARBUSD-PERP",
      "m" : "4611686018429798345"
    }, {
      "d" : "1756458246360218165",
      "t" : 1756458246360,
      "tn" : 1756458246360218165,
      "q" : "50",
      "p" : "0.4896",
      "s" : "buy",
      "i" : "ARBUSD-PERP",
      "m" : "4611686018429798344"
    }, {
      "d" : "1756458243423438388",
      "t" : 1756458243423,
      "tn" : 1756458243423438388,
      "q" : "1",
      "p" : "0.4888",
      "s" : "buy",
      "i" : "ARBUSD-PERP",
      "m" : "4611686018429798343"
    }, {
      "d" : "1756458233528402112",
      "t" : 1756458233528,
      "tn" : 1756458233528402111,
      "q" : "1",
      "p" : "0.4886",
      "s" : "sell",
      "i" : "ARBUSD-PERP",
      "m" : "4611686018429798342"
    }, {
      "d" : "1756458233528402111",
      "t" : 1756458233528,
      "tn" : 1756458233528402111,
      "q" : "1",
      "p" : "0.4886",
      "s" : "sell",
      "i" : "ARBUSD-PERP",
      "m" : "4611686018429798342"
    }, {
      "d" : "1756458229019664385",
      "t" : 1756458229019,
      "tn" : 1756458229019664384,
      "q" : "1",
      "p" : "0.4888",
      "s" : "sell",
      "i" : "ARBUSD-PERP",
      "m" : "4611686018429798341"
    }, {
      "d" : "1756458229019664384",
      "t" : 1756458229019,
      "tn" : 1756458229019664384,
      "q" : "1",
      "p" : "0.4888",
      "s" : "sell",
      "i" : "ARBUSD-PERP",
      "m" : "4611686018429798341"
    }, {
      "d" : "1756458223503424395",
      "t" : 1756458223503,
      "tn" : 1756458223503424395,
      "q" : "1",
      "p" : "0.4884",
      "s" : "buy",
      "i" : "ARBUSD-PERP",
      "m" : "4611686018429798340"
    }, {
      "d" : "1756458215316764376",
      "t" : 1756458215316,
      "tn" : 1756458215316764376,
      "q" : "1",
      "p" : "0.4886",
      "s" : "buy",
      "i" : "ARBUSD-PERP",
      "m" : "4611686018429798339"
    }, {
      "d" : "1756458207408974878",
      "t" : 1756458207408,
      "tn" : 1756458207408974878,
      "q" : "49",
      "p" : "0.4884",
      "s" : "buy",
      "i" : "ARBUSD-PERP",
      "m" : "4611686018429798338"
    }, {
      "d" : "1756458207408972709",
      "t" : 1756458207408,
      "tn" : 1756458207408972709,
      "q" : "1",
      "p" : "0.4883",
      "s" : "buy",
      "i" : "ARBUSD-PERP",
      "m" : "4611686018429798337"
    }, {
      "d" : "1756458205833070887",
      "t" : 1756458205833,
      "tn" : 1756458205833070887,
      "q" : "1",
      "p" : "0.4879",
      "s" : "buy",
      "i" : "ARBUSD-PERP",
      "m" : "4611686018429798336"
    }, {
      "d" : "1756458205128644800",
      "t" : 1756458205128,
      "tn" : 1756458205128644800,
      "q" : "1",
      "p" : "0.4879",
      "s" : "sell",
      "i" : "ARBUSD-PERP",
      "m" : "4611686018429798335"
    }, {
      "d" : "1756458205047568753",
      "t" : 1756458205047,
      "tn" : 1756458205047568752,
      "q" : "1",
      "p" : "0.4880",
      "s" : "sell",
      "i" : "ARBUSD-PERP",
      "m" : "4611686018429798334"
    }, {
      "d" : "1756458205047568752",
      "t" : 1756458205047,
      "tn" : 1756458205047568752,
      "q" : "1",
      "p" : "0.4880",
      "s" : "sell",
      "i" : "ARBUSD-PERP",
      "m" : "4611686018429798334"
    }, {
      "d" : "1756458204930403408",
      "t" : 1756458204930,
      "tn" : 1756458204930403407,
      "q" : "1",
      "p" : "0.4881",
      "s" : "sell",
      "i" : "ARBUSD-PERP",
      "m" : "4611686018429798333"
    }, {
      "d" : "1756458204930403407",
      "t" : 1756458204930,
      "tn" : 1756458204930403407,
      "q" : "1",
      "p" : "0.4881",
      "s" : "sell",
      "i" : "ARBUSD-PERP",
      "m" : "4611686018429798333"
    }, {
      "d" : "1756458204133194550",
      "t" : 1756458204133,
      "tn" : 1756458204133194550,
      "q" : "1",
      "p" : "0.4881",
      "s" : "buy",
      "i" : "ARBUSD-PERP",
      "m" : "4611686018429798332"
    }, {
      "d" : "1756458203653399340",
      "t" : 1756458203653,
      "tn" : 1756458203653399340,
      "q" : "1",
      "p" : "0.4880",
      "s" : "buy",
      "i" : "ARBUSD-PERP",
      "m" : "4611686018429798331"
    }, {
      "d" : "1756458201900103948",
      "t" : 1756458201900,
      "tn" : 1756458201900103948,
      "q" : "1",
      "p" : "0.4878",
      "s" : "buy",
      "i" : "ARBUSD-PERP",
      "m" : "4611686018429798330"
    }, {
      "d" : "1756458195826756348",
      "t" : 1756458195826,
      "tn" : 1756458195826756348,
      "q" : "1",
      "p" : "0.4887",
      "s" : "buy",
      "i" : "ARBUSD-PERP",
      "m" : "4611686018429798329"
    }, {
      "d" : "1756458188707515525",
      "t" : 1756458188707,
      "tn" : 1756458188707515525,
      "q" : "1",
      "p" : "0.4883",
      "s" : "buy",
      "i" : "ARBUSD-PERP",
      "m" : "4611686018429798328"
    }, {
      "d" : "1756458185377130365",
      "t" : 1756458185377,
      "tn" : 1756458185377130364,
      "q" : "1",
      "p" : "0.4877",
      "s" : "sell",
      "i" : "ARBUSD-PERP",
      "m" : "4611686018429798327"
    }, {
      "d" : "1756458185377130364",
      "t" : 1756458185377,
      "tn" : 1756458185377130364,
      "q" : "1",
      "p" : "0.4877",
      "s" : "sell",
      "i" : "ARBUSD-PERP",
      "m" : "4611686018429798327"
    }, {
      "d" : "1756458181637319827",
      "t" : 1756458181637,
      "tn" : 1756458181637319827,
      "q" : "1",
      "p" : "0.4879",
      "s" : "sell",
      "i" : "ARBUSD-PERP",
      "m" : "4611686018429798326"
    }, {
      "d" : "1756458181228526201",
      "t" : 1756458181228,
      "tn" : 1756458181228526201,
      "q" : "1",
      "p" : "0.4877",
      "s" : "buy",
      "i" : "ARBUSD-PERP",
      "m" : "4611686018429798325"
    }, {
      "d" : "1756458179132365312",
      "t" : 1756458179132,
      "tn" : 1756458179132365311,
      "q" : "1",
      "p" : "0.4882",
      "s" : "sell",
      "i" : "ARBUSD-PERP",
      "m" : "4611686018429798324"
    }, {
      "d" : "1756458179132365311",
      "t" : 1756458179132,
      "tn" : 1756458179132365311,
      "q" : "1",
      "p" : "0.4882",
      "s" : "sell",
      "i" : "ARBUSD-PERP",
      "m" : "4611686018429798324"
    }, {
      "d" : "1756458177823099835",
      "t" : 1756458177823,
      "tn" : 1756458177823099834,
      "q" : "1",
      "p" : "0.4882",
      "s" : "sell",
      "i" : "ARBUSD-PERP",
      "m" : "4611686018429798323"
    }, {
      "d" : "1756458177823099834",
      "t" : 1756458177823,
      "tn" : 1756458177823099834,
      "q" : "1",
      "p" : "0.4882",
      "s" : "sell",
      "i" : "ARBUSD-PERP",
      "m" : "4611686018429798323"
    }, {
      "d" : "1756458177711150630",
      "t" : 1756458177711,
      "tn" : 1756458177711150630,
      "q" : "46",
      "p" : "0.4883",
      "s" : "sell",
      "i" : "ARBUSD-PERP",
      "m" : "4611686018429798322"
    }, {
      "d" : "1756458177706808950",
      "t" : 1756458177706,
      "tn" : 1756458177706808949,
      "q" : "1",
      "p" : "0.4884",
      "s" : "sell",
      "i" : "ARBUSD-PERP",
      "m" : "4611686018429798321"
    }, {
      "d" : "1756458177706808949",
      "t" : 1756458177706,
      "tn" : 1756458177706808949,
      "q" : "1",
      "p" : "0.4884",
      "s" : "sell",
      "i" : "ARBUSD-PERP",
      "m" : "4611686018429798321"
    }, {
      "d" : "1756458177590976528",
      "t" : 1756458177590,
      "tn" : 1756458177590976527,
      "q" : "1",
      "p" : "0.4885",
      "s" : "sell",
      "i" : "ARBUSD-PERP",
      "m" : "4611686018429798320"
    }, {
      "d" : "1756458177590976527",
      "t" : 1756458177590,
      "tn" : 1756458177590976527,
      "q" : "1",
      "p" : "0.4885",
      "s" : "sell",
      "i" : "ARBUSD-PERP",
      "m" : "4611686018429798320"
    }, {
      "d" : "1756458176819664818",
      "t" : 1756458176819,
      "tn" : 1756458176819664818,
      "q" : "1",
      "p" : "0.4886",
      "s" : "sell",
      "i" : "ARBUSD-PERP",
      "m" : "4611686018429798319"
    }, {
      "d" : "1756458176731399580",
      "t" : 1756458176731,
      "tn" : 1756458176731399579,
      "q" : "1",
      "p" : "0.4886",
      "s" : "sell",
      "i" : "ARBUSD-PERP",
      "m" : "4611686018429798318"
    }, {
      "d" : "1756458176731399579",
      "t" : 1756458176731,
      "tn" : 1756458176731399579,
      "q" : "1",
      "p" : "0.4886",
      "s" : "sell",
      "i" : "ARBUSD-PERP",
      "m" : "4611686018429798318"
    }, {
      "d" : "1756458155961249338",
      "t" : 1756458155961,
      "tn" : 1756458155961249337,
      "q" : "1",
      "p" : "0.4893",
      "s" : "sell",
      "i" : "ARBUSD-PERP",
      "m" : "4611686018429798317"
    }, {
      "d" : "1756458155961249337",
      "t" : 1756458155961,
      "tn" : 1756458155961249337,
      "q" : "1",
      "p" : "0.4893",
      "s" : "sell",
      "i" : "ARBUSD-PERP",
      "m" : "4611686018429798317"
    }, {
      "d" : "1756458153915782703",
      "t" : 1756458153915,
      "tn" : 1756458153915782702,
      "q" : "1",
      "p" : "0.4891",
      "s" : "sell",
      "i" : "ARBUSD-PERP",
      "m" : "4611686018429798316"
    }, {
      "d" : "1756458153915782702",
      "t" : 1756458153915,
      "tn" : 1756458153915782702,
      "q" : "1",
      "p" : "0.4891",
      "s" : "sell",
      "i" : "ARBUSD-PERP",
      "m" : "4611686018429798316"
    }, {
      "d" : "1756458144836297880",
      "t" : 1756458144836,
      "tn" : 1756458144836297879,
      "q" : "1",
      "p" : "0.4895",
      "s" : "sell",
      "i" : "ARBUSD-PERP",
      "m" : "4611686018429798315"
    }, {
      "d" : "1756458144836297879",
      "t" : 1756458144836,
      "tn" : 1756458144836297879,
      "q" : "1",
      "p" : "0.4895",
      "s" : "sell",
      "i" : "ARBUSD-PERP",
      "m" : "4611686018429798315"
    }, {
      "d" : "1756458144632785907",
      "t" : 1756458144632,
      "tn" : 1756458144632785906,
      "q" : "1",
      "p" : "0.4896",
      "s" : "sell",
      "i" : "ARBUSD-PERP",
      "m" : "4611686018429798314"
    }, {
      "d" : "1756458144632785906",
      "t" : 1756458144632,
      "tn" : 1756458144632785906,
      "q" : "1",
      "p" : "0.4896",
      "s" : "sell",
      "i" : "ARBUSD-PERP",
      "m" : "4611686018429798314"
    }, {
      "d" : "1756458141559868071",
      "t" : 1756458141559,
      "tn" : 1756458141559868070,
      "q" : "1",
      "p" : "0.4895",
      "s" : "sell",
      "i" : "ARBUSD-PERP",
      "m" : "4611686018429798313"
    }, {
      "d" : "1756458141559868070",
      "t" : 1756458141559,
      "tn" : 1756458141559868070,
      "q" : "1",
      "p" : "0.4895",
      "s" : "sell",
      "i" : "ARBUSD-PERP",
      "m" : "4611686018429798313"
    }, {
      "d" : "1756458141375174696",
      "t" : 1756458141375,
      "tn" : 1756458141375174695,
      "q" : "1",
      "p" : "0.4896",
      "s" : "sell",
      "i" : "ARBUSD-PERP",
      "m" : "4611686018429798312"
    }, {
      "d" : "1756458141375174695",
      "t" : 1756458141375,
      "tn" : 1756458141375174695,
      "q" : "1",
      "p" : "0.4896",
      "s" : "sell",
      "i" : "ARBUSD-PERP",
      "m" : "4611686018429798312"
    }, {
      "d" : "1756458141232087714",
      "t" : 1756458141232,
      "tn" : 1756458141232087713,
      "q" : "1",
      "p" : "0.4897",
      "s" : "sell",
      "i" : "ARBUSD-PERP",
      "m" : "4611686018429798311"
    } ]
  }
}