{
  "id" : -1,
  "method" : "public/get-trades",
  "code" : 0,
  "result" : {
    "data" : [ {
      "d" : "1756454334223727416",
      "t" : 1756454334223,
      "tn" : 1756454334223727416,
      "q" : "0.1",
      "p" : "0.43866",
      "s" : "sell",
      "i" : "ARK_USD",
      "m" : "4611686018428847677"
    }, {
      "d" : "1756454334223725201",
      "t" : 1756454334223,
      "tn" : 1756454334223725201,
      "q" : "30.9",
      "p" : "0.43995",
      "s" : "sell",
      "i" : "ARK_USD",
      "m" : "4611686018428847676"
    }, {
      "d" : "1756454331055017971",
      "t" : 1756454331055,
      "tn" : 1756454331055017971,
      "q" : "34.0",
      "p" : "0.43995",
      "s" : "sell",
      "i" : "ARK_USD",
      "m" : "4611686018428847675"
    }, {
      "d" : "1756452269079627719",
      "t" : 1756452269079,
      "tn" : 1756452269079627719,
      "q" : "7.1",
      "p" : "0.44134",
      "s" : "sell",
      "i" : "ARK_USD",
      "m" : "4611686018428847674"
    }, {
      "d" : "1756452269079625363",
      "t" : 1756452269079,
      "tn" : 1756452269079625363,
      "q" : "26.9",
      "p" : "0.44135",
      "s" : "sell",
      "i" : "ARK_USD",
      "m" : "4611686018428847673"
    }, {
      "d" : "1756450894070695072",
      "t" : 1756450894070,
      "tn" : 1756450894070695072,
      "q" : "16.1",
      "p" : "0.44724",
      "s" : "sell",
      "i" : "ARK_USD",
      "m" : "4611686018428847672"
    }, {
      "d" : "1756450893970153759",
      "t" : 1756450893970,
      "tn" : 1756450893970153759,
      "q" : "8.7",
      "p" : "0.44724",
      "s" : "sell",
      "i" : "ARK_USD",
      "m" : "4611686018428847671"
    }, {
      "d" : "1756440421038542512",
      "t" : 1756440421038,
      "tn" : 1756440421038542512,
      "q" : "33.0",
      "p" : "0.45463",
      "s" : "sell",
      "i" : "ARK_USD",
      "m" : "4611686018428847670"
    }, {
      "d" : "1756439965955004994",
      "t" : 1756439965955,
      "tn" : 1756439965955004994,
      "q" : "33.0",
      "p" : "0.45484",
      "s" : "sell",
      "i" : "ARK_USD",
      "m" : "4611686018428847669"
    }, {
      "d" : "1756411824467641057",
      "t" : 1756411824467,
      "tn" : 1756411824467641057,
      "q" : "5.3",
      "p" : "0.45310",
      "s" : "sell",
      "i" : "ARK_USD",
      "m" : "4611686018428847668"
    }, {
      "d" : "1756411196638249879",
      "t" : 1756411196638,
      "tn" : 1756411196638249879,
      "q" : "4.7",
      "p" : "0.45340",
      "s" : "sell",
      "i" : "ARK_USD",
      "m" : "4611686018428847667"
    }, {
      "d" : "1756408489910090221",
      "t" : 1756408489910,
      "tn" : 1756408489910090221,
      "q" : "26.2",
      "p" : "0.45778",
      "s" : "sell",
      "i" : "ARK_USD",
      "m" : "4611686018428847666"
    }, {
      "d" : "1756408324858624410",
      "t" : 1756408324858,
      "tn" : 1756408324858624410,
      "q" : "859.3",
      "p" : "0.45845",
      "s" : "buy",
      "i" : "ARK_USD",
      "m" : "4611686018428847665"
    }, {
      "d" : "1756400297839062552",
      "t" : 1756400297839,
      "tn" : 1756400297839062552,
      "q" : "33.0",
      "p" : "0.45413",
      "s" : "sell",
      "i" : "ARK_USD",
      "m" : "4611686018428847664"
    }, {
      "d" : "1756400110237162703",
      "t" : 1756400110237,
      "tn" : 1756400110237162703,
      "q" : "32.9",
      "p" : "0.45563",
      "s" : "sell",
      "i" : "ARK_USD",
      "m" : "4611686018428847663"
    }, {
      "d" : "1756397085892391626",
      "t" : 1756397085892,
      "tn" : 1756397085892391626,
      "q" : "500.2",
      "p" : "0.45731",
      "s" : "buy",
      "i" : "ARK_USD",
      "m" : "4611686018428847662"
    }, {
      "d" : "1756397085231010800",
      "t" : 1756397085231,
      "tn" : 1756397085231010800,
      "q" : "500.2",
      "p" : "0.45741",
      "s" : "buy",
      "i" : "ARK_USD",
      "m" : "4611686018428847661"
    }, {
      "d" : "1756397084613797059",
      "t" : 1756397084613,
      "tn" : 1756397084613797059,
      "q" : "500.2",
      "p" : "0.45640",
      "s" : "buy",
      "i" : "ARK_USD",
      "m" : "4611686018428847660"
    }, {
      "d" : "1756397084054051966",
      "t" : 1756397084054,
      "tn" : 1756397084054051966,
      "q" : "468.8",
      "p" : "0.45664",
      "s" : "buy",
      "i" : "ARK_USD",
      "m" : "4611686018428847659"
    }, {
      "d" : "1756397084054049839",
      "t" : 1756397084054,
      "tn" : 1756397084054049839,
      "q" : "31.4",
      "p" : "0.45640",
      "s" : "buy",
      "i" : "ARK_USD",
      "m" : "4611686018428847658"
    }, {
      "d" : "1756397083444568103",
      "t" : 1756397083444,
      "tn" : 1756397083444568103,
      "q" : "500.2",
      "p" : "0.45640",
      "s" : "buy",
      "i" : "ARK_USD",
      "m" : "4611686018428847657"
    }, {
      "d" : "1756397082821393080",
      "t" : 1756397082821,
      "tn" : 1756397082821393080,
      "q" : "500.2",
      "p" : "0.45640",
      "s" : "buy",
      "i" : "ARK_USD",
      "m" : "4611686018428847656"
    }, {
      "d" : "1756397082212087790",
      "t" : 1756397082212,
      "tn" : 1756397082212087790,
      "q" : "500.2",
      "p" : "0.45640",
      "s" : "buy",
      "i" : "ARK_USD",
      "m" : "4611686018428847655"
    }, {
      "d" : "1756397081648717793",
      "t" : 1756397081648,
      "tn" : 1756397081648717793,
      "q" : "500.2",
      "p" : "0.45650",
      "s" : "buy",
      "i" : "ARK_USD",
      "m" : "4611686018428847654"
    }, {
      "d" : "1756396939531370896",
      "t" : 1756396939531,
      "tn" : 1756396939531370896,
      "q" : "196.4",
      "p" : "0.45580",
      "s" : "buy",
      "i" : "ARK_USD",
      "m" : "4611686018428847653"
    }, {
      "d" : "1756396939531368271",
      "t" : 1756396939531,
      "tn" : 1756396939531368271,
      "q" : "12.7",
      "p" : "0.45579",
      "s" : "buy",
      "i" : "ARK_USD",
      "m" : "4611686018428847652"
    }, {
      "d" : "1756387696934137856",
      "t" : 1756387696934,
      "tn" : 1756387696934137856,
      "q" : "100.3",
      "p" : "0.45865",
      "s" : "buy",
      "i" : "ARK_USD",
      "m" : "4611686018428847651"
    } ]
  }
}