{
  "id" : -1,
  "method" : "public/get-trades",
  "code" : 0,
  "result" : {
    "data" : [ {
      "d" : "1756460140961216335",
      "t" : 1756460140961,
      "tn" : 1756460140961216335,
      "q" : "2.4",
      "p" : "0.4866",
      "s" : "buy",
      "i" : "ARKM_USD",
      "m" : "4611686018429607071"
    }, {
      "d" : "1756460135878671759",
      "t" : 1756460135878,
      "tn" : 1756460135878671759,
      "q" : "2.4",
      "p" : "0.4866",
      "s" : "buy",
      "i" : "ARKM_USD",
      "m" : "4611686018429607070"
    }, {
      "d" : "1756460041520157048",
      "t" : 1756460041520,
      "tn" : 1756460041520157048,
      "q" : "2.4",
      "p" : "0.4866",
      "s" : "buy",
      "i" : "ARKM_USD",
      "m" : "4611686018429607069"
    }, {
      "d" : "1756460018945710929",
      "t" : 1756460018945,
      "tn" : 1756460018945710929,
      "q" : "2.4",
      "p" : "0.4866",
      "s" : "buy",
      "i" : "ARKM_USD",
      "m" : "4611686018429607068"
    }, {
      "d" : "1756459979519472073",
      "t" : 1756459979519,
      "tn" : 1756459979519472073,
      "q" : "2.4",
      "p" : "0.4866",
      "s" : "buy",
      "i" : "ARKM_USD",
      "m" : "4611686018429607067"
    }, {
      "d" : "1756459979081657842",
      "t" : 1756459979081,
      "tn" : 1756459979081657842,
      "q" : "2.4",
      "p" : "0.4866",
      "s" : "buy",
      "i" : "ARKM_USD",
      "m" : "4611686018429607066"
    }, {
      "d" : "1756459978602233439",
      "t" : 1756459978602,
      "tn" : 1756459978602233439,
      "q" : "2.4",
      "p" : "0.4866",
      "s" : "buy",
      "i" : "ARKM_USD",
      "m" : "4611686018429607065"
    }, {
      "d" : "1756459978336698191",
      "t" : 1756459978336,
      "tn" : 1756459978336698191,
      "q" : "2.4",
      "p" : "0.4866",
      "s" : "buy",
      "i" : "ARKM_USD",
      "m" : "4611686018429607064"
    }, {
      "d" : "1756459978085944319",
      "t" : 1756459978085,
      "tn" : 1756459978085944319,
      "q" : "2.4",
      "p" : "0.4866",
      "s" : "buy",
      "i" : "ARKM_USD",
      "m" : "4611686018429607063"
    }, {
      "d" : "1756459977705227662",
      "t" : 1756459977705,
      "tn" : 1756459977705227662,
      "q" : "2.4",
      "p" : "0.4866",
      "s" : "buy",
      "i" : "ARKM_USD",
      "m" : "4611686018429607062"
    }, {
      "d" : "1756459977454349672",
      "t" : 1756459977454,
      "tn" : 1756459977454349672,
      "q" : "2.4",
      "p" : "0.4866",
      "s" : "buy",
      "i" : "ARKM_USD",
      "m" : "4611686018429607061"
    }, {
      "d" : "1756459827374429480",
      "t" : 1756459827374,
      "tn" : 1756459827374429480,
      "q" : "2.4",
      "p" : "0.4876",
      "s" : "buy",
      "i" : "ARKM_USD",
      "m" : "4611686018429607060"
    }, {
      "d" : "1756459826843064542",
      "t" : 1756459826843,
      "tn" : 1756459826843064542,
      "q" : "2.4",
      "p" : "0.4876",
      "s" : "buy",
      "i" : "ARKM_USD",
      "m" : "4611686018429607059"
    }, {
      "d" : "1756459826329079703",
      "t" : 1756459826329,
      "tn" : 1756459826329079703,
      "q" : "2.4",
      "p" : "0.4876",
      "s" : "buy",
      "i" : "ARKM_USD",
      "m" : "4611686018429607058"
    }, {
      "d" : "1756459776823112542",
      "t" : 1756459776823,
      "tn" : 1756459776823112542,
      "q" : "2.4",
      "p" : "0.4876",
      "s" : "buy",
      "i" : "ARKM_USD",
      "m" : "4611686018429607057"
    }, {
      "d" : "1756459776572224894",
      "t" : 1756459776572,
      "tn" : 1756459776572224894,
      "q" : "2.4",
      "p" : "0.4876",
      "s" : "buy",
      "i" : "ARKM_USD",
      "m" : "4611686018429607056"
    }, {
      "d" : "1756459776321473188",
      "t" : 1756459776321,
      "tn" : 1756459776321473188,
      "q" : "2.4",
      "p" : "0.4876",
      "s" : "buy",
      "i" : "ARKM_USD",
      "m" : "4611686018429607055"
    }, {
      "d" : "1756459776070680404",
      "t" : 1756459776070,
      "tn" : 1756459776070680404,
      "q" : "2.4",
      "p" : "0.4876",
      "s" : "buy",
      "i" : "ARKM_USD",
      "m" : "4611686018429607054"
    }, {
      "d" : "1756459775649652336",
      "t" : 1756459775649,
      "tn" : 1756459775649652336,
      "q" : "2.4",
      "p" : "0.4876",
      "s" : "buy",
      "i" : "ARKM_USD",
      "m" : "4611686018429607053"
    }, {
      "d" : "1756459775398835689",
      "t" : 1756459775398,
      "tn" : 1756459775398835689,
      "q" : "2.4",
      "p" : "0.4876",
      "s" : "buy",
      "i" : "ARKM_USD",
      "m" : "4611686018429607052"
    }, {
      "d" : "1756459774881603924",
      "t" : 1756459774881,
      "tn" : 1756459774881603924,
      "q" : "2.4",
      "p" : "0.4876",
      "s" : "buy",
      "i" : "ARKM_USD",
      "m" : "4611686018429607051"
    }, {
      "d" : "1756459774520508432",
      "t" : 1756459774520,
      "tn" : 1756459774520508432,
      "q" : "2.4",
      "p" : "0.4876",
      "s" : "buy",
      "i" : "ARKM_USD",
      "m" : "4611686018429607050"
    }, {
      "d" : "1756459774023802590",
      "t" : 1756459774023,
      "tn" : 1756459774023802590,
      "q" : "2.4",
      "p" : "0.4876",
      "s" : "buy",
      "i" : "ARKM_USD",
      "m" : "4611686018429607049"
    }, {
      "d" : "1756459773773013678",
      "t" : 1756459773773,
      "tn" : 1756459773773013678,
      "q" : "2.4",
      "p" : "0.4876",
      "s" : "buy",
      "i" : "ARKM_USD",
      "m" : "4611686018429607048"
    }, {
      "d" : "1756459773522254681",
      "t" : 1756459773522,
      "tn" : 1756459773522254681,
      "q" : "2.4",
      "p" : "0.4876",
      "s" : "buy",
      "i" : "ARKM_USD",
      "m" : "4611686018429607047"
    }, {
      "d" : "1756459773209558884",
      "t" : 1756459773209,
      "tn" : 1756459773209558884,
      "q" : "2.4",
      "p" : "0.4876",
      "s" : "buy",
      "i" : "ARKM_USD",
      "m" : "4611686018429607046"
    }, {
      "d" : "1756459772958771985",
      "t" : 1756459772958,
      "tn" : 1756459772958771985,
      "q" : "2.4",
      "p" : "0.4876",
      "s" : "buy",
      "i" : "ARKM_USD",
      "m" : "4611686018429607045"
    }, {
      "d" : "1756459772708149465",
      "t" : 1756459772708,
      "tn" : 1756459772708149465,
      "q" : "2.4",
      "p" : "0.4876",
      "s" : "buy",
      "i" : "ARKM_USD",
      "m" : "4611686018429607044"
    }, {
      "d" : "1756459767082157962",
      "t" : 1756459767082,
      "tn" : 1756459767082157962,
      "q" : "2.4",
      "p" : "0.4876",
      "s" : "buy",
      "i" : "ARKM_USD",
      "m" : "4611686018429607043"
    }, {
      "d" : "1756459766738198775",
      "t" : 1756459766738,
      "tn" : 1756459766738198775,
      "q" : "2.4",
      "p" : "0.4876",
      "s" : "buy",
      "i" : "ARKM_USD",
      "m" : "4611686018429607042"
    }, {
      "d" : "1756459766487352932",
      "t" : 1756459766487,
      "tn" : 1756459766487352932,
      "q" : "2.4",
      "p" : "0.4876",
      "s" : "buy",
      "i" : "ARKM_USD",
      "m" : "4611686018429607041"
    }, {
      "d" : "1756459766236469388",
      "t" : 1756459766236,
      "tn" : 1756459766236469388,
      "q" : "2.4",
      "p" : "0.4876",
      "s" : "buy",
      "i" : "ARKM_USD",
      "m" : "4611686018429607040"
    }, {
      "d" : "1756459765661947725",
      "t" : 1756459765661,
      "tn" : 1756459765661947725,
      "q" : "2.4",
      "p" : "0.4876",
      "s" : "buy",
      "i" : "ARKM_USD",
      "m" : "4611686018429607039"
    }, {
      "d" : "1756459765411189345",
      "t" : 1756459765411,
      "tn" : 1756459765411189345,
      "q" : "2.4",
      "p" : "0.4876",
      "s" : "buy",
      "i" : "ARKM_USD",
      "m" : "4611686018429607038"
    }, {
      "d" : "1756459765046466036",
      "t" : 1756459765046,
      "tn" : 1756459765046466036,
      "q" : "2.4",
      "p" : "0.4876",
      "s" : "buy",
      "i" : "ARKM_USD",
      "m" : "4611686018429607037"
    }, {
      "d" : "1756459764795725388",
      "t" : 1756459764795,
      "tn" : 1756459764795725388,
      "q" : "2.4",
      "p" : "0.4876",
      "s" : "buy",
      "i" : "ARKM_USD",
      "m" : "4611686018429607036"
    }, {
      "d" : "1756459764544893442",
      "t" : 1756459764544,
      "tn" : 1756459764544893442,
      "q" : "2.4",
      "p" : "0.4876",
      "s" : "buy",
      "i" : "ARKM_USD",
      "m" : "4611686018429607035"
    }, {
      "d" : "1756459545352042622",
      "t" : 1756459545352,
      "tn" : 1756459545352042622,
      "q" : "2.4",
      "p" : "0.4866",
      "s" : "buy",
      "i" : "ARKM_USD",
      "m" : "4611686018429607034"
    }, {
      "d" : "1756459319004115113",
      "t" : 1756459319004,
      "tn" : 1756459319004115113,
      "q" : "2.4",
      "p" : "0.4886",
      "s" : "buy",
      "i" : "ARKM_USD",
      "m" : "4611686018429607033"
    }, {
      "d" : "1756458186200130304",
      "t" : 1756458186200,
      "tn" : 1756458186200130304,
      "q" : "2072.9",
      "p" : "0.4824",
      "s" : "sell",
      "i" : "ARKM_USD",
      "m" : "4611686018429607032"
    }, {
      "d" : "1756458186188135950",
      "t" : 1756458186188,
      "tn" : 1756458186188135950,
      "q" : "2072.9",
      "p" : "0.4824",
      "s" : "sell",
      "i" : "ARKM_USD",
      "m" : "4611686018429607031"
    }, {
      "d" : "1756458108105238481",
      "t" : 1756458108105,
      "tn" : 1756458108105238481,
      "q" : "332.8",
      "p" : "0.4841",
      "s" : "sell",
      "i" : "ARKM_USD",
      "m" : "4611686018429607030"
    }, {
      "d" : "1756457793616332315",
      "t" : 1756457793616,
      "tn" : 1756457793616332315,
      "q" : "182.0",
      "p" : "0.4881",
      "s" : "buy",
      "i" : "ARKM_USD",
      "m" : "4611686018429607029"
    }, {
      "d" : "1756457793616329869",
      "t" : 1756457793616,
      "tn" : 1756457793616329869,
      "q" : "2.4",
      "p" : "0.4876",
      "s" : "buy",
      "i" : "ARKM_USD",
      "m" : "4611686018429607028"
    }, {
      "d" : "1756457597155947551",
      "t" : 1756457597155,
      "tn" : 1756457597155947551,
      "q" : "1057.7",
      "p" : "0.4873",
      "s" : "sell",
      "i" : "ARKM_USD",
      "m" : "4611686018429607027"
    }, {
      "d" : "1756457597155945960",
      "t" : 1756457597155,
      "tn" : 1756457597155945960,
      "q" : "2.4",
      "p" : "0.4875",
      "s" : "sell",
      "i" : "ARKM_USD",
      "m" : "4611686018429607026"
    }, {
      "d" : "1756457596531895377",
      "t" : 1756457596531,
      "tn" : 1756457596531895377,
      "q" : "2051.7",
      "p" : "0.4874",
      "s" : "sell",
      "i" : "ARKM_USD",
      "m" : "4611686018429607025"
    }, {
      "d" : "1756457296674966291",
      "t" : 1756457296674,
      "tn" : 1756457296674966291,
      "q" : "2.4",
      "p" : "0.4885",
      "s" : "sell",
      "i" : "ARKM_USD",
      "m" : "4611686018429607024"
    }, {
      "d" : "1756457296674964461",
      "t" : 1756457296674,
      "tn" : 1756457296674964461,
      "q" : "27.5",
      "p" : "0.4886",
      "s" : "sell",
      "i" : "ARKM_USD",
      "m" : "4611686018429607023"
    }, {
      "d" : "1756457296669741443",
      "t" : 1756457296669,
      "tn" : 1756457296669741443,
      "q" : "2.4",
      "p" : "0.4886",
      "s" : "buy",
      "i" : "ARKM_USD",
      "m" : "4611686018429607022"
    }, {
      "d" : "1756455088410058712",
      "t" : 1756455088410,
      "tn" : 1756455088410058712,
      "q" : "80.7",
      "p" : "0.4897",
      "s" : "sell",
      "i" : "ARKM_USD",
      "m" : "4611686018429607021"
    }, {
      "d" : "1756455088020620248",
      "t" : 1756455088020,
      "tn" : 1756455088020620248,
      "q" : "2.4",
      "p" : "0.4897",
      "s" : "buy",
      "i" : "ARKM_USD",
      "m" : "4611686018429607020"
    }, {
      "d" : "1756455082238470344",
      "t" : 1756455082238,
      "tn" : 1756455082238470344,
      "q" : "2.4",
      "p" : "0.4897",
      "s" : "buy",
      "i" : "ARKM_USD",
      "m" : "4611686018429607019"
    }, {
      "d" : "1756454274546965587",
      "t" : 1756454274546,
      "tn" : 1756454274546965587,
      "q" : "36.3",
      "p" : "0.4906",
      "s" : "buy",
      "i" : "ARKM_USD",
      "m" : "4611686018429607018"
    }, {
      "d" : "1756454274535093909",
      "t" : 1756454274535,
      "tn" : 1756454274535093909,
      "q" : "35.9",
      "p" : "0.4906",
      "s" : "buy",
      "i" : "ARKM_USD",
      "m" : "4611686018429607017"
    }, {
      "d" : "1756454274523354142",
      "t" : 1756454274523,
      "tn" : 1756454274523354142,
      "q" : "54.9",
      "p" : "0.4906",
      "s" : "buy",
      "i" : "ARKM_USD",
      "m" : "4611686018429607016"
    }, {
      "d" : "1756454274505398658",
      "t" : 1756454274505,
      "tn" : 1756454274505398658,
      "q" : "1207.9",
      "p" : "0.4906",
      "s" : "buy",
      "i" : "ARKM_USD",
      "m" : "4611686018429607015"
    }, {
      "d" : "1756452740772083294",
      "t" : 1756452740772,
      "tn" : 1756452740772083294,
      "q" : "2.4",
      "p" : "0.4937",
      "s" : "buy",
      "i" : "ARKM_USD",
      "m" : "4611686018429607014"
    }, {
      "d" : "1756452740772080238",
      "t" : 1756452740772,
      "tn" : 1756452740772080238,
      "q" : "28.6",
      "p" : "0.4936",
      "s" : "buy",
      "i" : "ARKM_USD",
      "m" : "4611686018429607013"
    }, {
      "d" : "1756452740766429648",
      "t" : 1756452740766,
      "tn" : 1756452740766429648,
      "q" : "2.4",
      "p" : "0.4936",
      "s" : "sell",
      "i" : "ARKM_USD",
      "m" : "4611686018429607012"
    }, {
      "d" : "1756452738553403892",
      "t" : 1756452738553,
      "tn" : 1756452738553403892,
      "q" : "2.4",
      "p" : "0.4946",
      "s" : "sell",
      "i" : "ARKM_USD",
      "m" : "4611686018429607011"
    }, {
      "d" : "1756452736537506841",
      "t" : 1756452736537,
      "tn" : 1756452736537506841,
      "q" : "2.4",
      "p" : "0.4937",
      "s" : "buy",
      "i" : "ARKM_USD",
      "m" : "4611686018429607010"
    }, {
      "d" : "1756452717279216609",
      "t" : 1756452717279,
      "tn" : 1756452717279216609,
      "q" : "2.4",
      "p" : "0.4927",
      "s" : "buy",
      "i" : "ARKM_USD",
      "m" : "4611686018429607009"
    }, {
      "d" : "1756452524520562453",
      "t" : 1756452524520,
      "tn" : 1756452524520562453,
      "q" : "2.4",
      "p" : "0.4917",
      "s" : "buy",
      "i" : "ARKM_USD",
      "m" : "4611686018429607008"
    }, {
      "d" : "1756452427209032033",
      "t" : 1756452427209,
      "tn" : 1756452427209032033,
      "q" : "2.4",
      "p" : "0.4907",
      "s" : "buy",
      "i" : "ARKM_USD",
      "m" : "4611686018429607007"
    }, {
      "d" : "1756452358537405386",
      "t" : 1756452358537,
      "tn" : 1756452358537405386,
      "q" : "508.2",
      "p" : "0.4918",
      "s" : "sell",
      "i" : "ARKM_USD",
      "m" : "4611686018429607006"
    }, {
      "d" : "1756452358535452207",
      "t" : 1756452358535,
      "tn" : 1756452358535452207,
      "q" : "2.4",
      "p" : "0.4926",
      "s" : "sell",
      "i" : "ARKM_USD",
      "m" : "4611686018429607005"
    }, {
      "d" : "1756452260536338096",
      "t" : 1756452260536,
      "tn" : 1756452260536338096,
      "q" : "156.0",
      "p" : "0.4922",
      "s" : "sell",
      "i" : "ARKM_USD",
      "m" : "4611686018429607004"
    }, {
      "d" : "1756452254769376021",
      "t" : 1756452254769,
      "tn" : 1756452254769376021,
      "q" : "2.4",
      "p" : "0.4936",
      "s" : "sell",
      "i" : "ARKM_USD",
      "m" : "4611686018429607003"
    }, {
      "d" : "1756452248694969159",
      "t" : 1756452248694,
      "tn" : 1756452248694969159,
      "q" : "2.4",
      "p" : "0.4936",
      "s" : "sell",
      "i" : "ARKM_USD",
      "m" : "4611686018429607002"
    }, {
      "d" : "1756452242749815245",
      "t" : 1756452242749,
      "tn" : 1756452242749815245,
      "q" : "2.4",
      "p" : "0.4936",
      "s" : "sell",
      "i" : "ARKM_USD",
      "m" : "4611686018429607001"
    }, {
      "d" : "1756452236757378539",
      "t" : 1756452236757,
      "tn" : 1756452236757378539,
      "q" : "2.4",
      "p" : "0.4936",
      "s" : "sell",
      "i" : "ARKM_USD",
      "m" : "4611686018429607000"
    }, {
      "d" : "1756452230741204655",
      "t" : 1756452230741,
      "tn" : 1756452230741204655,
      "q" : "2.4",
      "p" : "0.4936",
      "s" : "sell",
      "i" : "ARKM_USD",
      "m" : "4611686018429606999"
    }, {
      "d" : "1756452224792608626",
      "t" : 1756452224792,
      "tn" : 1756452224792608626,
      "q" : "2.4",
      "p" : "0.4936",
      "s" : "sell",
      "i" : "ARKM_USD",
      "m" : "4611686018429606998"
    }, {
      "d" : "1756452143832309750",
      "t" : 1756452143832,
      "tn" : 1756452143832309750,
      "q" : "2.4",
      "p" : "0.4927",
      "s" : "buy",
      "i" : "ARKM_USD",
      "m" : "4611686018429606997"
    }, {
      "d" : "1756452135043429381",
      "t" : 1756452135043,
      "tn" : 1756452135043429381,
      "q" : "2.4",
      "p" : "0.4936",
      "s" : "sell",
      "i" : "ARKM_USD",
      "m" : "4611686018429606996"
    }, {
      "d" : "1756452074671913407",
      "t" : 1756452074671,
      "tn" : 1756452074671913407,
      "q" : "2.4",
      "p" : "0.4946",
      "s" : "sell",
      "i" : "ARKM_USD",
      "m" : "4611686018429606995"
    }, {
      "d" : "1756451954759290941",
      "t" : 1756451954759,
      "tn" : 1756451954759290941,
      "q" : "2.4",
      "p" : "0.4947",
      "s" : "buy",
      "i" : "ARKM_USD",
      "m" : "4611686018429606994"
    }, {
      "d" : "1756451901479999924",
      "t" : 1756451901479,
      "tn" : 1756451901479999924,
      "q" : "2.4",
      "p" : "0.4956",
      "s" : "sell",
      "i" : "ARKM_USD",
      "m" : "4611686018429606993"
    }, {
      "d" : "1756451896678637985",
      "t" : 1756451896678,
      "tn" : 1756451896678637985,
      "q" : "505.0",
      "p" : "0.4951",
      "s" : "buy",
      "i" : "ARKM_USD",
      "m" : "4611686018429606992"
    }, {
      "d" : "1756451832584338268",
      "t" : 1756451832584,
      "tn" : 1756451832584338268,
      "q" : "2.4",
      "p" : "0.4947",
      "s" : "buy",
      "i" : "ARKM_USD",
      "m" : "4611686018429606991"
    }, {
      "d" : "1756451830183171955",
      "t" : 1756451830183,
      "tn" : 1756451830183171955,
      "q" : "2.4",
      "p" : "0.4942",
      "s" : "buy",
      "i" : "ARKM_USD",
      "m" : "4611686018429606990"
    }, {
      "d" : "1756451802865182564",
      "t" : 1756451802865,
      "tn" : 1756451802865182564,
      "q" : "2.4",
      "p" : "0.4947",
      "s" : "buy",
      "i" : "ARKM_USD",
      "m" : "4611686018429606989"
    }, {
      "d" : "1756451620772288080",
      "t" : 1756451620772,
      "tn" : 1756451620772288080,
      "q" : "2.4",
      "p" : "0.4947",
      "s" : "buy",
      "i" : "ARKM_USD",
      "m" : "4611686018429606988"
    }, {
      "d" : "1756451523026277414",
      "t" : 1756451523026,
      "tn" : 1756451523026277414,
      "q" : "2.4",
      "p" : "0.4976",
      "s" : "sell",
      "i" : "ARKM_USD",
      "m" : "4611686018429606987"
    }, {
      "d" : "1756451523024545384",
      "t" : 1756451523024,
      "tn" : 1756451523024545384,
      "q" : "404.7",
      "p" : "0.4973",
      "s" : "sell",
      "i" : "ARKM_USD",
      "m" : "4611686018429606986"
    }, {
      "d" : "1756451523024543377",
      "t" : 1756451523024,
      "tn" : 1756451523024543377,
      "q" : "2.4",
      "p" : "0.4976",
      "s" : "sell",
      "i" : "ARKM_USD",
      "m" : "4611686018429606985"
    }, {
      "d" : "1756451517849910122",
      "t" : 1756451517849,
      "tn" : 1756451517849910122,
      "q" : "2.4",
      "p" : "0.4967",
      "s" : "buy",
      "i" : "ARKM_USD",
      "m" : "4611686018429606984"
    }, {
      "d" : "1756451434669357336",
      "t" : 1756451434669,
      "tn" : 1756451434669357336,
      "q" : "2.4",
      "p" : "0.4986",
      "s" : "sell",
      "i" : "ARKM_USD",
      "m" : "4611686018429606983"
    }, {
      "d" : "1756451318917013605",
      "t" : 1756451318917,
      "tn" : 1756451318917013605,
      "q" : "2.4",
      "p" : "0.4967",
      "s" : "buy",
      "i" : "ARKM_USD",
      "m" : "4611686018429606982"
    }, {
      "d" : "1756451294769143254",
      "t" : 1756451294769,
      "tn" : 1756451294769143254,
      "q" : "2.4",
      "p" : "0.4967",
      "s" : "buy",
      "i" : "ARKM_USD",
      "m" : "4611686018429606981"
    }, {
      "d" : "1756451168672983130",
      "t" : 1756451168672,
      "tn" : 1756451168672983130,
      "q" : "2.4",
      "p" : "0.4997",
      "s" : "buy",
      "i" : "ARKM_USD",
      "m" : "4611686018429606980"
    }, {
      "d" : "1756451110035610317",
      "t" : 1756451110035,
      "tn" : 1756451110035610317,
      "q" : "21.5",
      "p" : "0.5010",
      "s" : "sell",
      "i" : "ARKM_USD",
      "m" : "4611686018429606979"
    }, {
      "d" : "1756451110035608166",
      "t" : 1756451110035,
      "tn" : 1756451110035608166,
      "q" : "2.4",
      "p" : "0.5016",
      "s" : "sell",
      "i" : "ARKM_USD",
      "m" : "4611686018429606978"
    }, {
      "d" : "1756451066301244442",
      "t" : 1756451066301,
      "tn" : 1756451066301244442,
      "q" : "2.4",
      "p" : "0.5016",
      "s" : "sell",
      "i" : "ARKM_USD",
      "m" : "4611686018429606977"
    }, {
      "d" : "1756451045687005899",
      "t" : 1756451045687,
      "tn" : 1756451045687005899,
      "q" : "2.4",
      "p" : "0.5007",
      "s" : "buy",
      "i" : "ARKM_USD",
      "m" : "4611686018429606976"
    }, {
      "d" : "1756451013839235168",
      "t" : 1756451013839,
      "tn" : 1756451013839235168,
      "q" : "2.4",
      "p" : "0.4997",
      "s" : "buy",
      "i" : "ARKM_USD",
      "m" : "4611686018429606975"
    }, {
      "d" : "1756451001414160605",
      "t" : 1756451001414,
      "tn" : 1756451001414160605,
      "q" : "2.4",
      "p" : "0.4987",
      "s" : "buy",
      "i" : "ARKM_USD",
      "m" : "4611686018429606974"
    }, {
      "d" : "1756450969352236296",
      "t" : 1756450969352,
      "tn" : 1756450969352236296,
      "q" : "2.4",
      "p" : "0.4996",
      "s" : "sell",
      "i" : "ARKM_USD",
      "m" : "4611686018429606973"
    }, {
      "d" : "1756450958779064991",
      "t" : 1756450958779,
      "tn" : 1756450958779064991,
      "q" : "2.4",
      "p" : "0.4996",
      "s" : "sell",
      "i" : "ARKM_USD",
      "m" : "4611686018429606972"
    }, {
      "d" : "1756450946732238363",
      "t" : 1756450946732,
      "tn" : 1756450946732238363,
      "q" : "2.4",
      "p" : "0.5006",
      "s" : "sell",
      "i" : "ARKM_USD",
      "m" : "4611686018429606971"
    }, {
      "d" : "1756450929848957678",
      "t" : 1756450929848,
      "tn" : 1756450929848957678,
      "q" : "2.4",
      "p" : "0.5016",
      "s" : "sell",
      "i" : "ARKM_USD",
      "m" : "4611686018429606970"
    }, {
      "d" : "1756450904865932704",
      "t" : 1756450904865,
      "tn" : 1756450904865932704,
      "q" : "1053.5",
      "p" : "0.5009",
      "s" : "buy",
      "i" : "ARKM_USD",
      "m" : "4611686018429606969"
    }, {
      "d" : "1756450904865930516",
      "t" : 1756450904865,
      "tn" : 1756450904865930516,
      "q" : "2.4",
      "p" : "0.5007",
      "s" : "buy",
      "i" : "ARKM_USD",
      "m" : "4611686018429606968"
    }, {
      "d" : "1756450897896389491",
      "t" : 1756450897896,
      "tn" : 1756450897896389491,
      "q" : "2.4",
      "p" : "0.5016",
      "s" : "sell",
      "i" : "ARKM_USD",
      "m" : "4611686018429606967"
    }, {
      "d" : "1756450893345119503",
      "t" : 1756450893345,
      "tn" : 1756450893345119503,
      "q" : "2.4",
      "p" : "0.5026",
      "s" : "sell",
      "i" : "ARKM_USD",
      "m" : "4611686018429606966"
    }, {
      "d" : "1756450885302546428",
      "t" : 1756450885302,
      "tn" : 1756450885302546428,
      "q" : "2.4",
      "p" : "0.5036",
      "s" : "sell",
      "i" : "ARKM_USD",
      "m" : "4611686018429606965"
    }, {
      "d" : "1756450581201366105",
      "t" : 1756450581201,
      "tn" : 1756450581201366105,
      "q" : "405.6",
      "p" : "0.5050",
      "s" : "sell",
      "i" : "ARKM_USD",
      "m" : "4611686018429606964"
    }, {
      "d" : "1756450581201363779",
      "t" : 1756450581201,
      "tn" : 1756450581201363779,
      "q" : "2.4",
      "p" : "0.5056",
      "s" : "sell",
      "i" : "ARKM_USD",
      "m" : "4611686018429606963"
    }, {
      "d" : "1756450396371525604",
      "t" : 1756450396371,
      "tn" : 1756450396371525604,
      "q" : "2.4",
      "p" : "0.5047",
      "s" : "buy",
      "i" : "ARKM_USD",
      "m" : "4611686018429606962"
    }, {
      "d" : "1756450381254842366",
      "t" : 1756450381254,
      "tn" : 1756450381254842366,
      "q" : "2.4",
      "p" : "0.5056",
      "s" : "sell",
      "i" : "ARKM_USD",
      "m" : "4611686018429606961"
    }, {
      "d" : "1756450257630124487",
      "t" : 1756450257630,
      "tn" : 1756450257630124487,
      "q" : "2.4",
      "p" : "0.5057",
      "s" : "buy",
      "i" : "ARKM_USD",
      "m" : "4611686018429606960"
    }, {
      "d" : "1756450075761154344",
      "t" : 1756450075761,
      "tn" : 1756450075761154344,
      "q" : "2.4",
      "p" : "0.5067",
      "s" : "buy",
      "i" : "ARKM_USD",
      "m" : "4611686018429606959"
    }, {
      "d" : "1756449893880112181",
      "t" : 1756449893880,
      "tn" : 1756449893880112181,
      "q" : "2.4",
      "p" : "0.5057",
      "s" : "buy",
      "i" : "ARKM_USD",
      "m" : "4611686018429606958"
    }, {
      "d" : "1756449889104428851",
      "t" : 1756449889104,
      "tn" : 1756449889104428851,
      "q" : "2.4",
      "p" : "0.5057",
      "s" : "buy",
      "i" : "ARKM_USD",
      "m" : "4611686018429606957"
    }, {
      "d" : "1756449755902230759",
      "t" : 1756449755902,
      "tn" : 1756449755902230759,
      "q" : "2.4",
      "p" : "0.5037",
      "s" : "buy",
      "i" : "ARKM_USD",
      "m" : "4611686018429606956"
    }, {
      "d" : "1756449667518544469",
      "t" : 1756449667518,
      "tn" : 1756449667518544469,
      "q" : "2.4",
      "p" : "0.5027",
      "s" : "buy",
      "i" : "ARKM_USD",
      "m" : "4611686018429606955"
    }, {
      "d" : "1756449612622071710",
      "t" : 1756449612622,
      "tn" : 1756449612622071710,
      "q" : "2.4",
      "p" : "0.5017",
      "s" : "buy",
      "i" : "ARKM_USD",
      "m" : "4611686018429606954"
    }, {
      "d" : "1756449606369978540",
      "t" : 1756449606369,
      "tn" : 1756449606369978540,
      "q" : "2.4",
      "p" : "0.5021",
      "s" : "sell",
      "i" : "ARKM_USD",
      "m" : "4611686018429606953"
    }, {
      "d" : "1756449605521220247",
      "t" : 1756449605521,
      "tn" : 1756449605521220247,
      "q" : "2.4",
      "p" : "0.5022",
      "s" : "buy",
      "i" : "ARKM_USD",
      "m" : "4611686018429606952"
    }, {
      "d" : "1756449553661427074",
      "t" : 1756449553661,
      "tn" : 1756449553661427074,
      "q" : "2.4",
      "p" : "0.5037",
      "s" : "buy",
      "i" : "ARKM_USD",
      "m" : "4611686018429606951"
    }, {
      "d" : "1756449230579828128",
      "t" : 1756449230579,
      "tn" : 1756449230579828128,
      "q" : "57.7",
      "p" : "0.5039",
      "s" : "sell",
      "i" : "ARKM_USD",
      "m" : "4611686018429606950"
    }, {
      "d" : "1756449230579825133",
      "t" : 1756449230579,
      "tn" : 1756449230579825133,
      "q" : "2.4",
      "p" : "0.5046",
      "s" : "sell",
      "i" : "ARKM_USD",
      "m" : "4611686018429606949"
    }, {
      "d" : "1756449227298124467",
      "t" : 1756449227298,
      "tn" : 1756449227298124467,
      "q" : "2.4",
      "p" : "0.5046",
      "s" : "sell",
      "i" : "ARKM_USD",
      "m" : "4611686018429606948"
    }, {
      "d" : "1756449221350516402",
      "t" : 1756449221350,
      "tn" : 1756449221350516402,
      "q" : "2.4",
      "p" : "0.5046",
      "s" : "sell",
      "i" : "ARKM_USD",
      "m" : "4611686018429606947"
    }, {
      "d" : "1756449214720668744",
      "t" : 1756449214720,
      "tn" : 1756449214720668744,
      "q" : "2.4",
      "p" : "0.5046",
      "s" : "sell",
      "i" : "ARKM_USD",
      "m" : "4611686018429606946"
    }, {
      "d" : "1756449209318144028",
      "t" : 1756449209318,
      "tn" : 1756449209318144028,
      "q" : "2.4",
      "p" : "0.5046",
      "s" : "sell",
      "i" : "ARKM_USD",
      "m" : "4611686018429606945"
    }, {
      "d" : "1756449202692864053",
      "t" : 1756449202692,
      "tn" : 1756449202692864053,
      "q" : "2.4",
      "p" : "0.5046",
      "s" : "sell",
      "i" : "ARKM_USD",
      "m" : "4611686018429606944"
    }, {
      "d" : "1756448023264332778",
      "t" : 1756448023264,
      "tn" : 1756448023264332778,
      "q" : "2.4",
      "p" : "0.5076",
      "s" : "buy",
      "i" : "ARKM_USD",
      "m" : "4611686018429606943"
    }, {
      "d" : "1756448022536905766",
      "t" : 1756448022536,
      "tn" : 1756448022536905766,
      "q" : "2.4",
      "p" : "0.5076",
      "s" : "buy",
      "i" : "ARKM_USD",
      "m" : "4611686018429606942"
    }, {
      "d" : "1756447801806269075",
      "t" : 1756447801806,
      "tn" : 1756447801806269075,
      "q" : "2.4",
      "p" : "0.5076",
      "s" : "buy",
      "i" : "ARKM_USD",
      "m" : "4611686018429606941"
    }, {
      "d" : "1756447589294111395",
      "t" : 1756447589294,
      "tn" : 1756447589294111395,
      "q" : "2.4",
      "p" : "0.5076",
      "s" : "buy",
      "i" : "ARKM_USD",
      "m" : "4611686018429606940"
    }, {
      "d" : "1756447298129769353",
      "t" : 1756447298129,
      "tn" : 1756447298129769353,
      "q" : "2.4",
      "p" : "0.5105",
      "s" : "sell",
      "i" : "ARKM_USD",
      "m" : "4611686018429606939"
    }, {
      "d" : "1756447297522372441",
      "t" : 1756447297522,
      "tn" : 1756447297522372441,
      "q" : "2.4",
      "p" : "0.5105",
      "s" : "sell",
      "i" : "ARKM_USD",
      "m" : "4611686018429606938"
    }, {
      "d" : "1756447297160722581",
      "t" : 1756447297160,
      "tn" : 1756447297160722581,
      "q" : "2.4",
      "p" : "0.5105",
      "s" : "sell",
      "i" : "ARKM_USD",
      "m" : "4611686018429606937"
    }, {
      "d" : "1756447296909999143",
      "t" : 1756447296909,
      "tn" : 1756447296909999143,
      "q" : "2.4",
      "p" : "0.5105",
      "s" : "sell",
      "i" : "ARKM_USD",
      "m" : "4611686018429606936"
    }, {
      "d" : "1756447296523953343",
      "t" : 1756447296523,
      "tn" : 1756447296523953343,
      "q" : "2.4",
      "p" : "0.5105",
      "s" : "sell",
      "i" : "ARKM_USD",
      "m" : "4611686018429606935"
    }, {
      "d" : "1756447296194727924",
      "t" : 1756447296194,
      "tn" : 1756447296194727924,
      "q" : "2.4",
      "p" : "0.5105",
      "s" : "sell",
      "i" : "ARKM_USD",
      "m" : "4611686018429606934"
    }, {
      "d" : "1756447295943908585",
      "t" : 1756447295943,
      "tn" : 1756447295943908585,
      "q" : "2.4",
      "p" : "0.5105",
      "s" : "sell",
      "i" : "ARKM_USD",
      "m" : "4611686018429606933"
    }, {
      "d" : "1756447295693050413",
      "t" : 1756447295693,
      "tn" : 1756447295693050413,
      "q" : "2.4",
      "p" : "0.5105",
      "s" : "sell",
      "i" : "ARKM_USD",
      "m" : "4611686018429606932"
    }, {
      "d" : "1756447295442345356",
      "t" : 1756447295442,
      "tn" : 1756447295442345356,
      "q" : "2.4",
      "p" : "0.5105",
      "s" : "sell",
      "i" : "ARKM_USD",
      "m" : "4611686018429606931"
    }, {
      "d" : "1756447295191582265",
      "t" : 1756447295191,
      "tn" : 1756447295191582265,
      "q" : "2.4",
      "p" : "0.5105",
      "s" : "sell",
      "i" : "ARKM_USD",
      "m" : "4611686018429606930"
    }, {
      "d" : "1756447294940656639",
      "t" : 1756447294940,
      "tn" : 1756447294940656639,
      "q" : "2.4",
      "p" : "0.5105",
      "s" : "sell",
      "i" : "ARKM_USD",
      "m" : "4611686018429606929"
    }, {
      "d" : "1756447294689741070",
      "t" : 1756447294689,
      "tn" : 1756447294689741070,
      "q" : "2.4",
      "p" : "0.5105",
      "s" : "sell",
      "i" : "ARKM_USD",
      "m" : "4611686018429606928"
    }, {
      "d" : "1756447294438981316",
      "t" : 1756447294438,
      "tn" : 1756447294438981316,
      "q" : "2.4",
      "p" : "0.5105",
      "s" : "sell",
      "i" : "ARKM_USD",
      "m" : "4611686018429606927"
    }, {
      "d" : "1756447294188288140",
      "t" : 1756447294188,
      "tn" : 1756447294188288140,
      "q" : "2.4",
      "p" : "0.5105",
      "s" : "sell",
      "i" : "ARKM_USD",
      "m" : "4611686018429606926"
    }, {
      "d" : "1756447293861966649",
      "t" : 1756447293861,
      "tn" : 1756447293861966649,
      "q" : "2.4",
      "p" : "0.5105",
      "s" : "sell",
      "i" : "ARKM_USD",
      "m" : "4611686018429606925"
    }, {
      "d" : "1756447293611167502",
      "t" : 1756447293611,
      "tn" : 1756447293611167502,
      "q" : "2.4",
      "p" : "0.5105",
      "s" : "sell",
      "i" : "ARKM_USD",
      "m" : "4611686018429606924"
    }, {
      "d" : "1756447293360299700",
      "t" : 1756447293360,
      "tn" : 1756447293360299700,
      "q" : "2.4",
      "p" : "0.5105",
      "s" : "sell",
      "i" : "ARKM_USD",
      "m" : "4611686018429606923"
    }, {
      "d" : "1756447293109510989",
      "t" : 1756447293109,
      "tn" : 1756447293109510989,
      "q" : "2.4",
      "p" : "0.5105",
      "s" : "sell",
      "i" : "ARKM_USD",
      "m" : "4611686018429606922"
    } ]
  }
}