{
  "id" : -1,
  "method" : "public/get-trades",
  "code" : 0,
  "result" : {
    "data" : [ {
      "d" : "1756458108103639919",
      "t" : 1756458108103,
      "tn" : 1756458108103639917,
      "q" : "412",
      "p" : "0.4847",
      "s" : "sell",
      "i" : "ARKMUSD-PERP",
      "m" : "4611686018429055309"
    }, {
      "d" : "1756458108103639918",
      "t" : 1756458108103,
      "tn" : 1756458108103639917,
      "q" : "1",
      "p" : "0.4847",
      "s" : "sell",
      "i" : "ARKMUSD-PERP",
      "m" : "4611686018429055309"
    }, {
      "d" : "1756458108103639917",
      "t" : 1756458108103,
      "tn" : 1756458108103639917,
      "q" : "1",
      "p" : "0.4847",
      "s" : "sell",
      "i" : "ARKMUSD-PERP",
      "m" : "4611686018429055309"
    }, {
      "d" : "1756457793618335011",
      "t" : 1756457793618,
      "tn" : 1756457793618335011,
      "q" : "2",
      "p" : "0.4876",
      "s" : "buy",
      "i" : "ARKMUSD-PERP",
      "m" : "4611686018429055308"
    }, {
      "d" : "1756457793618332292",
      "t" : 1756457793618,
      "tn" : 1756457793618332292,
      "q" : "1026",
      "p" : "0.4876",
      "s" : "buy",
      "i" : "ARKMUSD-PERP",
      "m" : "4611686018429055307"
    }, {
      "d" : "1756457793618330247",
      "t" : 1756457793618,
      "tn" : 1756457793618330247,
      "q" : "1",
      "p" : "0.4871",
      "s" : "buy",
      "i" : "ARKMUSD-PERP",
      "m" : "4611686018429055306"
    }, {
      "d" : "1756457793618327749",
      "t" : 1756457793618,
      "tn" : 1756457793618327749,
      "q" : "1",
      "p" : "0.4869",
      "s" : "buy",
      "i" : "ARKMUSD-PERP",
      "m" : "4611686018429055305"
    }, {
      "d" : "1756452868755613272",
      "t" : 1756452868755,
      "tn" : 1756452868755613272,
      "q" : "197",
      "p" : "0.4945",
      "s" : "buy",
      "i" : "ARKMUSD-PERP",
      "m" : "4611686018429055304"
    }, {
      "d" : "1756452868755610889",
      "t" : 1756452868755,
      "tn" : 1756452868755610889,
      "q" : "1",
      "p" : "0.4942",
      "s" : "buy",
      "i" : "ARKMUSD-PERP",
      "m" : "4611686018429055303"
    }, {
      "d" : "1756452868755608043",
      "t" : 1756452868755,
      "tn" : 1756452868755608043,
      "q" : "1",
      "p" : "0.4941",
      "s" : "buy",
      "i" : "ARKMUSD-PERP",
      "m" : "4611686018429055302"
    }, {
      "d" : "1756452868755605251",
      "t" : 1756452868755,
      "tn" : 1756452868755605251,
      "q" : "1",
      "p" : "0.4940",
      "s" : "buy",
      "i" : "ARKMUSD-PERP",
      "m" : "4611686018429055301"
    }, {
      "d" : "1756443378395763082",
      "t" : 1756443378395,
      "tn" : 1756443378395763082,
      "q" : "2",
      "p" : "0.5101",
      "s" : "sell",
      "i" : "ARKMUSD-PERP",
      "m" : "4611686018429055300"
    }, {
      "d" : "1756443378395743413",
      "t" : 1756443378395,
      "tn" : 1756443378395743413,
      "q" : "390",
      "p" : "0.5101",
      "s" : "sell",
      "i" : "ARKMUSD-PERP",
      "m" : "4611686018429055299"
    }, {
      "d" : "1756443378395741472",
      "t" : 1756443378395,
      "tn" : 1756443378395741471,
      "q" : "1",
      "p" : "0.5107",
      "s" : "sell",
      "i" : "ARKMUSD-PERP",
      "m" : "4611686018429055298"
    }, {
      "d" : "1756443378395741471",
      "t" : 1756443378395,
      "tn" : 1756443378395741471,
      "q" : "1",
      "p" : "0.5107",
      "s" : "sell",
      "i" : "ARKMUSD-PERP",
      "m" : "4611686018429055298"
    }, {
      "d" : "1756440359556266859",
      "t" : 1756440359556,
      "tn" : 1756440359556266859,
      "q" : "391",
      "p" : "0.5114",
      "s" : "sell",
      "i" : "ARKMUSD-PERP",
      "m" : "4611686018429055297"
    }, {
      "d" : "1756440359556264649",
      "t" : 1756440359556,
      "tn" : 1756440359556264649,
      "q" : "1",
      "p" : "0.5120",
      "s" : "sell",
      "i" : "ARKMUSD-PERP",
      "m" : "4611686018429055296"
    }, {
      "d" : "1756440359556261735",
      "t" : 1756440359556,
      "tn" : 1756440359556261735,
      "q" : "1",
      "p" : "0.5121",
      "s" : "sell",
      "i" : "ARKMUSD-PERP",
      "m" : "4611686018429055295"
    }, {
      "d" : "1756440336445626212",
      "t" : 1756440336445,
      "tn" : 1756440336445626212,
      "q" : "390",
      "p" : "0.5125",
      "s" : "sell",
      "i" : "ARKMUSD-PERP",
      "m" : "4611686018429055294"
    }, {
      "d" : "1756440336445624305",
      "t" : 1756440336445,
      "tn" : 1756440336445624305,
      "q" : "1",
      "p" : "0.5132",
      "s" : "sell",
      "i" : "ARKMUSD-PERP",
      "m" : "4611686018429055293"
    }, {
      "d" : "1756440336445621972",
      "t" : 1756440336445,
      "tn" : 1756440336445621972,
      "q" : "1",
      "p" : "0.5133",
      "s" : "sell",
      "i" : "ARKMUSD-PERP",
      "m" : "4611686018429055292"
    }, {
      "d" : "1756436775354285002",
      "t" : 1756436775354,
      "tn" : 1756436775354285002,
      "q" : "393",
      "p" : "0.5083",
      "s" : "sell",
      "i" : "ARKMUSD-PERP",
      "m" : "4611686018429055291"
    }, {
      "d" : "1756436774353883711",
      "t" : 1756436774353,
      "tn" : 1756436774353883711,
      "q" : "1",
      "p" : "0.5095",
      "s" : "sell",
      "i" : "ARKMUSD-PERP",
      "m" : "4611686018429055290"
    }, {
      "d" : "1756436773353712184",
      "t" : 1756436773353,
      "tn" : 1756436773353712184,
      "q" : "1",
      "p" : "0.5095",
      "s" : "sell",
      "i" : "ARKMUSD-PERP",
      "m" : "4611686018429055289"
    }, {
      "d" : "1756436755332726924",
      "t" : 1756436755332,
      "tn" : 1756436755332726924,
      "q" : "1",
      "p" : "0.5101",
      "s" : "sell",
      "i" : "ARKMUSD-PERP",
      "m" : "4611686018429055288"
    }, {
      "d" : "1756436754332242163",
      "t" : 1756436754332,
      "tn" : 1756436754332242163,
      "q" : "1",
      "p" : "0.5102",
      "s" : "sell",
      "i" : "ARKMUSD-PERP",
      "m" : "4611686018429055287"
    }, {
      "d" : "1756436753331701709",
      "t" : 1756436753331,
      "tn" : 1756436753331701709,
      "q" : "1",
      "p" : "0.5103",
      "s" : "sell",
      "i" : "ARKMUSD-PERP",
      "m" : "4611686018429055286"
    }, {
      "d" : "1756436752331968074",
      "t" : 1756436752331,
      "tn" : 1756436752331968074,
      "q" : "1",
      "p" : "0.5103",
      "s" : "sell",
      "i" : "ARKMUSD-PERP",
      "m" : "4611686018429055285"
    }, {
      "d" : "1756436747329459375",
      "t" : 1756436747329,
      "tn" : 1756436747329459375,
      "q" : "392",
      "p" : "0.5089",
      "s" : "sell",
      "i" : "ARKMUSD-PERP",
      "m" : "4611686018429055284"
    }, {
      "d" : "1756436727314792747",
      "t" : 1756436727314,
      "tn" : 1756436727314792747,
      "q" : "1",
      "p" : "0.5104",
      "s" : "sell",
      "i" : "ARKMUSD-PERP",
      "m" : "4611686018429055283"
    }, {
      "d" : "1756436726314492889",
      "t" : 1756436726314,
      "tn" : 1756436726314492889,
      "q" : "1",
      "p" : "0.5104",
      "s" : "sell",
      "i" : "ARKMUSD-PERP",
      "m" : "4611686018429055282"
    }, {
      "d" : "1756436725314361525",
      "t" : 1756436725314,
      "tn" : 1756436725314361525,
      "q" : "1",
      "p" : "0.5104",
      "s" : "sell",
      "i" : "ARKMUSD-PERP",
      "m" : "4611686018429055281"
    }, {
      "d" : "1756436724314527435",
      "t" : 1756436724314,
      "tn" : 1756436724314527435,
      "q" : "1",
      "p" : "0.5104",
      "s" : "sell",
      "i" : "ARKMUSD-PERP",
      "m" : "4611686018429055280"
    }, {
      "d" : "1756436723313657045",
      "t" : 1756436723313,
      "tn" : 1756436723313657045,
      "q" : "1",
      "p" : "0.5103",
      "s" : "sell",
      "i" : "ARKMUSD-PERP",
      "m" : "4611686018429055279"
    }, {
      "d" : "1756436722313453705",
      "t" : 1756436722313,
      "tn" : 1756436722313453705,
      "q" : "1",
      "p" : "0.5104",
      "s" : "sell",
      "i" : "ARKMUSD-PERP",
      "m" : "4611686018429055278"
    }, {
      "d" : "1756436720311521096",
      "t" : 1756436720311,
      "tn" : 1756436720311521096,
      "q" : "1",
      "p" : "0.5105",
      "s" : "sell",
      "i" : "ARKMUSD-PERP",
      "m" : "4611686018429055277"
    }, {
      "d" : "1756436659260700714",
      "t" : 1756436659260,
      "tn" : 1756436659260700714,
      "q" : "1",
      "p" : "0.5114",
      "s" : "sell",
      "i" : "ARKMUSD-PERP",
      "m" : "4611686018429055276"
    }, {
      "d" : "1756436658258206577",
      "t" : 1756436658258,
      "tn" : 1756436658258206577,
      "q" : "1",
      "p" : "0.5114",
      "s" : "sell",
      "i" : "ARKMUSD-PERP",
      "m" : "4611686018429055275"
    }, {
      "d" : "1756436657257525534",
      "t" : 1756436657257,
      "tn" : 1756436657257525534,
      "q" : "1",
      "p" : "0.5114",
      "s" : "sell",
      "i" : "ARKMUSD-PERP",
      "m" : "4611686018429055274"
    }, {
      "d" : "1756436656257221050",
      "t" : 1756436656257,
      "tn" : 1756436656257221050,
      "q" : "1",
      "p" : "0.5114",
      "s" : "sell",
      "i" : "ARKMUSD-PERP",
      "m" : "4611686018429055273"
    }, {
      "d" : "1756436655255649852",
      "t" : 1756436655255,
      "tn" : 1756436655255649852,
      "q" : "1",
      "p" : "0.5114",
      "s" : "sell",
      "i" : "ARKMUSD-PERP",
      "m" : "4611686018429055272"
    }, {
      "d" : "1756436654255078014",
      "t" : 1756436654255,
      "tn" : 1756436654255078014,
      "q" : "1",
      "p" : "0.5115",
      "s" : "sell",
      "i" : "ARKMUSD-PERP",
      "m" : "4611686018429055271"
    }, {
      "d" : "1756436653254391951",
      "t" : 1756436653254,
      "tn" : 1756436653254391951,
      "q" : "1",
      "p" : "0.5115",
      "s" : "sell",
      "i" : "ARKMUSD-PERP",
      "m" : "4611686018429055270"
    }, {
      "d" : "1756436652253705064",
      "t" : 1756436652253,
      "tn" : 1756436652253705064,
      "q" : "1",
      "p" : "0.5115",
      "s" : "sell",
      "i" : "ARKMUSD-PERP",
      "m" : "4611686018429055269"
    }, {
      "d" : "1756436651251806639",
      "t" : 1756436651251,
      "tn" : 1756436651251806639,
      "q" : "1",
      "p" : "0.5115",
      "s" : "sell",
      "i" : "ARKMUSD-PERP",
      "m" : "4611686018429055268"
    }, {
      "d" : "1756436650251446013",
      "t" : 1756436650251,
      "tn" : 1756436650251446013,
      "q" : "1",
      "p" : "0.5115",
      "s" : "sell",
      "i" : "ARKMUSD-PERP",
      "m" : "4611686018429055267"
    }, {
      "d" : "1756436649250250639",
      "t" : 1756436649250,
      "tn" : 1756436649250250639,
      "q" : "1",
      "p" : "0.5115",
      "s" : "sell",
      "i" : "ARKMUSD-PERP",
      "m" : "4611686018429055266"
    }, {
      "d" : "1756436588212571831",
      "t" : 1756436588212,
      "tn" : 1756436588212571831,
      "q" : "1",
      "p" : "0.5123",
      "s" : "sell",
      "i" : "ARKMUSD-PERP",
      "m" : "4611686018429055265"
    }, {
      "d" : "1756436587210648503",
      "t" : 1756436587210,
      "tn" : 1756436587210648503,
      "q" : "1",
      "p" : "0.5124",
      "s" : "sell",
      "i" : "ARKMUSD-PERP",
      "m" : "4611686018429055264"
    }, {
      "d" : "1756436478057173294",
      "t" : 1756436478057,
      "tn" : 1756436478057173294,
      "q" : "1",
      "p" : "0.5125",
      "s" : "sell",
      "i" : "ARKMUSD-PERP",
      "m" : "4611686018429055263"
    }, {
      "d" : "1756436477056815805",
      "t" : 1756436477056,
      "tn" : 1756436477056815805,
      "q" : "1",
      "p" : "0.5125",
      "s" : "sell",
      "i" : "ARKMUSD-PERP",
      "m" : "4611686018429055262"
    }, {
      "d" : "1756436476056612707",
      "t" : 1756436476056,
      "tn" : 1756436476056612707,
      "q" : "1",
      "p" : "0.5124",
      "s" : "sell",
      "i" : "ARKMUSD-PERP",
      "m" : "4611686018429055261"
    }, {
      "d" : "1756436475056210128",
      "t" : 1756436475056,
      "tn" : 1756436475056210128,
      "q" : "1",
      "p" : "0.5124",
      "s" : "sell",
      "i" : "ARKMUSD-PERP",
      "m" : "4611686018429055260"
    }, {
      "d" : "1756436474054683808",
      "t" : 1756436474054,
      "tn" : 1756436474054683808,
      "q" : "1",
      "p" : "0.5124",
      "s" : "sell",
      "i" : "ARKMUSD-PERP",
      "m" : "4611686018429055259"
    }, {
      "d" : "1756436370196767040",
      "t" : 1756436370196,
      "tn" : 1756436370196767040,
      "q" : "1",
      "p" : "0.5121",
      "s" : "buy",
      "i" : "ARKMUSD-PERP",
      "m" : "4611686018429055258"
    }, {
      "d" : "1756436343954894587",
      "t" : 1756436343954,
      "tn" : 1756436343954894587,
      "q" : "96",
      "p" : "0.5104",
      "s" : "sell",
      "i" : "ARKMUSD-PERP",
      "m" : "4611686018429055257"
    }, {
      "d" : "1756413125945563250",
      "t" : 1756413125945,
      "tn" : 1756413125945563250,
      "q" : "397",
      "p" : "0.5024",
      "s" : "buy",
      "i" : "ARKMUSD-PERP",
      "m" : "4611686018429055256"
    }, {
      "d" : "1756411865291452133",
      "t" : 1756411865291,
      "tn" : 1756411865291452133,
      "q" : "400",
      "p" : "0.4995",
      "s" : "sell",
      "i" : "ARKMUSD-PERP",
      "m" : "4611686018429055255"
    }, {
      "d" : "1756411865291450556",
      "t" : 1756411865291,
      "tn" : 1756411865291450556,
      "q" : "1",
      "p" : "0.5003",
      "s" : "sell",
      "i" : "ARKMUSD-PERP",
      "m" : "4611686018429055254"
    }, {
      "d" : "1756411865291446764",
      "t" : 1756411865291,
      "tn" : 1756411865291446764,
      "q" : "1",
      "p" : "0.5004",
      "s" : "sell",
      "i" : "ARKMUSD-PERP",
      "m" : "4611686018429055253"
    }, {
      "d" : "1756409046453565786",
      "t" : 1756409046453,
      "tn" : 1756409046453565786,
      "q" : "394",
      "p" : "0.5064",
      "s" : "buy",
      "i" : "ARKMUSD-PERP",
      "m" : "4611686018429055252"
    }, {
      "d" : "1756409046453563689",
      "t" : 1756409046453,
      "tn" : 1756409046453563689,
      "q" : "1",
      "p" : "0.5061",
      "s" : "buy",
      "i" : "ARKMUSD-PERP",
      "m" : "4611686018429055251"
    }, {
      "d" : "1756409046453560963",
      "t" : 1756409046453,
      "tn" : 1756409046453560963,
      "q" : "1",
      "p" : "0.5060",
      "s" : "buy",
      "i" : "ARKMUSD-PERP",
      "m" : "4611686018429055250"
    }, {
      "d" : "1756405547402016497",
      "t" : 1756405547402,
      "tn" : 1756405547402016497,
      "q" : "393",
      "p" : "0.5074",
      "s" : "buy",
      "i" : "ARKMUSD-PERP",
      "m" : "4611686018429055249"
    }, {
      "d" : "1756401678824065306",
      "t" : 1756401678824,
      "tn" : 1756401678824065306,
      "q" : "1",
      "p" : "0.5064",
      "s" : "buy",
      "i" : "ARKMUSD-PERP",
      "m" : "4611686018429055248"
    }, {
      "d" : "1756397994265150587",
      "t" : 1756397994265,
      "tn" : 1756397994265150587,
      "q" : "386",
      "p" : "0.5180",
      "s" : "buy",
      "i" : "ARKMUSD-PERP",
      "m" : "4611686018429055247"
    }, {
      "d" : "1756397994265148309",
      "t" : 1756397994265,
      "tn" : 1756397994265148309,
      "q" : "1",
      "p" : "0.5177",
      "s" : "buy",
      "i" : "ARKMUSD-PERP",
      "m" : "4611686018429055246"
    }, {
      "d" : "1756397994265146280",
      "t" : 1756397994265,
      "tn" : 1756397994265146280,
      "q" : "1",
      "p" : "0.5176",
      "s" : "buy",
      "i" : "ARKMUSD-PERP",
      "m" : "4611686018429055245"
    }, {
      "d" : "1756394225195697466",
      "t" : 1756394225195,
      "tn" : 1756394225195697464,
      "q" : "1",
      "p" : "0.5239",
      "s" : "buy",
      "i" : "ARKMUSD-PERP",
      "m" : "4611686018429055244"
    }, {
      "d" : "1756394225195697465",
      "t" : 1756394225195,
      "tn" : 1756394225195697464,
      "q" : "1",
      "p" : "0.5239",
      "s" : "buy",
      "i" : "ARKMUSD-PERP",
      "m" : "4611686018429055244"
    }, {
      "d" : "1756394225195697464",
      "t" : 1756394225195,
      "tn" : 1756394225195697464,
      "q" : "381",
      "p" : "0.5239",
      "s" : "buy",
      "i" : "ARKMUSD-PERP",
      "m" : "4611686018429055244"
    }, {
      "d" : "1756392964136053989",
      "t" : 1756392964136,
      "tn" : 1756392964136053989,
      "q" : "1",
      "p" : "0.5229",
      "s" : "sell",
      "i" : "ARKMUSD-PERP",
      "m" : "4611686018429055243"
    }, {
      "d" : "1756391453790221180",
      "t" : 1756391453790,
      "tn" : 1756391453790221180,
      "q" : "383",
      "p" : "0.5201",
      "s" : "buy",
      "i" : "ARKMUSD-PERP",
      "m" : "4611686018429055242"
    }, {
      "d" : "1756391453790219689",
      "t" : 1756391453790,
      "tn" : 1756391453790219689,
      "q" : "1",
      "p" : "0.5198",
      "s" : "buy",
      "i" : "ARKMUSD-PERP",
      "m" : "4611686018429055241"
    }, {
      "d" : "1756389630199349431",
      "t" : 1756389630199,
      "tn" : 1756389630199349431,
      "q" : "192",
      "p" : "0.5176",
      "s" : "buy",
      "i" : "ARKMUSD-PERP",
      "m" : "4611686018429055240"
    }, {
      "d" : "1756387171619143457",
      "t" : 1756387171619,
      "tn" : 1756387171619143457,
      "q" : "192",
      "p" : "0.5134",
      "s" : "buy",
      "i" : "ARKMUSD-PERP",
      "m" : "4611686018429055239"
    }, {
      "d" : "1756382527146147992",
      "t" : 1756382527146,
      "tn" : 1756382527146147992,
      "q" : "1",
      "p" : "0.5103",
      "s" : "sell",
      "i" : "ARKMUSD-PERP",
      "m" : "4611686018429055238"
    }, {
      "d" : "1756378945536004322",
      "t" : 1756378945536,
      "tn" : 1756378945536004322,
      "q" : "1",
      "p" : "0.5100",
      "s" : "sell",
      "i" : "ARKMUSD-PERP",
      "m" : "4611686018429055237"
    }, {
      "d" : "1756374504380708226",
      "t" : 1756374504380,
      "tn" : 1756374504380708226,
      "q" : "394",
      "p" : "0.5071",
      "s" : "sell",
      "i" : "ARKMUSD-PERP",
      "m" : "4611686018429055236"
    }, {
      "d" : "1756374504380706077",
      "t" : 1756374504380,
      "tn" : 1756374504380706077,
      "q" : "1",
      "p" : "0.5077",
      "s" : "sell",
      "i" : "ARKMUSD-PERP",
      "m" : "4611686018429055235"
    }, {
      "d" : "1756374504380703369",
      "t" : 1756374504380,
      "tn" : 1756374504380703369,
      "q" : "1",
      "p" : "0.5079",
      "s" : "sell",
      "i" : "ARKMUSD-PERP",
      "m" : "4611686018429055234"
    } ]
  }
}