{
  "id" : -1,
  "method" : "public/get-trades",
  "code" : 0,
  "result" : {
    "data" : [ {
      "d" : "1756460057151669615",
      "t" : 1756460057151,
      "tn" : 1756460057151669615,
      "q" : "10",
      "p" : "0.43636",
      "s" : "sell",
      "i" : "ARKUSD-PERP",
      "m" : "4611686018428970751"
    }, {
      "d" : "1756455040836047746",
      "t" : 1756455040836,
      "tn" : 1756455040836047746,
      "q" : "10",
      "p" : "0.43920",
      "s" : "buy",
      "i" : "ARKUSD-PERP",
      "m" : "4611686018428970750"
    }, {
      "d" : "1756454690919743208",
      "t" : 1756454690919,
      "tn" : 1756454690919743208,
      "q" : "10",
      "p" : "0.44099",
      "s" : "sell",
      "i" : "ARKUSD-PERP",
      "m" : "4611686018428970749"
    }, {
      "d" : "1756454690919740927",
      "t" : 1756454690919,
      "tn" : 1756454690919740927,
      "q" : "10",
      "p" : "0.44108",
      "s" : "sell",
      "i" : "ARKUSD-PERP",
      "m" : "4611686018428970748"
    }, {
      "d" : "1756453560301805219",
      "t" : 1756453560301,
      "tn" : 1756453560301805219,
      "q" : "10",
      "p" : "0.44213",
      "s" : "sell",
      "i" : "ARKUSD-PERP",
      "m" : "4611686018428970747"
    }, {
      "d" : "1756453560301803052",
      "t" : 1756453560301,
      "tn" : 1756453560301803052,
      "q" : "10",
      "p" : "0.44216",
      "s" : "sell",
      "i" : "ARKUSD-PERP",
      "m" : "4611686018428970746"
    }, {
      "d" : "1756452054202717077",
      "t" : 1756452054202,
      "tn" : 1756452054202717077,
      "q" : "10",
      "p" : "0.44376",
      "s" : "buy",
      "i" : "ARKUSD-PERP",
      "m" : "4611686018428970745"
    }, {
      "d" : "1756452054200686405",
      "t" : 1756452054200,
      "tn" : 1756452054200686405,
      "q" : "10",
      "p" : "0.44357",
      "s" : "buy",
      "i" : "ARKUSD-PERP",
      "m" : "4611686018428970744"
    }, {
      "d" : "1756451805384381061",
      "t" : 1756451805384,
      "tn" : 1756451805384381061,
      "q" : "10",
      "p" : "0.44452",
      "s" : "buy",
      "i" : "ARKUSD-PERP",
      "m" : "4611686018428970743"
    }, {
      "d" : "1756451805384016567",
      "t" : 1756451805384,
      "tn" : 1756451805384016567,
      "q" : "10",
      "p" : "0.44420",
      "s" : "buy",
      "i" : "ARKUSD-PERP",
      "m" : "4611686018428970742"
    }, {
      "d" : "1756451791832317998",
      "t" : 1756451791832,
      "tn" : 1756451791832317998,
      "q" : "10",
      "p" : "0.44292",
      "s" : "buy",
      "i" : "ARKUSD-PERP",
      "m" : "4611686018428970741"
    }, {
      "d" : "1756451620105228077",
      "t" : 1756451620105,
      "tn" : 1756451620105228077,
      "q" : "460",
      "p" : "0.44189",
      "s" : "sell",
      "i" : "ARKUSD-PERP",
      "m" : "4611686018428970740"
    }, {
      "d" : "1756451616671034778",
      "t" : 1756451616671,
      "tn" : 1756451616671034778,
      "q" : "10",
      "p" : "0.44216",
      "s" : "sell",
      "i" : "ARKUSD-PERP",
      "m" : "4611686018428970739"
    }, {
      "d" : "1756445220871499957",
      "t" : 1756445220871,
      "tn" : 1756445220871499957,
      "q" : "10",
      "p" : "0.45295",
      "s" : "sell",
      "i" : "ARKUSD-PERP",
      "m" : "4611686018428970738"
    }, {
      "d" : "1756440591675214059",
      "t" : 1756440591675,
      "tn" : 1756440591675214059,
      "q" : "10",
      "p" : "0.45810",
      "s" : "sell",
      "i" : "ARKUSD-PERP",
      "m" : "4611686018428970737"
    }, {
      "d" : "1756440586914330549",
      "t" : 1756440586914,
      "tn" : 1756440586914330549,
      "q" : "10",
      "p" : "0.45840",
      "s" : "sell",
      "i" : "ARKUSD-PERP",
      "m" : "4611686018428970736"
    }, {
      "d" : "1756438123483242066",
      "t" : 1756438123483,
      "tn" : 1756438123483242066,
      "q" : "10",
      "p" : "0.45480",
      "s" : "sell",
      "i" : "ARKUSD-PERP",
      "m" : "4611686018428970735"
    }, {
      "d" : "1756437730235647138",
      "t" : 1756437730235,
      "tn" : 1756437730235647138,
      "q" : "10",
      "p" : "0.45530",
      "s" : "sell",
      "i" : "ARKUSD-PERP",
      "m" : "4611686018428970734"
    }, {
      "d" : "1756435781250158862",
      "t" : 1756435781250,
      "tn" : 1756435781250158862,
      "q" : "10",
      "p" : "0.45490",
      "s" : "sell",
      "i" : "ARKUSD-PERP",
      "m" : "4611686018428970733"
    }, {
      "d" : "1756435781250157862",
      "t" : 1756435781250,
      "tn" : 1756435781250157862,
      "q" : "10",
      "p" : "0.45500",
      "s" : "sell",
      "i" : "ARKUSD-PERP",
      "m" : "4611686018428970732"
    }, {
      "d" : "1756430900671023489",
      "t" : 1756430900671,
      "tn" : 1756430900671023489,
      "q" : "10",
      "p" : "0.45297",
      "s" : "sell",
      "i" : "ARKUSD-PERP",
      "m" : "4611686018428970731"
    }, {
      "d" : "1756429631588036702",
      "t" : 1756429631588,
      "tn" : 1756429631588036702,
      "q" : "10",
      "p" : "0.45544",
      "s" : "sell",
      "i" : "ARKUSD-PERP",
      "m" : "4611686018428970730"
    }, {
      "d" : "1756427616037768157",
      "t" : 1756427616037,
      "tn" : 1756427616037768157,
      "q" : "10",
      "p" : "0.45705",
      "s" : "sell",
      "i" : "ARKUSD-PERP",
      "m" : "4611686018428970729"
    }, {
      "d" : "1756425614092553573",
      "t" : 1756425614092,
      "tn" : 1756425614092553573,
      "q" : "10",
      "p" : "0.46401",
      "s" : "sell",
      "i" : "ARKUSD-PERP",
      "m" : "4611686018428970728"
    }, {
      "d" : "1756425611249084020",
      "t" : 1756425611249,
      "tn" : 1756425611249084020,
      "q" : "10",
      "p" : "0.46498",
      "s" : "sell",
      "i" : "ARKUSD-PERP",
      "m" : "4611686018428970727"
    }, {
      "d" : "1756425608502758612",
      "t" : 1756425608502,
      "tn" : 1756425608502758612,
      "q" : "10",
      "p" : "0.46305",
      "s" : "buy",
      "i" : "ARKUSD-PERP",
      "m" : "4611686018428970726"
    }, {
      "d" : "1756424994975130579",
      "t" : 1756424994975,
      "tn" : 1756424994975130579,
      "q" : "10",
      "p" : "0.46039",
      "s" : "buy",
      "i" : "ARKUSD-PERP",
      "m" : "4611686018428970725"
    }, {
      "d" : "1756424994973653300",
      "t" : 1756424994973,
      "tn" : 1756424994973653300,
      "q" : "10",
      "p" : "0.46035",
      "s" : "buy",
      "i" : "ARKUSD-PERP",
      "m" : "4611686018428970724"
    }, {
      "d" : "1756410201789118001",
      "t" : 1756410201789,
      "tn" : 1756410201789118001,
      "q" : "10",
      "p" : "0.45485",
      "s" : "sell",
      "i" : "ARKUSD-PERP",
      "m" : "4611686018428970723"
    }, {
      "d" : "1756410201789116231",
      "t" : 1756410201789,
      "tn" : 1756410201789116231,
      "q" : "10",
      "p" : "0.45507",
      "s" : "sell",
      "i" : "ARKUSD-PERP",
      "m" : "4611686018428970722"
    }, {
      "d" : "1756405717471982184",
      "t" : 1756405717471,
      "tn" : 1756405717471982184,
      "q" : "10",
      "p" : "0.45735",
      "s" : "buy",
      "i" : "ARKUSD-PERP",
      "m" : "4611686018428970721"
    }, {
      "d" : "1756405717471978908",
      "t" : 1756405717471,
      "tn" : 1756405717471978908,
      "q" : "10",
      "p" : "0.45728",
      "s" : "buy",
      "i" : "ARKUSD-PERP",
      "m" : "4611686018428970720"
    }, {
      "d" : "1756400294618041788",
      "t" : 1756400294618,
      "tn" : 1756400294618041788,
      "q" : "10",
      "p" : "0.45450",
      "s" : "sell",
      "i" : "ARKUSD-PERP",
      "m" : "4611686018428970719"
    }, {
      "d" : "1756400294618039166",
      "t" : 1756400294618,
      "tn" : 1756400294618039166,
      "q" : "10",
      "p" : "0.45467",
      "s" : "sell",
      "i" : "ARKUSD-PERP",
      "m" : "4611686018428970718"
    }, {
      "d" : "1756395336525184610",
      "t" : 1756395336525,
      "tn" : 1756395336525184610,
      "q" : "10",
      "p" : "0.45894",
      "s" : "sell",
      "i" : "ARKUSD-PERP",
      "m" : "4611686018428970717"
    }, {
      "d" : "1756395318574966417",
      "t" : 1756395318574,
      "tn" : 1756395318574966417,
      "q" : "10",
      "p" : "0.45935",
      "s" : "sell",
      "i" : "ARKUSD-PERP",
      "m" : "4611686018428970716"
    }, {
      "d" : "1756395318574963757",
      "t" : 1756395318574,
      "tn" : 1756395318574963757,
      "q" : "10",
      "p" : "0.45964",
      "s" : "sell",
      "i" : "ARKUSD-PERP",
      "m" : "4611686018428970715"
    }, {
      "d" : "1756395256754222499",
      "t" : 1756395256754,
      "tn" : 1756395256754222499,
      "q" : "10",
      "p" : "0.45952",
      "s" : "buy",
      "i" : "ARKUSD-PERP",
      "m" : "4611686018428970714"
    }, {
      "d" : "1756395256754219655",
      "t" : 1756395256754,
      "tn" : 1756395256754219655,
      "q" : "10",
      "p" : "0.45935",
      "s" : "buy",
      "i" : "ARKUSD-PERP",
      "m" : "4611686018428970713"
    }, {
      "d" : "1756394202511955010",
      "t" : 1756394202511,
      "tn" : 1756394202511955010,
      "q" : "10",
      "p" : "0.46156",
      "s" : "buy",
      "i" : "ARKUSD-PERP",
      "m" : "4611686018428970712"
    }, {
      "d" : "1756394202509183036",
      "t" : 1756394202509,
      "tn" : 1756394202509183036,
      "q" : "10",
      "p" : "0.46145",
      "s" : "buy",
      "i" : "ARKUSD-PERP",
      "m" : "4611686018428970711"
    }, {
      "d" : "1756393901720014460",
      "t" : 1756393901720,
      "tn" : 1756393901720014460,
      "q" : "10",
      "p" : "0.45848",
      "s" : "buy",
      "i" : "ARKUSD-PERP",
      "m" : "4611686018428970710"
    }, {
      "d" : "1756393901717044903",
      "t" : 1756393901717,
      "tn" : 1756393901717044903,
      "q" : "10",
      "p" : "0.45845",
      "s" : "buy",
      "i" : "ARKUSD-PERP",
      "m" : "4611686018428970709"
    }, {
      "d" : "1756393854854059621",
      "t" : 1756393854854,
      "tn" : 1756393854854059621,
      "q" : "10",
      "p" : "0.45908",
      "s" : "sell",
      "i" : "ARKUSD-PERP",
      "m" : "4611686018428970708"
    }, {
      "d" : "1756393834898962148",
      "t" : 1756393834898,
      "tn" : 1756393834898962148,
      "q" : "10",
      "p" : "0.45944",
      "s" : "sell",
      "i" : "ARKUSD-PERP",
      "m" : "4611686018428970707"
    }, {
      "d" : "1756393309601072008",
      "t" : 1756393309601,
      "tn" : 1756393309601072008,
      "q" : "10",
      "p" : "0.46146",
      "s" : "buy",
      "i" : "ARKUSD-PERP",
      "m" : "4611686018428970706"
    }, {
      "d" : "1756393309601069560",
      "t" : 1756393309601,
      "tn" : 1756393309601069560,
      "q" : "10",
      "p" : "0.46135",
      "s" : "buy",
      "i" : "ARKUSD-PERP",
      "m" : "4611686018428970705"
    }, {
      "d" : "1756392970280979971",
      "t" : 1756392970280,
      "tn" : 1756392970280979971,
      "q" : "10",
      "p" : "0.46139",
      "s" : "buy",
      "i" : "ARKUSD-PERP",
      "m" : "4611686018428970704"
    }, {
      "d" : "1756392756134031260",
      "t" : 1756392756134,
      "tn" : 1756392756134031260,
      "q" : "10",
      "p" : "0.46065",
      "s" : "buy",
      "i" : "ARKUSD-PERP",
      "m" : "4611686018428970703"
    }, {
      "d" : "1756392756134029082",
      "t" : 1756392756134,
      "tn" : 1756392756134029082,
      "q" : "10",
      "p" : "0.46062",
      "s" : "buy",
      "i" : "ARKUSD-PERP",
      "m" : "4611686018428970702"
    }, {
      "d" : "1756387696934054476",
      "t" : 1756387696934,
      "tn" : 1756387696934054476,
      "q" : "10",
      "p" : "0.45860",
      "s" : "buy",
      "i" : "ARKUSD-PERP",
      "m" : "4611686018428970701"
    }, {
      "d" : "1756387696934052023",
      "t" : 1756387696934,
      "tn" : 1756387696934052023,
      "q" : "10",
      "p" : "0.45835",
      "s" : "buy",
      "i" : "ARKUSD-PERP",
      "m" : "4611686018428970700"
    }, {
      "d" : "1756379455771607665",
      "t" : 1756379455771,
      "tn" : 1756379455771607665,
      "q" : "10",
      "p" : "0.45535",
      "s" : "sell",
      "i" : "ARKUSD-PERP",
      "m" : "4611686018428970699"
    }, {
      "d" : "1756379455770686643",
      "t" : 1756379455770,
      "tn" : 1756379455770686643,
      "q" : "10",
      "p" : "0.45544",
      "s" : "sell",
      "i" : "ARKUSD-PERP",
      "m" : "4611686018428970698"
    }, {
      "d" : "1756378801744660557",
      "t" : 1756378801744,
      "tn" : 1756378801744660557,
      "q" : "10",
      "p" : "0.45701",
      "s" : "sell",
      "i" : "ARKUSD-PERP",
      "m" : "4611686018428970697"
    }, {
      "d" : "1756377080284755159",
      "t" : 1756377080284,
      "tn" : 1756377080284755159,
      "q" : "10",
      "p" : "0.45601",
      "s" : "buy",
      "i" : "ARKUSD-PERP",
      "m" : "4611686018428970696"
    }, {
      "d" : "1756377080284752600",
      "t" : 1756377080284,
      "tn" : 1756377080284752600,
      "q" : "10",
      "p" : "0.45600",
      "s" : "buy",
      "i" : "ARKUSD-PERP",
      "m" : "4611686018428970695"
    }, {
      "d" : "1756377034123605208",
      "t" : 1756377034123,
      "tn" : 1756377034123605208,
      "q" : "10",
      "p" : "0.45605",
      "s" : "sell",
      "i" : "ARKUSD-PERP",
      "m" : "4611686018428970694"
    }, {
      "d" : "1756377034123197954",
      "t" : 1756377034123,
      "tn" : 1756377034123197954,
      "q" : "10",
      "p" : "0.45621",
      "s" : "sell",
      "i" : "ARKUSD-PERP",
      "m" : "4611686018428970693"
    }, {
      "d" : "1756376986869672206",
      "t" : 1756376986869,
      "tn" : 1756376986869672206,
      "q" : "10",
      "p" : "0.45735",
      "s" : "sell",
      "i" : "ARKUSD-PERP",
      "m" : "4611686018428970692"
    }, {
      "d" : "1756376986869669974",
      "t" : 1756376986869,
      "tn" : 1756376986869669974,
      "q" : "10",
      "p" : "0.45757",
      "s" : "sell",
      "i" : "ARKUSD-PERP",
      "m" : "4611686018428970691"
    }, {
      "d" : "1756375954756044256",
      "t" : 1756375954756,
      "tn" : 1756375954756044256,
      "q" : "10",
      "p" : "0.45750",
      "s" : "buy",
      "i" : "ARKUSD-PERP",
      "m" : "4611686018428970690"
    }, {
      "d" : "1756375954756041705",
      "t" : 1756375954756,
      "tn" : 1756375954756041705,
      "q" : "10",
      "p" : "0.45748",
      "s" : "buy",
      "i" : "ARKUSD-PERP",
      "m" : "4611686018428970689"
    }, {
      "d" : "1756373841004233109",
      "t" : 1756373841004,
      "tn" : 1756373841004233109,
      "q" : "10",
      "p" : "0.45691",
      "s" : "buy",
      "i" : "ARKUSD-PERP",
      "m" : "4611686018428970688"
    }, {
      "d" : "1756373841004230459",
      "t" : 1756373841004,
      "tn" : 1756373841004230459,
      "q" : "10",
      "p" : "0.45690",
      "s" : "buy",
      "i" : "ARKUSD-PERP",
      "m" : "4611686018428970687"
    } ]
  }
}