{
  "id" : -1,
  "method" : "public/get-trades",
  "code" : 0,
  "result" : {
    "data" : [ {
      "d" : "1756457683369430597",
      "t" : 1756457683369,
      "tn" : 1756457683369430597,
      "q" : "2260",
      "p" : "0.022128",
      "s" : "sell",
      "i" : "ARPAUSD-PERP",
      "m" : "4611686018430251143"
    }, {
      "d" : "1756457682260375514",
      "t" : 1756457682260,
      "tn" : 1756457682260375514,
      "q" : "2260",
      "p" : "0.022052",
      "s" : "buy",
      "i" : "ARPAUSD-PERP",
      "m" : "4611686018430251142"
    }, {
      "d" : "1756457682240899113",
      "t" : 1756457682240,
      "tn" : 1756457682240899113,
      "q" : "10",
      "p" : "0.022126",
      "s" : "sell",
      "i" : "ARPAUSD-PERP",
      "m" : "4611686018430251141"
    }, {
      "d" : "1756457682240896653",
      "t" : 1756457682240,
      "tn" : 1756457682240896653,
      "q" : "10",
      "p" : "0.022143",
      "s" : "sell",
      "i" : "ARPAUSD-PERP",
      "m" : "4611686018430251140"
    }, {
      "d" : "1756456391350700473",
      "t" : 1756456391350,
      "tn" : 1756456391350700473,
      "q" : "8950",
      "p" : "0.022352",
      "s" : "buy",
      "i" : "ARPAUSD-PERP",
      "m" : "4611686018430251139"
    }, {
      "d" : "1756456391349722788",
      "t" : 1756456391349,
      "tn" : 1756456391349722788,
      "q" : "10",
      "p" : "0.022291",
      "s" : "buy",
      "i" : "ARPAUSD-PERP",
      "m" : "4611686018430251138"
    }, {
      "d" : "1756456391349721027",
      "t" : 1756456391349,
      "tn" : 1756456391349721027,
      "q" : "10",
      "p" : "0.022290",
      "s" : "buy",
      "i" : "ARPAUSD-PERP",
      "m" : "4611686018430251137"
    }, {
      "d" : "1756449907617560386",
      "t" : 1756449907617,
      "tn" : 1756449907617560386,
      "q" : "8580",
      "p" : "0.022820",
      "s" : "buy",
      "i" : "ARPAUSD-PERP",
      "m" : "4611686018430251136"
    }, {
      "d" : "1756449906163710497",
      "t" : 1756449906163,
      "tn" : 1756449906163710497,
      "q" : "7030",
      "p" : "0.022820",
      "s" : "buy",
      "i" : "ARPAUSD-PERP",
      "m" : "4611686018430251135"
    }, {
      "d" : "1756449904330553622",
      "t" : 1756449904330,
      "tn" : 1756449904330553622,
      "q" : "5350",
      "p" : "0.022815",
      "s" : "buy",
      "i" : "ARPAUSD-PERP",
      "m" : "4611686018430251134"
    }, {
      "d" : "1756449904330551670",
      "t" : 1756449904330,
      "tn" : 1756449904330551670,
      "q" : "12570",
      "p" : "0.022805",
      "s" : "buy",
      "i" : "ARPAUSD-PERP",
      "m" : "4611686018430251133"
    }, {
      "d" : "1756449903681161115",
      "t" : 1756449903681,
      "tn" : 1756449903681161115,
      "q" : "17920",
      "p" : "0.022805",
      "s" : "buy",
      "i" : "ARPAUSD-PERP",
      "m" : "4611686018430251132"
    }, {
      "d" : "1756449616278126074",
      "t" : 1756449616278,
      "tn" : 1756449616278126074,
      "q" : "8150",
      "p" : "0.022885",
      "s" : "buy",
      "i" : "ARPAUSD-PERP",
      "m" : "4611686018430251131"
    }, {
      "d" : "1756442455380240033",
      "t" : 1756442455380,
      "tn" : 1756442455380240033,
      "q" : "8500",
      "p" : "0.022803",
      "s" : "buy",
      "i" : "ARPAUSD-PERP",
      "m" : "4611686018430251130"
    }, {
      "d" : "1756442455380238223",
      "t" : 1756442455380,
      "tn" : 1756442455380238223,
      "q" : "10",
      "p" : "0.022780",
      "s" : "buy",
      "i" : "ARPAUSD-PERP",
      "m" : "4611686018430251129"
    }, {
      "d" : "1756436255667824661",
      "t" : 1756436255667,
      "tn" : 1756436255667824661,
      "q" : "8810",
      "p" : "0.022675",
      "s" : "sell",
      "i" : "ARPAUSD-PERP",
      "m" : "4611686018430251128"
    }, {
      "d" : "1756436255666841743",
      "t" : 1756436255666,
      "tn" : 1756436255666841743,
      "q" : "10",
      "p" : "0.022716",
      "s" : "sell",
      "i" : "ARPAUSD-PERP",
      "m" : "4611686018430251127"
    }, {
      "d" : "1756436255666839239",
      "t" : 1756436255666,
      "tn" : 1756436255666839239,
      "q" : "10",
      "p" : "0.022733",
      "s" : "sell",
      "i" : "ARPAUSD-PERP",
      "m" : "4611686018430251126"
    }, {
      "d" : "1756404961164307126",
      "t" : 1756404961164,
      "tn" : 1756404961164307126,
      "q" : "4640",
      "p" : "0.022820",
      "s" : "sell",
      "i" : "ARPAUSD-PERP",
      "m" : "4611686018430251125"
    }, {
      "d" : "1756404961164305513",
      "t" : 1756404961164,
      "tn" : 1756404961164305513,
      "q" : "10",
      "p" : "0.022824",
      "s" : "sell",
      "i" : "ARPAUSD-PERP",
      "m" : "4611686018430251124"
    }, {
      "d" : "1756404948219597307",
      "t" : 1756404948219,
      "tn" : 1756404948219597307,
      "q" : "270",
      "p" : "0.022775",
      "s" : "buy",
      "i" : "ARPAUSD-PERP",
      "m" : "4611686018430251123"
    }, {
      "d" : "1756404948183674693",
      "t" : 1756404948183,
      "tn" : 1756404948183674693,
      "q" : "2190",
      "p" : "0.022735",
      "s" : "buy",
      "i" : "ARPAUSD-PERP",
      "m" : "4611686018430251122"
    }, {
      "d" : "1756404948181776100",
      "t" : 1756404948181,
      "tn" : 1756404948181776100,
      "q" : "2190",
      "p" : "0.022730",
      "s" : "buy",
      "i" : "ARPAUSD-PERP",
      "m" : "4611686018430251121"
    }, {
      "d" : "1756404948160886876",
      "t" : 1756404948160,
      "tn" : 1756404948160886876,
      "q" : "10",
      "p" : "0.022826",
      "s" : "sell",
      "i" : "ARPAUSD-PERP",
      "m" : "4611686018430251120"
    }, {
      "d" : "1756404948160884725",
      "t" : 1756404948160,
      "tn" : 1756404948160884725,
      "q" : "10",
      "p" : "0.022844",
      "s" : "sell",
      "i" : "ARPAUSD-PERP",
      "m" : "4611686018430251119"
    }, {
      "d" : "1756398452656052884",
      "t" : 1756398452656,
      "tn" : 1756398452656052884,
      "q" : "6920",
      "p" : "0.023141",
      "s" : "buy",
      "i" : "ARPAUSD-PERP",
      "m" : "4611686018430251118"
    }, {
      "d" : "1756398452654888607",
      "t" : 1756398452654,
      "tn" : 1756398452654888607,
      "q" : "10",
      "p" : "0.023081",
      "s" : "buy",
      "i" : "ARPAUSD-PERP",
      "m" : "4611686018430251117"
    }, {
      "d" : "1756398452654885685",
      "t" : 1756398452654,
      "tn" : 1756398452654885685,
      "q" : "10",
      "p" : "0.023076",
      "s" : "buy",
      "i" : "ARPAUSD-PERP",
      "m" : "4611686018430251116"
    } ]
  }
}