{
  "id" : -1,
  "method" : "public/get-trades",
  "code" : 0,
  "result" : {
    "data" : [ {
      "d" : "1756457682415277254",
      "t" : 1756457682415,
      "tn" : 1756457682415277254,
      "q" : "1140",
      "p" : "0.021942",
      "s" : "buy",
      "i" : "ARPA_USD",
      "m" : "4611686018430046388"
    }, {
      "d" : "1756457682399318287",
      "t" : 1756457682399,
      "tn" : 1756457682399318287,
      "q" : "4100",
      "p" : "0.021942",
      "s" : "buy",
      "i" : "ARPA_USD",
      "m" : "4611686018430046387"
    }, {
      "d" : "1756457682384171299",
      "t" : 1756457682384,
      "tn" : 1756457682384171299,
      "q" : "4100",
      "p" : "0.021942",
      "s" : "buy",
      "i" : "ARPA_USD",
      "m" : "4611686018430046386"
    }, {
      "d" : "1756457682368664002",
      "t" : 1756457682368,
      "tn" : 1756457682368664002,
      "q" : "4100",
      "p" : "0.021942",
      "s" : "buy",
      "i" : "ARPA_USD",
      "m" : "4611686018430046385"
    }, {
      "d" : "1756457682349285509",
      "t" : 1756457682349,
      "tn" : 1756457682349285509,
      "q" : "4100",
      "p" : "0.021942",
      "s" : "buy",
      "i" : "ARPA_USD",
      "m" : "4611686018430046384"
    }, {
      "d" : "1756457682328476663",
      "t" : 1756457682328,
      "tn" : 1756457682328476663,
      "q" : "4100",
      "p" : "0.021942",
      "s" : "buy",
      "i" : "ARPA_USD",
      "m" : "4611686018430046383"
    }, {
      "d" : "1756457682308196815",
      "t" : 1756457682308,
      "tn" : 1756457682308196815,
      "q" : "4100",
      "p" : "0.021942",
      "s" : "buy",
      "i" : "ARPA_USD",
      "m" : "4611686018430046382"
    }, {
      "d" : "1756457682289375518",
      "t" : 1756457682289,
      "tn" : 1756457682289375518,
      "q" : "4100",
      "p" : "0.021942",
      "s" : "buy",
      "i" : "ARPA_USD",
      "m" : "4611686018430046381"
    }, {
      "d" : "1756457682273241142",
      "t" : 1756457682273,
      "tn" : 1756457682273241142,
      "q" : "4100",
      "p" : "0.021942",
      "s" : "buy",
      "i" : "ARPA_USD",
      "m" : "4611686018430046380"
    }, {
      "d" : "1756457682261249740",
      "t" : 1756457682261,
      "tn" : 1756457682261249740,
      "q" : "2260",
      "p" : "0.021942",
      "s" : "buy",
      "i" : "ARPA_USD",
      "m" : "4611686018430046379"
    }, {
      "d" : "1756457682257013813",
      "t" : 1756457682257,
      "tn" : 1756457682257013813,
      "q" : "1200",
      "p" : "0.021942",
      "s" : "buy",
      "i" : "ARPA_USD",
      "m" : "4611686018430046378"
    }, {
      "d" : "1756457682255538644",
      "t" : 1756457682255,
      "tn" : 1756457682255538644,
      "q" : "4100",
      "p" : "0.021942",
      "s" : "buy",
      "i" : "ARPA_USD",
      "m" : "4611686018430046377"
    }, {
      "d" : "1756457682238244129",
      "t" : 1756457682238,
      "tn" : 1756457682238244129,
      "q" : "4100",
      "p" : "0.021942",
      "s" : "buy",
      "i" : "ARPA_USD",
      "m" : "4611686018430046376"
    }, {
      "d" : "1756457682234184011",
      "t" : 1756457682234,
      "tn" : 1756457682234184011,
      "q" : "600",
      "p" : "0.021942",
      "s" : "buy",
      "i" : "ARPA_USD",
      "m" : "4611686018430046375"
    }, {
      "d" : "1756457682231704174",
      "t" : 1756457682231,
      "tn" : 1756457682231704174,
      "q" : "920",
      "p" : "0.021942",
      "s" : "sell",
      "i" : "ARPA_USD",
      "m" : "4611686018430046374"
    }, {
      "d" : "1756456391343846055",
      "t" : 1756456391343,
      "tn" : 1756456391343846055,
      "q" : "460",
      "p" : "0.022324",
      "s" : "buy",
      "i" : "ARPA_USD",
      "m" : "4611686018430046373"
    }, {
      "d" : "1756454684195464099",
      "t" : 1756454684195,
      "tn" : 1756454684195464099,
      "q" : "1790",
      "p" : "0.022306",
      "s" : "sell",
      "i" : "ARPA_USD",
      "m" : "4611686018430046372"
    }, {
      "d" : "1756454684177546782",
      "t" : 1756454684177,
      "tn" : 1756454684177546782,
      "q" : "17930",
      "p" : "0.022306",
      "s" : "sell",
      "i" : "ARPA_USD",
      "m" : "4611686018430046371"
    }, {
      "d" : "1756454684174152647",
      "t" : 1756454684174,
      "tn" : 1756454684174152647,
      "q" : "460",
      "p" : "0.022306",
      "s" : "sell",
      "i" : "ARPA_USD",
      "m" : "4611686018430046370"
    }, {
      "d" : "1756454684171398170",
      "t" : 1756454684171,
      "tn" : 1756454684171398170,
      "q" : "270",
      "p" : "0.022306",
      "s" : "buy",
      "i" : "ARPA_USD",
      "m" : "4611686018430046369"
    }, {
      "d" : "1756452771031149610",
      "t" : 1756452771031,
      "tn" : 1756452771031149610,
      "q" : "8430",
      "p" : "0.022517",
      "s" : "buy",
      "i" : "ARPA_USD",
      "m" : "4611686018430046368"
    }, {
      "d" : "1756452771031147671",
      "t" : 1756452771031,
      "tn" : 1756452771031147671,
      "q" : "450",
      "p" : "0.022516",
      "s" : "buy",
      "i" : "ARPA_USD",
      "m" : "4611686018430046367"
    }, {
      "d" : "1756442455379319572",
      "t" : 1756442455379,
      "tn" : 1756442455379319572,
      "q" : "270",
      "p" : "0.022795",
      "s" : "buy",
      "i" : "ARPA_USD",
      "m" : "4611686018430046366"
    }, {
      "d" : "1756404948452831957",
      "t" : 1756404948452,
      "tn" : 1756404948452831957,
      "q" : "3980",
      "p" : "0.022602",
      "s" : "buy",
      "i" : "ARPA_USD",
      "m" : "4611686018430046365"
    }, {
      "d" : "1756404948437291954",
      "t" : 1756404948437,
      "tn" : 1756404948437291954,
      "q" : "3980",
      "p" : "0.022602",
      "s" : "buy",
      "i" : "ARPA_USD",
      "m" : "4611686018430046364"
    }, {
      "d" : "1756404948419422776",
      "t" : 1756404948419,
      "tn" : 1756404948419422776,
      "q" : "3980",
      "p" : "0.022602",
      "s" : "buy",
      "i" : "ARPA_USD",
      "m" : "4611686018430046363"
    }, {
      "d" : "1756404948404303786",
      "t" : 1756404948404,
      "tn" : 1756404948404303786,
      "q" : "3980",
      "p" : "0.022602",
      "s" : "buy",
      "i" : "ARPA_USD",
      "m" : "4611686018430046362"
    }, {
      "d" : "1756404948367886456",
      "t" : 1756404948367,
      "tn" : 1756404948367886456,
      "q" : "3980",
      "p" : "0.022602",
      "s" : "buy",
      "i" : "ARPA_USD",
      "m" : "4611686018430046361"
    }, {
      "d" : "1756404948351241396",
      "t" : 1756404948351,
      "tn" : 1756404948351241396,
      "q" : "3630",
      "p" : "0.022602",
      "s" : "buy",
      "i" : "ARPA_USD",
      "m" : "4611686018430046360"
    }, {
      "d" : "1756404948264959353",
      "t" : 1756404948264,
      "tn" : 1756404948264959353,
      "q" : "160",
      "p" : "0.022602",
      "s" : "buy",
      "i" : "ARPA_USD",
      "m" : "4611686018430046359"
    }, {
      "d" : "1756404948264957809",
      "t" : 1756404948264,
      "tn" : 1756404948264957809,
      "q" : "3820",
      "p" : "0.022601",
      "s" : "buy",
      "i" : "ARPA_USD",
      "m" : "4611686018430046358"
    }, {
      "d" : "1756404948183420172",
      "t" : 1756404948183,
      "tn" : 1756404948183420172,
      "q" : "3980",
      "p" : "0.022601",
      "s" : "buy",
      "i" : "ARPA_USD",
      "m" : "4611686018430046357"
    }, {
      "d" : "1756404948183002624",
      "t" : 1756404948183,
      "tn" : 1756404948183002624,
      "q" : "2190",
      "p" : "0.022601",
      "s" : "buy",
      "i" : "ARPA_USD",
      "m" : "4611686018430046356"
    }, {
      "d" : "1756404948164952708",
      "t" : 1756404948164,
      "tn" : 1756404948164952708,
      "q" : "3980",
      "p" : "0.022601",
      "s" : "buy",
      "i" : "ARPA_USD",
      "m" : "4611686018430046355"
    }, {
      "d" : "1756404948163134442",
      "t" : 1756404948163,
      "tn" : 1756404948163134442,
      "q" : "7400",
      "p" : "0.022601",
      "s" : "buy",
      "i" : "ARPA_USD",
      "m" : "4611686018430046354"
    }, {
      "d" : "1756404948150813079",
      "t" : 1756404948150,
      "tn" : 1756404948150813079,
      "q" : "3980",
      "p" : "0.022602",
      "s" : "buy",
      "i" : "ARPA_USD",
      "m" : "4611686018430046353"
    }, {
      "d" : "1756404948149278424",
      "t" : 1756404948149,
      "tn" : 1756404948149278424,
      "q" : "350",
      "p" : "0.022602",
      "s" : "buy",
      "i" : "ARPA_USD",
      "m" : "4611686018430046352"
    }, {
      "d" : "1756404948148304505",
      "t" : 1756404948148,
      "tn" : 1756404948148304505,
      "q" : "260",
      "p" : "0.022602",
      "s" : "sell",
      "i" : "ARPA_USD",
      "m" : "4611686018430046351"
    }, {
      "d" : "1756386089298942343",
      "t" : 1756386089298,
      "tn" : 1756386089298942343,
      "q" : "6760",
      "p" : "0.023306",
      "s" : "buy",
      "i" : "ARPA_USD",
      "m" : "4611686018430046350"
    }, {
      "d" : "1756386089298938745",
      "t" : 1756386089298,
      "tn" : 1756386089298938745,
      "q" : "260",
      "p" : "0.023305",
      "s" : "buy",
      "i" : "ARPA_USD",
      "m" : "4611686018430046349"
    }, {
      "d" : "1756384339307233269",
      "t" : 1756384339307,
      "tn" : 1756384339307233269,
      "q" : "6500",
      "p" : "0.022799",
      "s" : "sell",
      "i" : "ARPA_USD",
      "m" : "4611686018430046348"
    }, {
      "d" : "1756384339307231256",
      "t" : 1756384339307,
      "tn" : 1756384339307231256,
      "q" : "260",
      "p" : "0.023221",
      "s" : "sell",
      "i" : "ARPA_USD",
      "m" : "4611686018430046347"
    }, {
      "d" : "1756384339307227891",
      "t" : 1756384339307,
      "tn" : 1756384339307227891,
      "q" : "200",
      "p" : "0.023400",
      "s" : "sell",
      "i" : "ARPA_USD",
      "m" : "4611686018430046346"
    }, {
      "d" : "1756382565003984962",
      "t" : 1756382565003,
      "tn" : 1756382565003984962,
      "q" : "250",
      "p" : "0.023400",
      "s" : "sell",
      "i" : "ARPA_USD",
      "m" : "4611686018430046345"
    }, {
      "d" : "1756382036053218126",
      "t" : 1756382036053,
      "tn" : 1756382036053218126,
      "q" : "8230",
      "p" : "0.023516",
      "s" : "buy",
      "i" : "ARPA_USD",
      "m" : "4611686018430046344"
    }, {
      "d" : "1756382036053216035",
      "t" : 1756382036053,
      "tn" : 1756382036053216035,
      "q" : "260",
      "p" : "0.023515",
      "s" : "buy",
      "i" : "ARPA_USD",
      "m" : "4611686018430046343"
    }, {
      "d" : "1756375373501062938",
      "t" : 1756375373501,
      "tn" : 1756375373501062938,
      "q" : "90",
      "p" : "0.023400",
      "s" : "sell",
      "i" : "ARPA_USD",
      "m" : "4611686018430046342"
    }, {
      "d" : "1756374675392534980",
      "t" : 1756374675392,
      "tn" : 1756374675392534980,
      "q" : "100",
      "p" : "0.023382",
      "s" : "buy",
      "i" : "ARPA_USD",
      "m" : "4611686018430046341"
    }, {
      "d" : "1756374671256731547",
      "t" : 1756374671256,
      "tn" : 1756374671256731547,
      "q" : "180",
      "p" : "0.023382",
      "s" : "buy",
      "i" : "ARPA_USD",
      "m" : "4611686018430046340"
    }, {
      "d" : "1756374666610442499",
      "t" : 1756374666610,
      "tn" : 1756374666610442499,
      "q" : "2140",
      "p" : "0.023382",
      "s" : "buy",
      "i" : "ARPA_USD",
      "m" : "4611686018430046339"
    }, {
      "d" : "1756374666588317125",
      "t" : 1756374666588,
      "tn" : 1756374666588317125,
      "q" : "3850",
      "p" : "0.023382",
      "s" : "buy",
      "i" : "ARPA_USD",
      "m" : "4611686018430046338"
    }, {
      "d" : "1756374666577401305",
      "t" : 1756374666577,
      "tn" : 1756374666577401305,
      "q" : "3850",
      "p" : "0.023382",
      "s" : "buy",
      "i" : "ARPA_USD",
      "m" : "4611686018430046337"
    }, {
      "d" : "1756374666508685031",
      "t" : 1756374666508,
      "tn" : 1756374666508685031,
      "q" : "3850",
      "p" : "0.023382",
      "s" : "buy",
      "i" : "ARPA_USD",
      "m" : "4611686018430046336"
    }, {
      "d" : "1756374666494463742",
      "t" : 1756374666494,
      "tn" : 1756374666494463742,
      "q" : "3850",
      "p" : "0.023382",
      "s" : "buy",
      "i" : "ARPA_USD",
      "m" : "4611686018430046335"
    }, {
      "d" : "1756374666481534021",
      "t" : 1756374666481,
      "tn" : 1756374666481534021,
      "q" : "3850",
      "p" : "0.023382",
      "s" : "buy",
      "i" : "ARPA_USD",
      "m" : "4611686018430046334"
    }, {
      "d" : "1756374666411299177",
      "t" : 1756374666411,
      "tn" : 1756374666411299177,
      "q" : "4770",
      "p" : "0.023384",
      "s" : "buy",
      "i" : "ARPA_USD",
      "m" : "4611686018430046333"
    }, {
      "d" : "1756374666411297429",
      "t" : 1756374666411,
      "tn" : 1756374666411297429,
      "q" : "440",
      "p" : "0.023383",
      "s" : "buy",
      "i" : "ARPA_USD",
      "m" : "4611686018430046332"
    }, {
      "d" : "1756374666411295558",
      "t" : 1756374666411,
      "tn" : 1756374666411295558,
      "q" : "3320",
      "p" : "0.023364",
      "s" : "buy",
      "i" : "ARPA_USD",
      "m" : "4611686018430046331"
    }, {
      "d" : "1756374666410026838",
      "t" : 1756374666410,
      "tn" : 1756374666410026838,
      "q" : "710",
      "p" : "0.023364",
      "s" : "buy",
      "i" : "ARPA_USD",
      "m" : "4611686018430046330"
    } ]
  }
}