{
  "id" : -1,
  "method" : "public/get-trades",
  "code" : 0,
  "result" : {
    "data" : [ {
      "d" : "1756459166817669544",
      "t" : 1756459166817,
      "tn" : 1756459166817669544,
      "q" : "0.1",
      "p" : "6.4841",
      "s" : "buy",
      "i" : "ARUSD-PERP",
      "m" : "4611686018431510831"
    }, {
      "d" : "1756451610198025265",
      "t" : 1756451610198,
      "tn" : 1756451610198025265,
      "q" : "0.1",
      "p" : "6.5877",
      "s" : "sell",
      "i" : "ARUSD-PERP",
      "m" : "4611686018431510830"
    }, {
      "d" : "1756451610193014467",
      "t" : 1756451610193,
      "tn" : 1756451610193014467,
      "q" : "0.1",
      "p" : "6.5971",
      "s" : "sell",
      "i" : "ARUSD-PERP",
      "m" : "4611686018431510829"
    }, {
      "d" : "1756401077574130347",
      "t" : 1756401077574,
      "tn" : 1756401077574130347,
      "q" : "30.0",
      "p" : "6.6625",
      "s" : "buy",
      "i" : "ARUSD-PERP",
      "m" : "4611686018431510828"
    }, {
      "d" : "1756401077046552689",
      "t" : 1756401077046,
      "tn" : 1756401077046552689,
      "q" : "30.0",
      "p" : "6.6633",
      "s" : "buy",
      "i" : "ARUSD-PERP",
      "m" : "4611686018431510827"
    }, {
      "d" : "1756401076534328909",
      "t" : 1756401076534,
      "tn" : 1756401076534328909,
      "q" : "30.0",
      "p" : "6.6633",
      "s" : "buy",
      "i" : "ARUSD-PERP",
      "m" : "4611686018431510826"
    }, {
      "d" : "1756400343103710578",
      "t" : 1756400343103,
      "tn" : 1756400343103710578,
      "q" : "0.1",
      "p" : "6.6724",
      "s" : "sell",
      "i" : "ARUSD-PERP",
      "m" : "4611686018431510825"
    }, {
      "d" : "1756400343103707469",
      "t" : 1756400343103,
      "tn" : 1756400343103707469,
      "q" : "0.1",
      "p" : "6.6743",
      "s" : "sell",
      "i" : "ARUSD-PERP",
      "m" : "4611686018431510824"
    }, {
      "d" : "1756395577046659766",
      "t" : 1756395577046,
      "tn" : 1756395577046659766,
      "q" : "0.1",
      "p" : "6.7815",
      "s" : "sell",
      "i" : "ARUSD-PERP",
      "m" : "4611686018431510823"
    }, {
      "d" : "1756393210371806769",
      "t" : 1756393210371,
      "tn" : 1756393210371806769,
      "q" : "0.1",
      "p" : "6.8285",
      "s" : "buy",
      "i" : "ARUSD-PERP",
      "m" : "4611686018431510822"
    }, {
      "d" : "1756393210371804652",
      "t" : 1756393210371,
      "tn" : 1756393210371804652,
      "q" : "0.1",
      "p" : "6.8277",
      "s" : "buy",
      "i" : "ARUSD-PERP",
      "m" : "4611686018431510821"
    }, {
      "d" : "1756392964630949541",
      "t" : 1756392964630,
      "tn" : 1756392964630949541,
      "q" : "10.0",
      "p" : "6.8389",
      "s" : "buy",
      "i" : "ARUSD-PERP",
      "m" : "4611686018431510820"
    }, {
      "d" : "1756392964630947415",
      "t" : 1756392964630,
      "tn" : 1756392964630947415,
      "q" : "0.1",
      "p" : "6.8299",
      "s" : "buy",
      "i" : "ARUSD-PERP",
      "m" : "4611686018431510819"
    }, {
      "d" : "1756392964630945280",
      "t" : 1756392964630,
      "tn" : 1756392964630945280,
      "q" : "0.1",
      "p" : "6.8286",
      "s" : "buy",
      "i" : "ARUSD-PERP",
      "m" : "4611686018431510818"
    }, {
      "d" : "1756389318455808237",
      "t" : 1756389318455,
      "tn" : 1756389318455808237,
      "q" : "59.4",
      "p" : "6.7334",
      "s" : "buy",
      "i" : "ARUSD-PERP",
      "m" : "4611686018431510817"
    }, {
      "d" : "1756389158357193367",
      "t" : 1756389158357,
      "tn" : 1756389158357193367,
      "q" : "29.7",
      "p" : "6.7288",
      "s" : "buy",
      "i" : "ARUSD-PERP",
      "m" : "4611686018431510816"
    }, {
      "d" : "1756389149045848631",
      "t" : 1756389149045,
      "tn" : 1756389149045848631,
      "q" : "29.7",
      "p" : "6.7262",
      "s" : "buy",
      "i" : "ARUSD-PERP",
      "m" : "4611686018431510815"
    }, {
      "d" : "1756374450170424019",
      "t" : 1756374450170,
      "tn" : 1756374450170424019,
      "q" : "0.1",
      "p" : "6.6562",
      "s" : "sell",
      "i" : "ARUSD-PERP",
      "m" : "4611686018431510814"
    } ]
  }
}