{
  "id" : -1,
  "method" : "public/get-trades",
  "code" : 0,
  "result" : {
    "data" : [ {
      "d" : "1756453301920057564",
      "t" : 1756453301920,
      "tn" : 1756453301920057564,
      "q" : "924",
      "p" : "0.02442",
      "s" : "buy",
      "i" : "ASTR_USDT",
      "m" : "4611686018431316561"
    }, {
      "d" : "1756450987113277722",
      "t" : 1756450987113,
      "tn" : 1756450987113277722,
      "q" : "451",
      "p" : "0.02438",
      "s" : "sell",
      "i" : "ASTR_USDT",
      "m" : "4611686018431316560"
    }, {
      "d" : "1756449685068894456",
      "t" : 1756449685068,
      "tn" : 1756449685068894456,
      "q" : "7262",
      "p" : "0.02452",
      "s" : "buy",
      "i" : "ASTR_USDT",
      "m" : "4611686018431316559"
    }, {
      "d" : "1756449453833070710",
      "t" : 1756449453833,
      "tn" : 1756449453833070710,
      "q" : "8201",
      "p" : "0.02463",
      "s" : "sell",
      "i" : "ASTR_USDT",
      "m" : "4611686018431316558"
    }, {
      "d" : "1756449190383807668",
      "t" : 1756449190383,
      "tn" : 1756449190383807668,
      "q" : "20392",
      "p" : "0.02465",
      "s" : "sell",
      "i" : "ASTR_USDT",
      "m" : "4611686018431316557"
    }, {
      "d" : "1756449190383805269",
      "t" : 1756449190383,
      "tn" : 1756449190383805269,
      "q" : "446",
      "p" : "0.02466",
      "s" : "sell",
      "i" : "ASTR_USDT",
      "m" : "4611686018431316556"
    }, {
      "d" : "1756449190383801900",
      "t" : 1756449190383,
      "tn" : 1756449190383801900,
      "q" : "2804",
      "p" : "0.02467",
      "s" : "sell",
      "i" : "ASTR_USDT",
      "m" : "4611686018431316555"
    }, {
      "d" : "1756445743095043591",
      "t" : 1756445743095,
      "tn" : 1756445743095043591,
      "q" : "6254",
      "p" : "0.02474",
      "s" : "sell",
      "i" : "ASTR_USDT",
      "m" : "4611686018431316554"
    }, {
      "d" : "1756445743095041069",
      "t" : 1756445743095,
      "tn" : 1756445743095041069,
      "q" : "2144",
      "p" : "0.02475",
      "s" : "sell",
      "i" : "ASTR_USDT",
      "m" : "4611686018431316553"
    }, {
      "d" : "1756445682858170798",
      "t" : 1756445682858,
      "tn" : 1756445682858170798,
      "q" : "39002",
      "p" : "0.02475",
      "s" : "sell",
      "i" : "ASTR_USDT",
      "m" : "4611686018431316552"
    }, {
      "d" : "1756445682858167620",
      "t" : 1756445682858,
      "tn" : 1756445682858167620,
      "q" : "2472",
      "p" : "0.02476",
      "s" : "sell",
      "i" : "ASTR_USDT",
      "m" : "4611686018431316551"
    }, {
      "d" : "1756445486171672014",
      "t" : 1756445486171,
      "tn" : 1756445486171672014,
      "q" : "7221",
      "p" : "0.02475",
      "s" : "sell",
      "i" : "ASTR_USDT",
      "m" : "4611686018431316550"
    }, {
      "d" : "1756440360164859811",
      "t" : 1756440360164,
      "tn" : 1756440360164859811,
      "q" : "6072",
      "p" : "0.02494",
      "s" : "sell",
      "i" : "ASTR_USDT",
      "m" : "4611686018431316549"
    }, {
      "d" : "1756432294554190695",
      "t" : 1756432294554,
      "tn" : 1756432294554190695,
      "q" : "3702",
      "p" : "0.02500",
      "s" : "buy",
      "i" : "ASTR_USDT",
      "m" : "4611686018431316548"
    }, {
      "d" : "1756430439627911090",
      "t" : 1756430439627,
      "tn" : 1756430439627911090,
      "q" : "4477",
      "p" : "0.02503",
      "s" : "sell",
      "i" : "ASTR_USDT",
      "m" : "4611686018431316547"
    }, {
      "d" : "1756430439627909273",
      "t" : 1756430439627,
      "tn" : 1756430439627909273,
      "q" : "3510",
      "p" : "0.02504",
      "s" : "sell",
      "i" : "ASTR_USDT",
      "m" : "4611686018431316546"
    }, {
      "d" : "1756429468196640705",
      "t" : 1756429468196,
      "tn" : 1756429468196640705,
      "q" : "4100",
      "p" : "0.02526",
      "s" : "buy",
      "i" : "ASTR_USDT",
      "m" : "4611686018431316545"
    }, {
      "d" : "1756429468196638081",
      "t" : 1756429468196,
      "tn" : 1756429468196638081,
      "q" : "3827",
      "p" : "0.02522",
      "s" : "buy",
      "i" : "ASTR_USDT",
      "m" : "4611686018431316544"
    }, {
      "d" : "1756429339676016401",
      "t" : 1756429339676,
      "tn" : 1756429339676016401,
      "q" : "1410",
      "p" : "0.02531",
      "s" : "sell",
      "i" : "ASTR_USDT",
      "m" : "4611686018431316543"
    }, {
      "d" : "1756425918039829997",
      "t" : 1756425918039,
      "tn" : 1756425918039829997,
      "q" : "324",
      "p" : "0.02522",
      "s" : "sell",
      "i" : "ASTR_USDT",
      "m" : "4611686018431316542"
    }, {
      "d" : "1756425224144201409",
      "t" : 1756425224144,
      "tn" : 1756425224144201409,
      "q" : "202",
      "p" : "0.02503",
      "s" : "buy",
      "i" : "ASTR_USDT",
      "m" : "4611686018431316541"
    }, {
      "d" : "1756421107934129186",
      "t" : 1756421107934,
      "tn" : 1756421107934129186,
      "q" : "4019",
      "p" : "0.02488",
      "s" : "sell",
      "i" : "ASTR_USDT",
      "m" : "4611686018431316540"
    }, {
      "d" : "1756418478122959766",
      "t" : 1756418478122,
      "tn" : 1756418478122959766,
      "q" : "13925",
      "p" : "0.02472",
      "s" : "buy",
      "i" : "ASTR_USDT",
      "m" : "4611686018431316539"
    }, {
      "d" : "1756417811071893056",
      "t" : 1756417811071,
      "tn" : 1756417811071893056,
      "q" : "9539",
      "p" : "0.02471",
      "s" : "buy",
      "i" : "ASTR_USDT",
      "m" : "4611686018431316538"
    }, {
      "d" : "1756417811071890328",
      "t" : 1756417811071,
      "tn" : 1756417811071890328,
      "q" : "3142",
      "p" : "0.02470",
      "s" : "buy",
      "i" : "ASTR_USDT",
      "m" : "4611686018431316537"
    }, {
      "d" : "1756417159289059058",
      "t" : 1756417159289,
      "tn" : 1756417159289059058,
      "q" : "202",
      "p" : "0.02470",
      "s" : "buy",
      "i" : "ASTR_USDT",
      "m" : "4611686018431316536"
    }, {
      "d" : "1756416914305751479",
      "t" : 1756416914305,
      "tn" : 1756416914305751479,
      "q" : "9529",
      "p" : "0.02470",
      "s" : "buy",
      "i" : "ASTR_USDT",
      "m" : "4611686018431316535"
    }, {
      "d" : "1756416914305749067",
      "t" : 1756416914305,
      "tn" : 1756416914305749067,
      "q" : "1731",
      "p" : "0.02469",
      "s" : "buy",
      "i" : "ASTR_USDT",
      "m" : "4611686018431316534"
    }, {
      "d" : "1756416899223974001",
      "t" : 1756416899223,
      "tn" : 1756416899223974001,
      "q" : "9613",
      "p" : "0.02468",
      "s" : "buy",
      "i" : "ASTR_USDT",
      "m" : "4611686018431316533"
    }, {
      "d" : "1756416899223970897",
      "t" : 1756416899223,
      "tn" : 1756416899223970897,
      "q" : "2401",
      "p" : "0.02467",
      "s" : "buy",
      "i" : "ASTR_USDT",
      "m" : "4611686018431316532"
    }, {
      "d" : "1756411507917060811",
      "t" : 1756411507917,
      "tn" : 1756411507917060811,
      "q" : "8225",
      "p" : "0.02437",
      "s" : "sell",
      "i" : "ASTR_USDT",
      "m" : "4611686018431316531"
    }, {
      "d" : "1756411507862856854",
      "t" : 1756411507862,
      "tn" : 1756411507862856854,
      "q" : "9775",
      "p" : "0.02438",
      "s" : "sell",
      "i" : "ASTR_USDT",
      "m" : "4611686018431316530"
    }, {
      "d" : "1756411302506181035",
      "t" : 1756411302506,
      "tn" : 1756411302506181035,
      "q" : "8203",
      "p" : "0.02435",
      "s" : "sell",
      "i" : "ASTR_USDT",
      "m" : "4611686018431316529"
    }, {
      "d" : "1756411302505946906",
      "t" : 1756411302505,
      "tn" : 1756411302505946906,
      "q" : "2478",
      "p" : "0.02436",
      "s" : "sell",
      "i" : "ASTR_USDT",
      "m" : "4611686018431316528"
    }, {
      "d" : "1756409684857020618",
      "t" : 1756409684857,
      "tn" : 1756409684857020617,
      "q" : "40487",
      "p" : "0.02453",
      "s" : "sell",
      "i" : "ASTR_USDT",
      "m" : "4611686018431316527"
    }, {
      "d" : "1756409684857020617",
      "t" : 1756409684857,
      "tn" : 1756409684857020617,
      "q" : "9783",
      "p" : "0.02453",
      "s" : "sell",
      "i" : "ASTR_USDT",
      "m" : "4611686018431316527"
    }, {
      "d" : "1756407715071092696",
      "t" : 1756407715071,
      "tn" : 1756407715071092696,
      "q" : "106",
      "p" : "0.02465",
      "s" : "buy",
      "i" : "ASTR_USDT",
      "m" : "4611686018431316526"
    }, {
      "d" : "1756407695332598651",
      "t" : 1756407695332,
      "tn" : 1756407695332598651,
      "q" : "36681",
      "p" : "0.02465",
      "s" : "buy",
      "i" : "ASTR_USDT",
      "m" : "4611686018431316525"
    }, {
      "d" : "1756407695332596112",
      "t" : 1756407695332,
      "tn" : 1756407695332596111,
      "q" : "3568",
      "p" : "0.02464",
      "s" : "buy",
      "i" : "ASTR_USDT",
      "m" : "4611686018431316524"
    }, {
      "d" : "1756407695332596111",
      "t" : 1756407695332,
      "tn" : 1756407695332596111,
      "q" : "9922",
      "p" : "0.02464",
      "s" : "buy",
      "i" : "ASTR_USDT",
      "m" : "4611686018431316524"
    }, {
      "d" : "1756402545058819083",
      "t" : 1756402545058,
      "tn" : 1756402545058819083,
      "q" : "1685",
      "p" : "0.02439",
      "s" : "sell",
      "i" : "ASTR_USDT",
      "m" : "4611686018431316523"
    }, {
      "d" : "1756402484204964566",
      "t" : 1756402484204,
      "tn" : 1756402484204964566,
      "q" : "40529",
      "p" : "0.02439",
      "s" : "sell",
      "i" : "ASTR_USDT",
      "m" : "4611686018431316522"
    }, {
      "d" : "1756402484204961211",
      "t" : 1756402484204,
      "tn" : 1756402484204961211,
      "q" : "3112",
      "p" : "0.02440",
      "s" : "sell",
      "i" : "ASTR_USDT",
      "m" : "4611686018431316521"
    }, {
      "d" : "1756400357807583253",
      "t" : 1756400357807,
      "tn" : 1756400357807583253,
      "q" : "3631",
      "p" : "0.02440",
      "s" : "sell",
      "i" : "ASTR_USDT",
      "m" : "4611686018431316520"
    }, {
      "d" : "1756400356792094459",
      "t" : 1756400356792,
      "tn" : 1756400356792094459,
      "q" : "5847",
      "p" : "0.02440",
      "s" : "sell",
      "i" : "ASTR_USDT",
      "m" : "4611686018431316519"
    }, {
      "d" : "1756400356792092100",
      "t" : 1756400356792,
      "tn" : 1756400356792092100,
      "q" : "2337",
      "p" : "0.02441",
      "s" : "sell",
      "i" : "ASTR_USDT",
      "m" : "4611686018431316518"
    }, {
      "d" : "1756397061133739101",
      "t" : 1756397061133,
      "tn" : 1756397061133739101,
      "q" : "9606",
      "p" : "0.02473",
      "s" : "buy",
      "i" : "ASTR_USDT",
      "m" : "4611686018431316517"
    }, {
      "d" : "1756394162230797596",
      "t" : 1756394162230,
      "tn" : 1756394162230797596,
      "q" : "3168",
      "p" : "0.02489",
      "s" : "buy",
      "i" : "ASTR_USDT",
      "m" : "4611686018431316516"
    }, {
      "d" : "1756393801834841815",
      "t" : 1756393801834,
      "tn" : 1756393801834841815,
      "q" : "2965",
      "p" : "0.02480",
      "s" : "sell",
      "i" : "ASTR_USDT",
      "m" : "4611686018431316515"
    }, {
      "d" : "1756393060219142436",
      "t" : 1756393060219,
      "tn" : 1756393060219142436,
      "q" : "203",
      "p" : "0.02484",
      "s" : "sell",
      "i" : "ASTR_USDT",
      "m" : "4611686018431316514"
    }, {
      "d" : "1756392333424007000",
      "t" : 1756392333424,
      "tn" : 1756392333424007000,
      "q" : "8068",
      "p" : "0.02481",
      "s" : "buy",
      "i" : "ASTR_USDT",
      "m" : "4611686018431316513"
    }, {
      "d" : "1756391007262544000",
      "t" : 1756391007262,
      "tn" : 1756391007262544000,
      "q" : "8099",
      "p" : "0.02471",
      "s" : "buy",
      "i" : "ASTR_USDT",
      "m" : "4611686018431316512"
    }, {
      "d" : "1756391007240806501",
      "t" : 1756391007240,
      "tn" : 1756391007240806501,
      "q" : "9742",
      "p" : "0.02470",
      "s" : "buy",
      "i" : "ASTR_USDT",
      "m" : "4611686018431316511"
    }, {
      "d" : "1756390900556736111",
      "t" : 1756390900556,
      "tn" : 1756390900556736111,
      "q" : "1150",
      "p" : "0.02466",
      "s" : "buy",
      "i" : "ASTR_USDT",
      "m" : "4611686018431316510"
    }, {
      "d" : "1756390814484944858",
      "t" : 1756390814484,
      "tn" : 1756390814484944858,
      "q" : "867",
      "p" : "0.02466",
      "s" : "buy",
      "i" : "ASTR_USDT",
      "m" : "4611686018431316509"
    }, {
      "d" : "1756390814484941477",
      "t" : 1756390814484,
      "tn" : 1756390814484941477,
      "q" : "2632",
      "p" : "0.02465",
      "s" : "buy",
      "i" : "ASTR_USDT",
      "m" : "4611686018431316508"
    }, {
      "d" : "1756390720204964608",
      "t" : 1756390720204,
      "tn" : 1756390720204964608,
      "q" : "4250",
      "p" : "0.02462",
      "s" : "buy",
      "i" : "ASTR_USDT",
      "m" : "4611686018431316507"
    }, {
      "d" : "1756390720204961782",
      "t" : 1756390720204,
      "tn" : 1756390720204961782,
      "q" : "4002",
      "p" : "0.02461",
      "s" : "buy",
      "i" : "ASTR_USDT",
      "m" : "4611686018431316506"
    }, {
      "d" : "1756390582036307820",
      "t" : 1756390582036,
      "tn" : 1756390582036307820,
      "q" : "8133",
      "p" : "0.02457",
      "s" : "sell",
      "i" : "ASTR_USDT",
      "m" : "4611686018431316505"
    }, {
      "d" : "1756389941103789438",
      "t" : 1756389941103,
      "tn" : 1756389941103789438,
      "q" : "9164",
      "p" : "0.02451",
      "s" : "buy",
      "i" : "ASTR_USDT",
      "m" : "4611686018431316504"
    }, {
      "d" : "1756389600870657303",
      "t" : 1756389600870,
      "tn" : 1756389600870657303,
      "q" : "3718",
      "p" : "0.02444",
      "s" : "buy",
      "i" : "ASTR_USDT",
      "m" : "4611686018431316503"
    }, {
      "d" : "1756388761044696809",
      "t" : 1756388761044,
      "tn" : 1756388761044696809,
      "q" : "412",
      "p" : "0.02431",
      "s" : "sell",
      "i" : "ASTR_USDT",
      "m" : "4611686018431316502"
    }, {
      "d" : "1756382610456513816",
      "t" : 1756382610456,
      "tn" : 1756382610456513816,
      "q" : "3289",
      "p" : "0.02432",
      "s" : "sell",
      "i" : "ASTR_USDT",
      "m" : "4611686018431316501"
    }, {
      "d" : "1756380828704870221",
      "t" : 1756380828704,
      "tn" : 1756380828704870221,
      "q" : "4169",
      "p" : "0.02440",
      "s" : "buy",
      "i" : "ASTR_USDT",
      "m" : "4611686018431316500"
    } ]
  }
}