{
  "id" : -1,
  "method" : "public/get-trades",
  "code" : 0,
  "result" : {
    "data" : [ {
      "d" : "1756458161109278511",
      "t" : 1756458161109,
      "tn" : 1756458161109278511,
      "q" : "4437",
      "p" : "0.02383",
      "s" : "sell",
      "i" : "ASTR_USD",
      "m" : "4611686018431621627"
    }, {
      "d" : "1756458161109276472",
      "t" : 1756458161109,
      "tn" : 1756458161109276472,
      "q" : "3964",
      "p" : "0.02384",
      "s" : "sell",
      "i" : "ASTR_USD",
      "m" : "4611686018431621626"
    }, {
      "d" : "1756458158900416969",
      "t" : 1756458158900,
      "tn" : 1756458158900416969,
      "q" : "8376",
      "p" : "0.02389",
      "s" : "sell",
      "i" : "ASTR_USD",
      "m" : "4611686018431621625"
    }, {
      "d" : "1756458150784530988",
      "t" : 1756458150784,
      "tn" : 1756458150784530988,
      "q" : "800",
      "p" : "0.02391",
      "s" : "sell",
      "i" : "ASTR_USD",
      "m" : "4611686018431621624"
    }, {
      "d" : "1756458020514370461",
      "t" : 1756458020514,
      "tn" : 1756458020514370461,
      "q" : "6875",
      "p" : "0.02397",
      "s" : "sell",
      "i" : "ASTR_USD",
      "m" : "4611686018431621623"
    }, {
      "d" : "1756458020514368442",
      "t" : 1756458020514,
      "tn" : 1756458020514368442,
      "q" : "3579",
      "p" : "0.02398",
      "s" : "sell",
      "i" : "ASTR_USD",
      "m" : "4611686018431621622"
    }, {
      "d" : "1756457841850103654",
      "t" : 1756457841850,
      "tn" : 1756457841850103654,
      "q" : "5750",
      "p" : "0.02400",
      "s" : "sell",
      "i" : "ASTR_USD",
      "m" : "4611686018431621621"
    }, {
      "d" : "1756457841847569092",
      "t" : 1756457841847,
      "tn" : 1756457841847569092,
      "q" : "8339",
      "p" : "0.02401",
      "s" : "sell",
      "i" : "ASTR_USD",
      "m" : "4611686018431621620"
    }, {
      "d" : "1756455924471954640",
      "t" : 1756455924471,
      "tn" : 1756455924471954640,
      "q" : "2171",
      "p" : "0.02414",
      "s" : "sell",
      "i" : "ASTR_USD",
      "m" : "4611686018431621619"
    }, {
      "d" : "1756455067036826780",
      "t" : 1756455067036,
      "tn" : 1756455067036826780,
      "q" : "8278",
      "p" : "0.02416",
      "s" : "sell",
      "i" : "ASTR_USD",
      "m" : "4611686018431621618"
    }, {
      "d" : "1756454508392200255",
      "t" : 1756454508392,
      "tn" : 1756454508392200255,
      "q" : "400",
      "p" : "0.02447",
      "s" : "buy",
      "i" : "ASTR_USD",
      "m" : "4611686018431621617"
    }, {
      "d" : "1756453488894703620",
      "t" : 1756453488894,
      "tn" : 1756453488894703620,
      "q" : "601",
      "p" : "0.02440",
      "s" : "buy",
      "i" : "ASTR_USD",
      "m" : "4611686018431621616"
    }, {
      "d" : "1756452914804430982",
      "t" : 1756452914804,
      "tn" : 1756452914804430982,
      "q" : "1250",
      "p" : "0.02436",
      "s" : "buy",
      "i" : "ASTR_USD",
      "m" : "4611686018431621615"
    }, {
      "d" : "1756451615451825389",
      "t" : 1756451615451,
      "tn" : 1756451615451825389,
      "q" : "3357",
      "p" : "0.02434",
      "s" : "sell",
      "i" : "ASTR_USD",
      "m" : "4611686018431621614"
    }, {
      "d" : "1756450942647831398",
      "t" : 1756450942647,
      "tn" : 1756450942647831398,
      "q" : "623",
      "p" : "0.02455",
      "s" : "buy",
      "i" : "ASTR_USD",
      "m" : "4611686018431621613"
    }, {
      "d" : "1756450899120247225",
      "t" : 1756450899120,
      "tn" : 1756450899120247225,
      "q" : "3035",
      "p" : "0.02453",
      "s" : "sell",
      "i" : "ASTR_USD",
      "m" : "4611686018431621612"
    }, {
      "d" : "1756449688184320810",
      "t" : 1756449688184,
      "tn" : 1756449688184320810,
      "q" : "3058",
      "p" : "0.02456",
      "s" : "buy",
      "i" : "ASTR_USD",
      "m" : "4611686018431621611"
    }, {
      "d" : "1756449685072563317",
      "t" : 1756449685072,
      "tn" : 1756449685072563317,
      "q" : "3349",
      "p" : "0.02453",
      "s" : "buy",
      "i" : "ASTR_USD",
      "m" : "4611686018431621610"
    }, {
      "d" : "1756449685070930830",
      "t" : 1756449685070,
      "tn" : 1756449685070930830,
      "q" : "6286",
      "p" : "0.02453",
      "s" : "buy",
      "i" : "ASTR_USD",
      "m" : "4611686018431621609"
    }, {
      "d" : "1756449685066005769",
      "t" : 1756449685066,
      "tn" : 1756449685066005769,
      "q" : "9561",
      "p" : "0.02452",
      "s" : "buy",
      "i" : "ASTR_USD",
      "m" : "4611686018431621608"
    }, {
      "d" : "1756449682103114522",
      "t" : 1756449682103,
      "tn" : 1756449682103114522,
      "q" : "9799",
      "p" : "0.02452",
      "s" : "buy",
      "i" : "ASTR_USD",
      "m" : "4611686018431621607"
    }, {
      "d" : "1756449192121814199",
      "t" : 1756449192121,
      "tn" : 1756449192121814199,
      "q" : "53970",
      "p" : "0.02467",
      "s" : "sell",
      "i" : "ASTR_USD",
      "m" : "4611686018431621606"
    }, {
      "d" : "1756449190385278743",
      "t" : 1756449190385,
      "tn" : 1756449190385278743,
      "q" : "15511",
      "p" : "0.02466",
      "s" : "sell",
      "i" : "ASTR_USD",
      "m" : "4611686018431621605"
    }, {
      "d" : "1756449190385276866",
      "t" : 1756449190385,
      "tn" : 1756449190385276866,
      "q" : "598",
      "p" : "0.02467",
      "s" : "sell",
      "i" : "ASTR_USD",
      "m" : "4611686018431621604"
    }, {
      "d" : "1756444940722090647",
      "t" : 1756444940722,
      "tn" : 1756444940722090647,
      "q" : "980",
      "p" : "0.02484",
      "s" : "buy",
      "i" : "ASTR_USD",
      "m" : "4611686018431621603"
    }, {
      "d" : "1756444093528419702",
      "t" : 1756444093528,
      "tn" : 1756444093528419702,
      "q" : "1306",
      "p" : "0.02489",
      "s" : "buy",
      "i" : "ASTR_USD",
      "m" : "4611686018431621602"
    }, {
      "d" : "1756442359767319661",
      "t" : 1756442359767,
      "tn" : 1756442359767319661,
      "q" : "544",
      "p" : "0.02491",
      "s" : "buy",
      "i" : "ASTR_USD",
      "m" : "4611686018431621601"
    }, {
      "d" : "1756440520459761886",
      "t" : 1756440520459,
      "tn" : 1756440520459761886,
      "q" : "477",
      "p" : "0.02488",
      "s" : "sell",
      "i" : "ASTR_USD",
      "m" : "4611686018431621600"
    }, {
      "d" : "1756438966216461994",
      "t" : 1756438966216,
      "tn" : 1756438966216461994,
      "q" : "28062",
      "p" : "0.02505",
      "s" : "sell",
      "i" : "ASTR_USD",
      "m" : "4611686018431621599"
    }, {
      "d" : "1756438966211055952",
      "t" : 1756438966211,
      "tn" : 1756438966211055952,
      "q" : "589",
      "p" : "0.02505",
      "s" : "buy",
      "i" : "ASTR_USD",
      "m" : "4611686018431621598"
    }, {
      "d" : "1756438469244233720",
      "t" : 1756438469244,
      "tn" : 1756438469244233720,
      "q" : "390",
      "p" : "0.02494",
      "s" : "buy",
      "i" : "ASTR_USD",
      "m" : "4611686018431621597"
    }, {
      "d" : "1756438433926082938",
      "t" : 1756438433926,
      "tn" : 1756438433926082938,
      "q" : "2991",
      "p" : "0.02494",
      "s" : "sell",
      "i" : "ASTR_USD",
      "m" : "4611686018431621596"
    }, {
      "d" : "1756438433922028136",
      "t" : 1756438433922,
      "tn" : 1756438433922028136,
      "q" : "2857",
      "p" : "0.02494",
      "s" : "buy",
      "i" : "ASTR_USD",
      "m" : "4611686018431621595"
    }, {
      "d" : "1756437006472301870",
      "t" : 1756437006472,
      "tn" : 1756437006472301869,
      "q" : "85",
      "p" : "0.02506",
      "s" : "buy",
      "i" : "ASTR_USD",
      "m" : "4611686018431621594"
    }, {
      "d" : "1756437006472301869",
      "t" : 1756437006472,
      "tn" : 1756437006472301869,
      "q" : "589",
      "p" : "0.02506",
      "s" : "buy",
      "i" : "ASTR_USD",
      "m" : "4611686018431621594"
    }, {
      "d" : "1756435965039038228",
      "t" : 1756435965039,
      "tn" : 1756435965039038228,
      "q" : "11807",
      "p" : "0.02499",
      "s" : "sell",
      "i" : "ASTR_USD",
      "m" : "4611686018431621593"
    }, {
      "d" : "1756435263977572149",
      "t" : 1756435263977,
      "tn" : 1756435263977572149,
      "q" : "1430",
      "p" : "0.02507",
      "s" : "buy",
      "i" : "ASTR_USD",
      "m" : "4611686018431621592"
    }, {
      "d" : "1756433132343174475",
      "t" : 1756433132343,
      "tn" : 1756433132343174475,
      "q" : "590",
      "p" : "0.02501",
      "s" : "sell",
      "i" : "ASTR_USD",
      "m" : "4611686018431621591"
    }, {
      "d" : "1756431197222803220",
      "t" : 1756431197222,
      "tn" : 1756431197222803220,
      "q" : "590",
      "p" : "0.02498",
      "s" : "sell",
      "i" : "ASTR_USD",
      "m" : "4611686018431621590"
    }, {
      "d" : "1756429482098057973",
      "t" : 1756429482098,
      "tn" : 1756429482098057973,
      "q" : "4950",
      "p" : "0.02525",
      "s" : "buy",
      "i" : "ASTR_USD",
      "m" : "4611686018431621589"
    }, {
      "d" : "1756429339700441600",
      "t" : 1756429339700,
      "tn" : 1756429339700441600,
      "q" : "3951",
      "p" : "0.02531",
      "s" : "sell",
      "i" : "ASTR_USD",
      "m" : "4611686018431621588"
    }, {
      "d" : "1756429339675989710",
      "t" : 1756429339675,
      "tn" : 1756429339675989710,
      "q" : "9684",
      "p" : "0.02531",
      "s" : "sell",
      "i" : "ASTR_USD",
      "m" : "4611686018431621587"
    }, {
      "d" : "1756426649167788743",
      "t" : 1756426649167,
      "tn" : 1756426649167788743,
      "q" : "3940",
      "p" : "0.02538",
      "s" : "sell",
      "i" : "ASTR_USD",
      "m" : "4611686018431621586"
    }, {
      "d" : "1756426643330380143",
      "t" : 1756426643330,
      "tn" : 1756426643330380143,
      "q" : "2941",
      "p" : "0.02532",
      "s" : "buy",
      "i" : "ASTR_USD",
      "m" : "4611686018431621585"
    }, {
      "d" : "1756425918039834561",
      "t" : 1756425918039,
      "tn" : 1756425918039834561,
      "q" : "9605",
      "p" : "0.02523",
      "s" : "sell",
      "i" : "ASTR_USD",
      "m" : "4611686018431621584"
    }, {
      "d" : "1756425910347099705",
      "t" : 1756425910347,
      "tn" : 1756425910347099705,
      "q" : "2725",
      "p" : "0.02524",
      "s" : "buy",
      "i" : "ASTR_USD",
      "m" : "4611686018431621583"
    }, {
      "d" : "1756425877121248927",
      "t" : 1756425877121,
      "tn" : 1756425877121248926,
      "q" : "3623",
      "p" : "0.02520",
      "s" : "buy",
      "i" : "ASTR_USD",
      "m" : "4611686018431621582"
    }, {
      "d" : "1756425877121248926",
      "t" : 1756425877121,
      "tn" : 1756425877121248926,
      "q" : "52637",
      "p" : "0.02520",
      "s" : "buy",
      "i" : "ASTR_USD",
      "m" : "4611686018431621582"
    }, {
      "d" : "1756424095043859170",
      "t" : 1756424095043,
      "tn" : 1756424095043859170,
      "q" : "6146",
      "p" : "0.02499",
      "s" : "sell",
      "i" : "ASTR_USD",
      "m" : "4611686018431621581"
    }, {
      "d" : "1756424095038181834",
      "t" : 1756424095038,
      "tn" : 1756424095038181834,
      "q" : "1411",
      "p" : "0.02499",
      "s" : "buy",
      "i" : "ASTR_USD",
      "m" : "4611686018431621580"
    }, {
      "d" : "1756411563521107675",
      "t" : 1756411563521,
      "tn" : 1756411563521107675,
      "q" : "7264",
      "p" : "0.02440",
      "s" : "buy",
      "i" : "ASTR_USD",
      "m" : "4611686018431621579"
    }, {
      "d" : "1756411563521105669",
      "t" : 1756411563521,
      "tn" : 1756411563521105669,
      "q" : "2689",
      "p" : "0.02439",
      "s" : "buy",
      "i" : "ASTR_USD",
      "m" : "4611686018431621578"
    }, {
      "d" : "1756411507865928392",
      "t" : 1756411507865,
      "tn" : 1756411507865928392,
      "q" : "9950",
      "p" : "0.02438",
      "s" : "sell",
      "i" : "ASTR_USD",
      "m" : "4611686018431621577"
    }, {
      "d" : "1756411507862851723",
      "t" : 1756411507862,
      "tn" : 1756411507862851723,
      "q" : "4100",
      "p" : "0.02439",
      "s" : "sell",
      "i" : "ASTR_USD",
      "m" : "4611686018431621576"
    }, {
      "d" : "1756408579495317086",
      "t" : 1756408579495,
      "tn" : 1756408579495317086,
      "q" : "10112",
      "p" : "0.02464",
      "s" : "sell",
      "i" : "ASTR_USD",
      "m" : "4611686018431621575"
    }, {
      "d" : "1756408579490458674",
      "t" : 1756408579490,
      "tn" : 1756408579490458674,
      "q" : "9895",
      "p" : "0.02464",
      "s" : "buy",
      "i" : "ASTR_USD",
      "m" : "4611686018431621574"
    }, {
      "d" : "1756403836791340417",
      "t" : 1756403836791,
      "tn" : 1756403836791340417,
      "q" : "388",
      "p" : "0.02453",
      "s" : "sell",
      "i" : "ASTR_USD",
      "m" : "4611686018431621573"
    }, {
      "d" : "1756403836788145015",
      "t" : 1756403836788,
      "tn" : 1756403836788145015,
      "q" : "602",
      "p" : "0.02453",
      "s" : "buy",
      "i" : "ASTR_USD",
      "m" : "4611686018431621572"
    }, {
      "d" : "1756403249045441984",
      "t" : 1756403249045,
      "tn" : 1756403249045441984,
      "q" : "5316",
      "p" : "0.02452",
      "s" : "sell",
      "i" : "ASTR_USD",
      "m" : "4611686018431621571"
    }, {
      "d" : "1756403249039250977",
      "t" : 1756403249039,
      "tn" : 1756403249039250977,
      "q" : "602",
      "p" : "0.02452",
      "s" : "buy",
      "i" : "ASTR_USD",
      "m" : "4611686018431621570"
    }, {
      "d" : "1756402855701320213",
      "t" : 1756402855701,
      "tn" : 1756402855701320213,
      "q" : "16110",
      "p" : "0.02456",
      "s" : "buy",
      "i" : "ASTR_USD",
      "m" : "4611686018431621569"
    }, {
      "d" : "1756401643414680986",
      "t" : 1756401643414,
      "tn" : 1756401643414680986,
      "q" : "2006",
      "p" : "0.02436",
      "s" : "sell",
      "i" : "ASTR_USD",
      "m" : "4611686018431621568"
    }, {
      "d" : "1756400357807588742",
      "t" : 1756400357807,
      "tn" : 1756400357807588742,
      "q" : "4581",
      "p" : "0.02440",
      "s" : "sell",
      "i" : "ASTR_USD",
      "m" : "4611686018431621567"
    }, {
      "d" : "1756400095763676390",
      "t" : 1756400095763,
      "tn" : 1756400095763676390,
      "q" : "2941",
      "p" : "0.02455",
      "s" : "sell",
      "i" : "ASTR_USD",
      "m" : "4611686018431621566"
    }, {
      "d" : "1756400094880730673",
      "t" : 1756400094880,
      "tn" : 1756400094880730673,
      "q" : "16148",
      "p" : "0.02454",
      "s" : "sell",
      "i" : "ASTR_USD",
      "m" : "4611686018431621565"
    }, {
      "d" : "1756400093953769925",
      "t" : 1756400093953,
      "tn" : 1756400093953769925,
      "q" : "21784",
      "p" : "0.02454",
      "s" : "sell",
      "i" : "ASTR_USD",
      "m" : "4611686018431621564"
    }, {
      "d" : "1756398930128515929",
      "t" : 1756398930128,
      "tn" : 1756398930128515929,
      "q" : "2258",
      "p" : "0.02469",
      "s" : "buy",
      "i" : "ASTR_USD",
      "m" : "4611686018431621563"
    }, {
      "d" : "1756398323382258282",
      "t" : 1756398323382,
      "tn" : 1756398323382258282,
      "q" : "2300",
      "p" : "0.02469",
      "s" : "sell",
      "i" : "ASTR_USD",
      "m" : "4611686018431621562"
    }, {
      "d" : "1756395844153163087",
      "t" : 1756395844153,
      "tn" : 1756395844153163087,
      "q" : "2590",
      "p" : "0.02476",
      "s" : "sell",
      "i" : "ASTR_USD",
      "m" : "4611686018431621561"
    }, {
      "d" : "1756393801822947687",
      "t" : 1756393801822,
      "tn" : 1756393801822947687,
      "q" : "9532",
      "p" : "0.02480",
      "s" : "sell",
      "i" : "ASTR_USD",
      "m" : "4611686018431621560"
    }, {
      "d" : "1756392333421043794",
      "t" : 1756392333421,
      "tn" : 1756392333421043794,
      "q" : "481",
      "p" : "0.02476",
      "s" : "buy",
      "i" : "ASTR_USD",
      "m" : "4611686018431621559"
    }, {
      "d" : "1756391007240036433",
      "t" : 1756391007240,
      "tn" : 1756391007240036433,
      "q" : "36266",
      "p" : "0.02468",
      "s" : "buy",
      "i" : "ASTR_USD",
      "m" : "4611686018431621558"
    }, {
      "d" : "1756391007238038118",
      "t" : 1756391007238,
      "tn" : 1756391007238038118,
      "q" : "39524",
      "p" : "0.02467",
      "s" : "buy",
      "i" : "ASTR_USD",
      "m" : "4611686018431621557"
    }, {
      "d" : "1756390851950684990",
      "t" : 1756390851950,
      "tn" : 1756390851950684990,
      "q" : "300",
      "p" : "0.02461",
      "s" : "sell",
      "i" : "ASTR_USD",
      "m" : "4611686018431621556"
    }, {
      "d" : "1756390694521063725",
      "t" : 1756390694521,
      "tn" : 1756390694521063725,
      "q" : "8125",
      "p" : "0.02458",
      "s" : "buy",
      "i" : "ASTR_USD",
      "m" : "4611686018431621555"
    }, {
      "d" : "1756390582038232834",
      "t" : 1756390582038,
      "tn" : 1756390582038232834,
      "q" : "8138",
      "p" : "0.02455",
      "s" : "sell",
      "i" : "ASTR_USD",
      "m" : "4611686018431621554"
    }, {
      "d" : "1756389586388046242",
      "t" : 1756389586388,
      "tn" : 1756389586388046242,
      "q" : "8214",
      "p" : "0.02440",
      "s" : "buy",
      "i" : "ASTR_USD",
      "m" : "4611686018431621553"
    }, {
      "d" : "1756389582352849759",
      "t" : 1756389582352,
      "tn" : 1756389582352849759,
      "q" : "8382",
      "p" : "0.02440",
      "s" : "buy",
      "i" : "ASTR_USD",
      "m" : "4611686018431621552"
    }, {
      "d" : "1756389068339166327",
      "t" : 1756389068339,
      "tn" : 1756389068339166327,
      "q" : "8031",
      "p" : "0.02434",
      "s" : "buy",
      "i" : "ASTR_USD",
      "m" : "4611686018431621551"
    }, {
      "d" : "1756389068316211211",
      "t" : 1756389068316,
      "tn" : 1756389068316211211,
      "q" : "4113",
      "p" : "0.02434",
      "s" : "buy",
      "i" : "ASTR_USD",
      "m" : "4611686018431621550"
    }, {
      "d" : "1756388761042182537",
      "t" : 1756388761042,
      "tn" : 1756388761042182537,
      "q" : "607",
      "p" : "0.02431",
      "s" : "sell",
      "i" : "ASTR_USD",
      "m" : "4611686018431621549"
    }, {
      "d" : "1756387420969486304",
      "t" : 1756387420969,
      "tn" : 1756387420969486304,
      "q" : "3698",
      "p" : "0.02448",
      "s" : "buy",
      "i" : "ASTR_USD",
      "m" : "4611686018431621548"
    }, {
      "d" : "1756387374624834024",
      "t" : 1756387374624,
      "tn" : 1756387374624834024,
      "q" : "8178",
      "p" : "0.02446",
      "s" : "buy",
      "i" : "ASTR_USD",
      "m" : "4611686018431621547"
    }, {
      "d" : "1756386716981091343",
      "t" : 1756386716981,
      "tn" : 1756386716981091342,
      "q" : "606",
      "p" : "0.02439",
      "s" : "buy",
      "i" : "ASTR_USD",
      "m" : "4611686018431621546"
    }, {
      "d" : "1756386716981091342",
      "t" : 1756386716981,
      "tn" : 1756386716981091342,
      "q" : "782",
      "p" : "0.02439",
      "s" : "buy",
      "i" : "ASTR_USD",
      "m" : "4611686018431621546"
    }, {
      "d" : "1756386716980668600",
      "t" : 1756386716980,
      "tn" : 1756386716980668600,
      "q" : "9026",
      "p" : "0.02439",
      "s" : "buy",
      "i" : "ASTR_USD",
      "m" : "4611686018431621545"
    }, {
      "d" : "1756386079391096184",
      "t" : 1756386079391,
      "tn" : 1756386079391096184,
      "q" : "9500",
      "p" : "0.02433",
      "s" : "buy",
      "i" : "ASTR_USD",
      "m" : "4611686018431621544"
    }, {
      "d" : "1756386079391093804",
      "t" : 1756386079391,
      "tn" : 1756386079391093804,
      "q" : "1150",
      "p" : "0.02432",
      "s" : "buy",
      "i" : "ASTR_USD",
      "m" : "4611686018431621543"
    }, {
      "d" : "1756385534951768812",
      "t" : 1756385534951,
      "tn" : 1756385534951768811,
      "q" : "2332",
      "p" : "0.02440",
      "s" : "buy",
      "i" : "ASTR_USD",
      "m" : "4611686018431621542"
    }, {
      "d" : "1756385534951768811",
      "t" : 1756385534951,
      "tn" : 1756385534951768811,
      "q" : "605",
      "p" : "0.02440",
      "s" : "buy",
      "i" : "ASTR_USD",
      "m" : "4611686018431621542"
    }, {
      "d" : "1756382610459251835",
      "t" : 1756382610459,
      "tn" : 1756382610459251835,
      "q" : "3482",
      "p" : "0.02432",
      "s" : "sell",
      "i" : "ASTR_USD",
      "m" : "4611686018431621541"
    }, {
      "d" : "1756380828704891741",
      "t" : 1756380828704,
      "tn" : 1756380828704891741,
      "q" : "4017",
      "p" : "0.02441",
      "s" : "buy",
      "i" : "ASTR_USD",
      "m" : "4611686018431621540"
    }, {
      "d" : "1756375889245696582",
      "t" : 1756375889245,
      "tn" : 1756375889245696582,
      "q" : "1239",
      "p" : "0.02437",
      "s" : "buy",
      "i" : "ASTR_USD",
      "m" : "4611686018431621539"
    }, {
      "d" : "1756374682967884811",
      "t" : 1756374682967,
      "tn" : 1756374682967884811,
      "q" : "4770",
      "p" : "0.02428",
      "s" : "sell",
      "i" : "ASTR_USD",
      "m" : "4611686018431621538"
    } ]
  }
}