{
  "id" : -1,
  "method" : "public/get-trades",
  "code" : 0,
  "result" : {
    "data" : [ {
      "d" : "1756460153000263064",
      "t" : 1756460153000,
      "tn" : 1756460153000263064,
      "q" : "2426",
      "p" : "0.031085",
      "s" : "sell",
      "i" : "ATH_USD",
      "m" : "4611686018428124336"
    }, {
      "d" : "1756460152970098415",
      "t" : 1756460152970,
      "tn" : 1756460152970098415,
      "q" : "7000",
      "p" : "0.031085",
      "s" : "buy",
      "i" : "ATH_USD",
      "m" : "4611686018428124335"
    }, {
      "d" : "1756459943392614665",
      "t" : 1756459943392,
      "tn" : 1756459943392614665,
      "q" : "6403",
      "p" : "0.031088",
      "s" : "buy",
      "i" : "ATH_USD",
      "m" : "4611686018428124334"
    }, {
      "d" : "1756459496171886142",
      "t" : 1756459496171,
      "tn" : 1756459496171886142,
      "q" : "3860",
      "p" : "0.031116",
      "s" : "buy",
      "i" : "ATH_USD",
      "m" : "4611686018428124333"
    }, {
      "d" : "1756459337561352651",
      "t" : 1756459337561,
      "tn" : 1756459337561352651,
      "q" : "1923",
      "p" : "0.031135",
      "s" : "buy",
      "i" : "ATH_USD",
      "m" : "4611686018428124332"
    }, {
      "d" : "1756459337561350203",
      "t" : 1756459337561,
      "tn" : 1756459337561350203,
      "q" : "1000",
      "p" : "0.031134",
      "s" : "buy",
      "i" : "ATH_USD",
      "m" : "4611686018428124331"
    }, {
      "d" : "1756458941445725714",
      "t" : 1756458941445,
      "tn" : 1756458941445725714,
      "q" : "9006",
      "p" : "0.031039",
      "s" : "buy",
      "i" : "ATH_USD",
      "m" : "4611686018428124330"
    }, {
      "d" : "1756458899067404084",
      "t" : 1756458899067,
      "tn" : 1756458899067404084,
      "q" : "1923",
      "p" : "0.031007",
      "s" : "sell",
      "i" : "ATH_USD",
      "m" : "4611686018428124329"
    }, {
      "d" : "1756458852991064201",
      "t" : 1756458852991,
      "tn" : 1756458852991064201,
      "q" : "10000",
      "p" : "0.031016",
      "s" : "buy",
      "i" : "ATH_USD",
      "m" : "4611686018428124328"
    }, {
      "d" : "1756458813156740469",
      "t" : 1756458813156,
      "tn" : 1756458813156740469,
      "q" : "3151",
      "p" : "0.031041",
      "s" : "buy",
      "i" : "ATH_USD",
      "m" : "4611686018428124327"
    }, {
      "d" : "1756458764897021868",
      "t" : 1756458764897,
      "tn" : 1756458764897021868,
      "q" : "4991",
      "p" : "0.031004",
      "s" : "buy",
      "i" : "ATH_USD",
      "m" : "4611686018428124326"
    }, {
      "d" : "1756458609255248003",
      "t" : 1756458609255,
      "tn" : 1756458609255248003,
      "q" : "7000",
      "p" : "0.030917",
      "s" : "buy",
      "i" : "ATH_USD",
      "m" : "4611686018428124325"
    }, {
      "d" : "1756458567876370057",
      "t" : 1756458567876,
      "tn" : 1756458567876370057,
      "q" : "5618",
      "p" : "0.030923",
      "s" : "buy",
      "i" : "ATH_USD",
      "m" : "4611686018428124324"
    }, {
      "d" : "1756458512515563740",
      "t" : 1756458512515,
      "tn" : 1756458512515563740,
      "q" : "10000",
      "p" : "0.030867",
      "s" : "buy",
      "i" : "ATH_USD",
      "m" : "4611686018428124323"
    }, {
      "d" : "1756458495839749094",
      "t" : 1756458495839,
      "tn" : 1756458495839749094,
      "q" : "4493",
      "p" : "0.030866",
      "s" : "buy",
      "i" : "ATH_USD",
      "m" : "4611686018428124322"
    }, {
      "d" : "1756458448505510103",
      "t" : 1756458448505,
      "tn" : 1756458448505510103,
      "q" : "7000",
      "p" : "0.030890",
      "s" : "buy",
      "i" : "ATH_USD",
      "m" : "4611686018428124321"
    }, {
      "d" : "1756458416843986377",
      "t" : 1756458416843,
      "tn" : 1756458416843986377,
      "q" : "268",
      "p" : "0.030905",
      "s" : "buy",
      "i" : "ATH_USD",
      "m" : "4611686018428124320"
    }, {
      "d" : "1756458416843984699",
      "t" : 1756458416843,
      "tn" : 1756458416843984699,
      "q" : "7000",
      "p" : "0.030904",
      "s" : "buy",
      "i" : "ATH_USD",
      "m" : "4611686018428124319"
    }, {
      "d" : "1756458397527714645",
      "t" : 1756458397527,
      "tn" : 1756458397527714645,
      "q" : "4163",
      "p" : "0.030904",
      "s" : "buy",
      "i" : "ATH_USD",
      "m" : "4611686018428124318"
    }, {
      "d" : "1756458345129699141",
      "t" : 1756458345129,
      "tn" : 1756458345129699141,
      "q" : "7000",
      "p" : "0.030908",
      "s" : "buy",
      "i" : "ATH_USD",
      "m" : "4611686018428124317"
    }, {
      "d" : "1756458318928496745",
      "t" : 1756458318928,
      "tn" : 1756458318928496745,
      "q" : "9396",
      "p" : "0.030880",
      "s" : "buy",
      "i" : "ATH_USD",
      "m" : "4611686018428124316"
    }, {
      "d" : "1756458306532039743",
      "t" : 1756458306532,
      "tn" : 1756458306532039743,
      "q" : "9403",
      "p" : "0.030873",
      "s" : "buy",
      "i" : "ATH_USD",
      "m" : "4611686018428124315"
    }, {
      "d" : "1756458169442996931",
      "t" : 1756458169442,
      "tn" : 1756458169442996931,
      "q" : "972",
      "p" : "0.030834",
      "s" : "sell",
      "i" : "ATH_USD",
      "m" : "4611686018428124314"
    }, {
      "d" : "1756458101922021815",
      "t" : 1756458101922,
      "tn" : 1756458101922021815,
      "q" : "1005",
      "p" : "0.031005",
      "s" : "buy",
      "i" : "ATH_USD",
      "m" : "4611686018428124313"
    }, {
      "d" : "1756458075664865517",
      "t" : 1756458075664,
      "tn" : 1756458075664865517,
      "q" : "2617",
      "p" : "0.031008",
      "s" : "buy",
      "i" : "ATH_USD",
      "m" : "4611686018428124312"
    }, {
      "d" : "1756458023712138407",
      "t" : 1756458023712,
      "tn" : 1756458023712138407,
      "q" : "3571",
      "p" : "0.030988",
      "s" : "buy",
      "i" : "ATH_USD",
      "m" : "4611686018428124311"
    }, {
      "d" : "1756457983819021157",
      "t" : 1756457983819,
      "tn" : 1756457983819021157,
      "q" : "3000",
      "p" : "0.031037",
      "s" : "buy",
      "i" : "ATH_USD",
      "m" : "4611686018428124310"
    }, {
      "d" : "1756457983819018190",
      "t" : 1756457983819,
      "tn" : 1756457983819018190,
      "q" : "2560",
      "p" : "0.031036",
      "s" : "buy",
      "i" : "ATH_USD",
      "m" : "4611686018428124309"
    }, {
      "d" : "1756457931367149532",
      "t" : 1756457931367,
      "tn" : 1756457931367149532,
      "q" : "4915",
      "p" : "0.031030",
      "s" : "buy",
      "i" : "ATH_USD",
      "m" : "4611686018428124308"
    }, {
      "d" : "1756457826021472957",
      "t" : 1756457826021,
      "tn" : 1756457826021472957,
      "q" : "509",
      "p" : "0.031004",
      "s" : "buy",
      "i" : "ATH_USD",
      "m" : "4611686018428124307"
    }, {
      "d" : "1756457806446652887",
      "t" : 1756457806446,
      "tn" : 1756457806446652887,
      "q" : "3000",
      "p" : "0.031028",
      "s" : "buy",
      "i" : "ATH_USD",
      "m" : "4611686018428124306"
    }, {
      "d" : "1756457727660520972",
      "t" : 1756457727660,
      "tn" : 1756457727660520972,
      "q" : "2000",
      "p" : "0.031064",
      "s" : "buy",
      "i" : "ATH_USD",
      "m" : "4611686018428124305"
    }, {
      "d" : "1756457707841993778",
      "t" : 1756457707841,
      "tn" : 1756457707841993778,
      "q" : "2000",
      "p" : "0.031070",
      "s" : "buy",
      "i" : "ATH_USD",
      "m" : "4611686018428124304"
    }, {
      "d" : "1756457694651732918",
      "t" : 1756457694651,
      "tn" : 1756457694651732918,
      "q" : "2000",
      "p" : "0.031065",
      "s" : "buy",
      "i" : "ATH_USD",
      "m" : "4611686018428124303"
    }, {
      "d" : "1756457675341736926",
      "t" : 1756457675341,
      "tn" : 1756457675341736926,
      "q" : "2000",
      "p" : "0.031061",
      "s" : "buy",
      "i" : "ATH_USD",
      "m" : "4611686018428124302"
    }, {
      "d" : "1756457662023932814",
      "t" : 1756457662023,
      "tn" : 1756457662023932814,
      "q" : "2000",
      "p" : "0.031064",
      "s" : "buy",
      "i" : "ATH_USD",
      "m" : "4611686018428124301"
    }, {
      "d" : "1756457643219783182",
      "t" : 1756457643219,
      "tn" : 1756457643219783182,
      "q" : "2000",
      "p" : "0.031081",
      "s" : "buy",
      "i" : "ATH_USD",
      "m" : "4611686018428124300"
    }, {
      "d" : "1756457616215190230",
      "t" : 1756457616215,
      "tn" : 1756457616215190230,
      "q" : "2000",
      "p" : "0.031083",
      "s" : "buy",
      "i" : "ATH_USD",
      "m" : "4611686018428124299"
    }, {
      "d" : "1756457603092034864",
      "t" : 1756457603092,
      "tn" : 1756457603092034864,
      "q" : "2000",
      "p" : "0.031074",
      "s" : "buy",
      "i" : "ATH_USD",
      "m" : "4611686018428124298"
    }, {
      "d" : "1756457590072146040",
      "t" : 1756457590072,
      "tn" : 1756457590072146040,
      "q" : "2000",
      "p" : "0.031069",
      "s" : "buy",
      "i" : "ATH_USD",
      "m" : "4611686018428124297"
    }, {
      "d" : "1756457557382135020",
      "t" : 1756457557382,
      "tn" : 1756457557382135020,
      "q" : "2000",
      "p" : "0.031087",
      "s" : "buy",
      "i" : "ATH_USD",
      "m" : "4611686018428124296"
    }, {
      "d" : "1756457537715812188",
      "t" : 1756457537715,
      "tn" : 1756457537715812188,
      "q" : "2000",
      "p" : "0.031100",
      "s" : "buy",
      "i" : "ATH_USD",
      "m" : "4611686018428124295"
    }, {
      "d" : "1756456896073879293",
      "t" : 1756456896073,
      "tn" : 1756456896073879293,
      "q" : "2989",
      "p" : "0.031139",
      "s" : "sell",
      "i" : "ATH_USD",
      "m" : "4611686018428124294"
    }, {
      "d" : "1756456891960909952",
      "t" : 1756456891960,
      "tn" : 1756456891960909952,
      "q" : "4000",
      "p" : "0.031149",
      "s" : "sell",
      "i" : "ATH_USD",
      "m" : "4611686018428124293"
    }, {
      "d" : "1756456888761951250",
      "t" : 1756456888761,
      "tn" : 1756456888761951250,
      "q" : "4000",
      "p" : "0.031166",
      "s" : "sell",
      "i" : "ATH_USD",
      "m" : "4611686018428124292"
    }, {
      "d" : "1756456701044967136",
      "t" : 1756456701044,
      "tn" : 1756456701044967135,
      "q" : "143",
      "p" : "0.031212",
      "s" : "buy",
      "i" : "ATH_USD",
      "m" : "4611686018428124291"
    }, {
      "d" : "1756456701044967135",
      "t" : 1756456701044,
      "tn" : 1756456701044967135,
      "q" : "3000",
      "p" : "0.031212",
      "s" : "buy",
      "i" : "ATH_USD",
      "m" : "4611686018428124291"
    }, {
      "d" : "1756455622925267585",
      "t" : 1756455622925,
      "tn" : 1756455622925267585,
      "q" : "960",
      "p" : "0.031237",
      "s" : "sell",
      "i" : "ATH_USD",
      "m" : "4611686018428124290"
    }, {
      "d" : "1756455543852577280",
      "t" : 1756455543852,
      "tn" : 1756455543852577280,
      "q" : "701",
      "p" : "0.031322",
      "s" : "buy",
      "i" : "ATH_USD",
      "m" : "4611686018428124289"
    }, {
      "d" : "1756455153242344888",
      "t" : 1756455153242,
      "tn" : 1756455153242344888,
      "q" : "2501",
      "p" : "0.031310",
      "s" : "buy",
      "i" : "ATH_USD",
      "m" : "4611686018428124288"
    }, {
      "d" : "1756454748631445306",
      "t" : 1756454748631,
      "tn" : 1756454748631445306,
      "q" : "3603",
      "p" : "0.031352",
      "s" : "buy",
      "i" : "ATH_USD",
      "m" : "4611686018428124287"
    }, {
      "d" : "1756454430623906720",
      "t" : 1756454430623,
      "tn" : 1756454430623906720,
      "q" : "10000",
      "p" : "0.031305",
      "s" : "buy",
      "i" : "ATH_USD",
      "m" : "4611686018428124286"
    }, {
      "d" : "1756454053161605212",
      "t" : 1756454053161,
      "tn" : 1756454053161605212,
      "q" : "1939",
      "p" : "0.031456",
      "s" : "buy",
      "i" : "ATH_USD",
      "m" : "4611686018428124285"
    }, {
      "d" : "1756452554556465536",
      "t" : 1756452554556,
      "tn" : 1756452554556465536,
      "q" : "2000",
      "p" : "0.031380",
      "s" : "buy",
      "i" : "ATH_USD",
      "m" : "4611686018428124284"
    }, {
      "d" : "1756452544531717507",
      "t" : 1756452544531,
      "tn" : 1756452544531717507,
      "q" : "2000",
      "p" : "0.031377",
      "s" : "buy",
      "i" : "ATH_USD",
      "m" : "4611686018428124283"
    }, {
      "d" : "1756452479496183536",
      "t" : 1756452479496,
      "tn" : 1756452479496183536,
      "q" : "1000",
      "p" : "0.031402",
      "s" : "sell",
      "i" : "ATH_USD",
      "m" : "4611686018428124282"
    }, {
      "d" : "1756452409065376986",
      "t" : 1756452409065,
      "tn" : 1756452409065376985,
      "q" : "2000",
      "p" : "0.031476",
      "s" : "buy",
      "i" : "ATH_USD",
      "m" : "4611686018428124281"
    }, {
      "d" : "1756452409065376985",
      "t" : 1756452409065,
      "tn" : 1756452409065376985,
      "q" : "3000",
      "p" : "0.031476",
      "s" : "buy",
      "i" : "ATH_USD",
      "m" : "4611686018428124281"
    }, {
      "d" : "1756451767062654714",
      "t" : 1756451767062,
      "tn" : 1756451767062654714,
      "q" : "1000",
      "p" : "0.031532",
      "s" : "buy",
      "i" : "ATH_USD",
      "m" : "4611686018428124280"
    }, {
      "d" : "1756451765856131131",
      "t" : 1756451765856,
      "tn" : 1756451765856131131,
      "q" : "1000",
      "p" : "0.031532",
      "s" : "buy",
      "i" : "ATH_USD",
      "m" : "4611686018428124279"
    }, {
      "d" : "1756451659970994531",
      "t" : 1756451659970,
      "tn" : 1756451659970994531,
      "q" : "948",
      "p" : "0.031642",
      "s" : "sell",
      "i" : "ATH_USD",
      "m" : "4611686018428124278"
    }, {
      "d" : "1756451239577973370",
      "t" : 1756451239577,
      "tn" : 1756451239577973370,
      "q" : "500",
      "p" : "0.031890",
      "s" : "buy",
      "i" : "ATH_USD",
      "m" : "4611686018428124277"
    }, {
      "d" : "1756451046783816381",
      "t" : 1756451046783,
      "tn" : 1756451046783816381,
      "q" : "9193",
      "p" : "0.032030",
      "s" : "buy",
      "i" : "ATH_USD",
      "m" : "4611686018428124276"
    }, {
      "d" : "1756451042539442234",
      "t" : 1756451042539,
      "tn" : 1756451042539442234,
      "q" : "6834",
      "p" : "0.031999",
      "s" : "buy",
      "i" : "ATH_USD",
      "m" : "4611686018428124275"
    }, {
      "d" : "1756450897335128109",
      "t" : 1756450897335,
      "tn" : 1756450897335128109,
      "q" : "8362",
      "p" : "0.032002",
      "s" : "sell",
      "i" : "ATH_USD",
      "m" : "4611686018428124274"
    }, {
      "d" : "1756449605877036153",
      "t" : 1756449605877,
      "tn" : 1756449605877036153,
      "q" : "10000",
      "p" : "0.031992",
      "s" : "sell",
      "i" : "ATH_USD",
      "m" : "4611686018428124273"
    }, {
      "d" : "1756449605558550954",
      "t" : 1756449605558,
      "tn" : 1756449605558550954,
      "q" : "936",
      "p" : "0.032046",
      "s" : "sell",
      "i" : "ATH_USD",
      "m" : "4611686018428124272"
    }, {
      "d" : "1756449081541106783",
      "t" : 1756449081541,
      "tn" : 1756449081541106783,
      "q" : "1000",
      "p" : "0.032109",
      "s" : "buy",
      "i" : "ATH_USD",
      "m" : "4611686018428124271"
    }, {
      "d" : "1756448011227477956",
      "t" : 1756448011227,
      "tn" : 1756448011227477956,
      "q" : "3261",
      "p" : "0.032188",
      "s" : "sell",
      "i" : "ATH_USD",
      "m" : "4611686018428124270"
    }, {
      "d" : "1756447486659429698",
      "t" : 1756447486659,
      "tn" : 1756447486659429698,
      "q" : "1594",
      "p" : "0.032244",
      "s" : "buy",
      "i" : "ATH_USD",
      "m" : "4611686018428124269"
    }, {
      "d" : "1756447484439034730",
      "t" : 1756447484439,
      "tn" : 1756447484439034730,
      "q" : "455",
      "p" : "0.032244",
      "s" : "sell",
      "i" : "ATH_USD",
      "m" : "4611686018428124268"
    }, {
      "d" : "1756445688753228840",
      "t" : 1756445688753,
      "tn" : 1756445688753228840,
      "q" : "2182",
      "p" : "0.032208",
      "s" : "buy",
      "i" : "ATH_USD",
      "m" : "4611686018428124267"
    }, {
      "d" : "1756445383408506082",
      "t" : 1756445383408,
      "tn" : 1756445383408506082,
      "q" : "1636",
      "p" : "0.032174",
      "s" : "buy",
      "i" : "ATH_USD",
      "m" : "4611686018428124266"
    }, {
      "d" : "1756445378237434864",
      "t" : 1756445378237,
      "tn" : 1756445378237434864,
      "q" : "2000",
      "p" : "0.032174",
      "s" : "buy",
      "i" : "ATH_USD",
      "m" : "4611686018428124265"
    }, {
      "d" : "1756443628953700800",
      "t" : 1756443628953,
      "tn" : 1756443628953700800,
      "q" : "6087",
      "p" : "0.032209",
      "s" : "buy",
      "i" : "ATH_USD",
      "m" : "4611686018428124264"
    }, {
      "d" : "1756443379928646626",
      "t" : 1756443379928,
      "tn" : 1756443379928646626,
      "q" : "455",
      "p" : "0.032237",
      "s" : "buy",
      "i" : "ATH_USD",
      "m" : "4611686018428124263"
    }, {
      "d" : "1756443324013085273",
      "t" : 1756443324013,
      "tn" : 1756443324013085273,
      "q" : "4467",
      "p" : "0.032219",
      "s" : "sell",
      "i" : "ATH_USD",
      "m" : "4611686018428124262"
    }, {
      "d" : "1756442815149743975",
      "t" : 1756442815149,
      "tn" : 1756442815149743975,
      "q" : "1848",
      "p" : "0.032318",
      "s" : "sell",
      "i" : "ATH_USD",
      "m" : "4611686018428124261"
    }, {
      "d" : "1756442811255129152",
      "t" : 1756442811255,
      "tn" : 1756442811255129152,
      "q" : "6304",
      "p" : "0.032318",
      "s" : "sell",
      "i" : "ATH_USD",
      "m" : "4611686018428124260"
    }, {
      "d" : "1756442811226685640",
      "t" : 1756442811226,
      "tn" : 1756442811226685640,
      "q" : "1848",
      "p" : "0.032318",
      "s" : "sell",
      "i" : "ATH_USD",
      "m" : "4611686018428124259"
    }, {
      "d" : "1756441163305655475",
      "t" : 1756441163305,
      "tn" : 1756441163305655475,
      "q" : "285",
      "p" : "0.032301",
      "s" : "buy",
      "i" : "ATH_USD",
      "m" : "4611686018428124258"
    }, {
      "d" : "1756440766838607124",
      "t" : 1756440766838,
      "tn" : 1756440766838607124,
      "q" : "281",
      "p" : "0.032247",
      "s" : "buy",
      "i" : "ATH_USD",
      "m" : "4611686018428124257"
    }, {
      "d" : "1756440547542941939",
      "t" : 1756440547542,
      "tn" : 1756440547542941939,
      "q" : "483",
      "p" : "0.032255",
      "s" : "buy",
      "i" : "ATH_USD",
      "m" : "4611686018428124256"
    }, {
      "d" : "1756440453040928803",
      "t" : 1756440453040,
      "tn" : 1756440453040928803,
      "q" : "978",
      "p" : "0.032252",
      "s" : "sell",
      "i" : "ATH_USD",
      "m" : "4611686018428124255"
    }, {
      "d" : "1756440453026157917",
      "t" : 1756440453026,
      "tn" : 1756440453026157917,
      "q" : "4511",
      "p" : "0.032252",
      "s" : "sell",
      "i" : "ATH_USD",
      "m" : "4611686018428124254"
    }, {
      "d" : "1756440341710439956",
      "t" : 1756440341710,
      "tn" : 1756440341710439956,
      "q" : "349",
      "p" : "0.032318",
      "s" : "buy",
      "i" : "ATH_USD",
      "m" : "4611686018428124253"
    }, {
      "d" : "1756440320723230944",
      "t" : 1756440320723,
      "tn" : 1756440320723230944,
      "q" : "6350",
      "p" : "0.032338",
      "s" : "sell",
      "i" : "ATH_USD",
      "m" : "4611686018428124252"
    }, {
      "d" : "1756440320723229201",
      "t" : 1756440320723,
      "tn" : 1756440320723229201,
      "q" : "4576",
      "p" : "0.032340",
      "s" : "sell",
      "i" : "ATH_USD",
      "m" : "4611686018428124251"
    }, {
      "d" : "1756439714899492459",
      "t" : 1756439714899,
      "tn" : 1756439714899492459,
      "q" : "1884",
      "p" : "0.032416",
      "s" : "buy",
      "i" : "ATH_USD",
      "m" : "4611686018428124250"
    }, {
      "d" : "1756439531898289881",
      "t" : 1756439531898,
      "tn" : 1756439531898289881,
      "q" : "1000",
      "p" : "0.032410",
      "s" : "buy",
      "i" : "ATH_USD",
      "m" : "4611686018428124249"
    }, {
      "d" : "1756438786428279370",
      "t" : 1756438786428,
      "tn" : 1756438786428279370,
      "q" : "10000",
      "p" : "0.032400",
      "s" : "buy",
      "i" : "ATH_USD",
      "m" : "4611686018428124248"
    }, {
      "d" : "1756438761264507282",
      "t" : 1756438761264,
      "tn" : 1756438761264507282,
      "q" : "357",
      "p" : "0.032364",
      "s" : "sell",
      "i" : "ATH_USD",
      "m" : "4611686018428124247"
    }, {
      "d" : "1756438680311509981",
      "t" : 1756438680311,
      "tn" : 1756438680311509981,
      "q" : "8757",
      "p" : "0.032368",
      "s" : "buy",
      "i" : "ATH_USD",
      "m" : "4611686018428124246"
    }, {
      "d" : "1756438672278314399",
      "t" : 1756438672278,
      "tn" : 1756438672278314399,
      "q" : "2072",
      "p" : "0.032304",
      "s" : "buy",
      "i" : "ATH_USD",
      "m" : "4611686018428124245"
    }, {
      "d" : "1756438672234830615",
      "t" : 1756438672234,
      "tn" : 1756438672234830615,
      "q" : "7928",
      "p" : "0.032304",
      "s" : "buy",
      "i" : "ATH_USD",
      "m" : "4611686018428124244"
    }, {
      "d" : "1756438316290707449",
      "t" : 1756438316290,
      "tn" : 1756438316290707449,
      "q" : "305",
      "p" : "0.032273",
      "s" : "buy",
      "i" : "ATH_USD",
      "m" : "4611686018428124243"
    }, {
      "d" : "1756438289691170804",
      "t" : 1756438289691,
      "tn" : 1756438289691170804,
      "q" : "609",
      "p" : "0.032280",
      "s" : "buy",
      "i" : "ATH_USD",
      "m" : "4611686018428124242"
    }, {
      "d" : "1756437779204039527",
      "t" : 1756437779204,
      "tn" : 1756437779204039527,
      "q" : "3000",
      "p" : "0.032282",
      "s" : "buy",
      "i" : "ATH_USD",
      "m" : "4611686018428124241"
    }, {
      "d" : "1756437454234882663",
      "t" : 1756437454234,
      "tn" : 1756437454234882663,
      "q" : "1254",
      "p" : "0.032260",
      "s" : "buy",
      "i" : "ATH_USD",
      "m" : "4611686018428124240"
    }, {
      "d" : "1756437316426307769",
      "t" : 1756437316426,
      "tn" : 1756437316426307769,
      "q" : "1000",
      "p" : "0.032274",
      "s" : "buy",
      "i" : "ATH_USD",
      "m" : "4611686018428124239"
    }, {
      "d" : "1756437316382504587",
      "t" : 1756437316382,
      "tn" : 1756437316382504587,
      "q" : "5625",
      "p" : "0.032273",
      "s" : "buy",
      "i" : "ATH_USD",
      "m" : "4611686018428124238"
    }, {
      "d" : "1756435325676014390",
      "t" : 1756435325676,
      "tn" : 1756435325676014390,
      "q" : "4576",
      "p" : "0.032263",
      "s" : "buy",
      "i" : "ATH_USD",
      "m" : "4611686018428124237"
    }, {
      "d" : "1756435325666795065",
      "t" : 1756435325666,
      "tn" : 1756435325666795065,
      "q" : "6101",
      "p" : "0.032263",
      "s" : "buy",
      "i" : "ATH_USD",
      "m" : "4611686018428124236"
    }, {
      "d" : "1756435325666792691",
      "t" : 1756435325666,
      "tn" : 1756435325666792691,
      "q" : "4576",
      "p" : "0.032253",
      "s" : "buy",
      "i" : "ATH_USD",
      "m" : "4611686018428124235"
    }, {
      "d" : "1756435325600306808",
      "t" : 1756435325600,
      "tn" : 1756435325600306808,
      "q" : "3000",
      "p" : "0.032247",
      "s" : "buy",
      "i" : "ATH_USD",
      "m" : "4611686018428124234"
    }, {
      "d" : "1756434912479337104",
      "t" : 1756434912479,
      "tn" : 1756434912479337104,
      "q" : "500",
      "p" : "0.032298",
      "s" : "buy",
      "i" : "ATH_USD",
      "m" : "4611686018428124233"
    }, {
      "d" : "1756434424377346652",
      "t" : 1756434424377,
      "tn" : 1756434424377346652,
      "q" : "1",
      "p" : "0.032337",
      "s" : "sell",
      "i" : "ATH_USD",
      "m" : "4611686018428124232"
    }, {
      "d" : "1756434424364320411",
      "t" : 1756434424364,
      "tn" : 1756434424364320411,
      "q" : "4062",
      "p" : "0.032337",
      "s" : "sell",
      "i" : "ATH_USD",
      "m" : "4611686018428124231"
    }, {
      "d" : "1756434424364318725",
      "t" : 1756434424364,
      "tn" : 1756434424364318725,
      "q" : "5698",
      "p" : "0.032338",
      "s" : "sell",
      "i" : "ATH_USD",
      "m" : "4611686018428124230"
    }, {
      "d" : "1756434424332633769",
      "t" : 1756434424332,
      "tn" : 1756434424332633769,
      "q" : "5937",
      "p" : "0.032337",
      "s" : "sell",
      "i" : "ATH_USD",
      "m" : "4611686018428124229"
    }, {
      "d" : "1756434206024769988",
      "t" : 1756434206024,
      "tn" : 1756434206024769988,
      "q" : "1175",
      "p" : "0.032423",
      "s" : "buy",
      "i" : "ATH_USD",
      "m" : "4611686018428124228"
    }, {
      "d" : "1756433868319084529",
      "t" : 1756433868319,
      "tn" : 1756433868319084529,
      "q" : "1342",
      "p" : "0.032314",
      "s" : "sell",
      "i" : "ATH_USD",
      "m" : "4611686018428124227"
    }, {
      "d" : "1756433630770017340",
      "t" : 1756433630770,
      "tn" : 1756433630770017340,
      "q" : "8339",
      "p" : "0.032367",
      "s" : "buy",
      "i" : "ATH_USD",
      "m" : "4611686018428124226"
    }, {
      "d" : "1756433503054674503",
      "t" : 1756433503054,
      "tn" : 1756433503054674503,
      "q" : "500",
      "p" : "0.032291",
      "s" : "buy",
      "i" : "ATH_USD",
      "m" : "4611686018428124225"
    }, {
      "d" : "1756433322418542169",
      "t" : 1756433322418,
      "tn" : 1756433322418542169,
      "q" : "1343",
      "p" : "0.032279",
      "s" : "buy",
      "i" : "ATH_USD",
      "m" : "4611686018428124224"
    }, {
      "d" : "1756433319011571009",
      "t" : 1756433319011,
      "tn" : 1756433319011571009,
      "q" : "3000",
      "p" : "0.032278",
      "s" : "buy",
      "i" : "ATH_USD",
      "m" : "4611686018428124223"
    }, {
      "d" : "1756433313391869623",
      "t" : 1756433313391,
      "tn" : 1756433313391869623,
      "q" : "3000",
      "p" : "0.032271",
      "s" : "buy",
      "i" : "ATH_USD",
      "m" : "4611686018428124222"
    }, {
      "d" : "1756433307943842968",
      "t" : 1756433307943,
      "tn" : 1756433307943842968,
      "q" : "3000",
      "p" : "0.032268",
      "s" : "buy",
      "i" : "ATH_USD",
      "m" : "4611686018428124221"
    }, {
      "d" : "1756433017800778496",
      "t" : 1756433017800,
      "tn" : 1756433017800778496,
      "q" : "4576",
      "p" : "0.032230",
      "s" : "sell",
      "i" : "ATH_USD",
      "m" : "4611686018428124220"
    }, {
      "d" : "1756432939798190219",
      "t" : 1756432939798,
      "tn" : 1756432939798190219,
      "q" : "1115",
      "p" : "0.032220",
      "s" : "buy",
      "i" : "ATH_USD",
      "m" : "4611686018428124219"
    }, {
      "d" : "1756432786688602496",
      "t" : 1756432786688,
      "tn" : 1756432786688602496,
      "q" : "1541",
      "p" : "0.032221",
      "s" : "buy",
      "i" : "ATH_USD",
      "m" : "4611686018428124218"
    }, {
      "d" : "1756432031238569395",
      "t" : 1756432031238,
      "tn" : 1756432031238569395,
      "q" : "2020",
      "p" : "0.032284",
      "s" : "buy",
      "i" : "ATH_USD",
      "m" : "4611686018428124217"
    }, {
      "d" : "1756431277104846541",
      "t" : 1756431277104,
      "tn" : 1756431277104846541,
      "q" : "9473",
      "p" : "0.032277",
      "s" : "buy",
      "i" : "ATH_USD",
      "m" : "4611686018428124216"
    }, {
      "d" : "1756431245227506815",
      "t" : 1756431245227,
      "tn" : 1756431245227506815,
      "q" : "8000",
      "p" : "0.032233",
      "s" : "buy",
      "i" : "ATH_USD",
      "m" : "4611686018428124215"
    }, {
      "d" : "1756431245223965588",
      "t" : 1756431245223,
      "tn" : 1756431245223965588,
      "q" : "2000",
      "p" : "0.032233",
      "s" : "buy",
      "i" : "ATH_USD",
      "m" : "4611686018428124214"
    }, {
      "d" : "1756431245153067467",
      "t" : 1756431245153,
      "tn" : 1756431245153067467,
      "q" : "4576",
      "p" : "0.032225",
      "s" : "buy",
      "i" : "ATH_USD",
      "m" : "4611686018428124213"
    }, {
      "d" : "1756431085862929351",
      "t" : 1756431085862,
      "tn" : 1756431085862929351,
      "q" : "10961",
      "p" : "0.032214",
      "s" : "buy",
      "i" : "ATH_USD",
      "m" : "4611686018428124212"
    }, {
      "d" : "1756431085842572825",
      "t" : 1756431085842,
      "tn" : 1756431085842572825,
      "q" : "2906",
      "p" : "0.032202",
      "s" : "buy",
      "i" : "ATH_USD",
      "m" : "4611686018428124211"
    }, {
      "d" : "1756431085820173725",
      "t" : 1756431085820,
      "tn" : 1756431085820173725,
      "q" : "7032",
      "p" : "0.032202",
      "s" : "buy",
      "i" : "ATH_USD",
      "m" : "4611686018428124210"
    }, {
      "d" : "1756431085814893649",
      "t" : 1756431085814,
      "tn" : 1756431085814893649,
      "q" : "2906",
      "p" : "0.032202",
      "s" : "buy",
      "i" : "ATH_USD",
      "m" : "4611686018428124209"
    }, {
      "d" : "1756430763432906541",
      "t" : 1756430763432,
      "tn" : 1756430763432906541,
      "q" : "1000",
      "p" : "0.032206",
      "s" : "buy",
      "i" : "ATH_USD",
      "m" : "4611686018428124208"
    }, {
      "d" : "1756430746421414845",
      "t" : 1756430746421,
      "tn" : 1756430746421414845,
      "q" : "773",
      "p" : "0.032194",
      "s" : "buy",
      "i" : "ATH_USD",
      "m" : "4611686018428124207"
    }, {
      "d" : "1756429954473634098",
      "t" : 1756429954473,
      "tn" : 1756429954473634098,
      "q" : "982",
      "p" : "0.032401",
      "s" : "buy",
      "i" : "ATH_USD",
      "m" : "4611686018428124206"
    }, {
      "d" : "1756429537075246506",
      "t" : 1756429537075,
      "tn" : 1756429537075246506,
      "q" : "7044",
      "p" : "0.032447",
      "s" : "sell",
      "i" : "ATH_USD",
      "m" : "4611686018428124205"
    }, {
      "d" : "1756429534329769259",
      "t" : 1756429534329,
      "tn" : 1756429534329769259,
      "q" : "2000",
      "p" : "0.032447",
      "s" : "buy",
      "i" : "ATH_USD",
      "m" : "4611686018428124204"
    }, {
      "d" : "1756429529507452459",
      "t" : 1756429529507,
      "tn" : 1756429529507452459,
      "q" : "3000",
      "p" : "0.032448",
      "s" : "buy",
      "i" : "ATH_USD",
      "m" : "4611686018428124203"
    }, {
      "d" : "1756429430838188694",
      "t" : 1756429430838,
      "tn" : 1756429430838188694,
      "q" : "626",
      "p" : "0.032450",
      "s" : "buy",
      "i" : "ATH_USD",
      "m" : "4611686018428124202"
    }, {
      "d" : "1756429313876978460",
      "t" : 1756429313876,
      "tn" : 1756429313876978460,
      "q" : "1293",
      "p" : "0.032482",
      "s" : "buy",
      "i" : "ATH_USD",
      "m" : "4611686018428124201"
    }, {
      "d" : "1756429313870070812",
      "t" : 1756429313870,
      "tn" : 1756429313870070812,
      "q" : "8707",
      "p" : "0.032482",
      "s" : "buy",
      "i" : "ATH_USD",
      "m" : "4611686018428124200"
    }, {
      "d" : "1756428576121661603",
      "t" : 1756428576121,
      "tn" : 1756428576121661603,
      "q" : "756",
      "p" : "0.032490",
      "s" : "buy",
      "i" : "ATH_USD",
      "m" : "4611686018428124199"
    }, {
      "d" : "1756428368156344321",
      "t" : 1756428368156,
      "tn" : 1756428368156344321,
      "q" : "5000",
      "p" : "0.032565",
      "s" : "buy",
      "i" : "ATH_USD",
      "m" : "4611686018428124198"
    }, {
      "d" : "1756428365620726058",
      "t" : 1756428365620,
      "tn" : 1756428365620726058,
      "q" : "5000",
      "p" : "0.032565",
      "s" : "buy",
      "i" : "ATH_USD",
      "m" : "4611686018428124197"
    }, {
      "d" : "1756427854118312143",
      "t" : 1756427854118,
      "tn" : 1756427854118312143,
      "q" : "302",
      "p" : "0.032608",
      "s" : "buy",
      "i" : "ATH_USD",
      "m" : "4611686018428124196"
    }, {
      "d" : "1756427778670581992",
      "t" : 1756427778670,
      "tn" : 1756427778670581992,
      "q" : "5199",
      "p" : "0.032616",
      "s" : "buy",
      "i" : "ATH_USD",
      "m" : "4611686018428124195"
    }, {
      "d" : "1756427778670578630",
      "t" : 1756427778670,
      "tn" : 1756427778670578630,
      "q" : "3233",
      "p" : "0.032615",
      "s" : "buy",
      "i" : "ATH_USD",
      "m" : "4611686018428124194"
    }, {
      "d" : "1756427738071342627",
      "t" : 1756427738071,
      "tn" : 1756427738071342627,
      "q" : "5160",
      "p" : "0.032632",
      "s" : "sell",
      "i" : "ATH_USD",
      "m" : "4611686018428124193"
    }, {
      "d" : "1756427641140182917",
      "t" : 1756427641140,
      "tn" : 1756427641140182917,
      "q" : "1000",
      "p" : "0.032645",
      "s" : "sell",
      "i" : "ATH_USD",
      "m" : "4611686018428124192"
    }, {
      "d" : "1756427245921218354",
      "t" : 1756427245921,
      "tn" : 1756427245921218354,
      "q" : "5048",
      "p" : "0.032710",
      "s" : "buy",
      "i" : "ATH_USD",
      "m" : "4611686018428124191"
    }, {
      "d" : "1756427245872738861",
      "t" : 1756427245872,
      "tn" : 1756427245872738861,
      "q" : "1723",
      "p" : "0.032710",
      "s" : "buy",
      "i" : "ATH_USD",
      "m" : "4611686018428124190"
    }, {
      "d" : "1756427234800351310",
      "t" : 1756427234800,
      "tn" : 1756427234800351310,
      "q" : "520",
      "p" : "0.032695",
      "s" : "buy",
      "i" : "ATH_USD",
      "m" : "4611686018428124189"
    } ]
  }
}