{
  "id" : -1,
  "method" : "public/get-trades",
  "code" : 0,
  "result" : {
    "data" : [ {
      "d" : "1756460224140030179",
      "t" : 1756460224140,
      "tn" : 1756460224140030178,
      "q" : "2.20",
      "p" : "4.563",
      "s" : "sell",
      "i" : "ATOM_USD",
      "m" : "4611686018435686498"
    }, {
      "d" : "1756460224140030178",
      "t" : 1756460224140,
      "tn" : 1756460224140030178,
      "q" : "0.27",
      "p" : "4.563",
      "s" : "sell",
      "i" : "ATOM_USD",
      "m" : "4611686018435686498"
    }, {
      "d" : "1756460222311568284",
      "t" : 1756460222311,
      "tn" : 1756460222311568284,
      "q" : "4.97",
      "p" : "4.563",
      "s" : "sell",
      "i" : "ATOM_USD",
      "m" : "4611686018435686497"
    }, {
      "d" : "1756460208229704446",
      "t" : 1756460208229,
      "tn" : 1756460208229704445,
      "q" : "2.20",
      "p" : "4.564",
      "s" : "sell",
      "i" : "ATOM_USD",
      "m" : "4611686018435686496"
    }, {
      "d" : "1756460208229704445",
      "t" : 1756460208229,
      "tn" : 1756460208229704445,
      "q" : "0.27",
      "p" : "4.564",
      "s" : "sell",
      "i" : "ATOM_USD",
      "m" : "4611686018435686496"
    }, {
      "d" : "1756460206892396724",
      "t" : 1756460206892,
      "tn" : 1756460206892396724,
      "q" : "4.81",
      "p" : "4.565",
      "s" : "sell",
      "i" : "ATOM_USD",
      "m" : "4611686018435686495"
    }, {
      "d" : "1756460206892273286",
      "t" : 1756460206892,
      "tn" : 1756460206892273286,
      "q" : "55.41",
      "p" : "4.565",
      "s" : "sell",
      "i" : "ATOM_USD",
      "m" : "4611686018435686494"
    }, {
      "d" : "1756460206892272642",
      "t" : 1756460206892,
      "tn" : 1756460206892272642,
      "q" : "0.27",
      "p" : "4.566",
      "s" : "sell",
      "i" : "ATOM_USD",
      "m" : "4611686018435686493"
    }, {
      "d" : "1756460185813850638",
      "t" : 1756460185813,
      "tn" : 1756460185813850638,
      "q" : "0.43",
      "p" : "4.566",
      "s" : "buy",
      "i" : "ATOM_USD",
      "m" : "4611686018435686492"
    }, {
      "d" : "1756460185457631546",
      "t" : 1756460185457,
      "tn" : 1756460185457631546,
      "q" : "0.04",
      "p" : "4.565",
      "s" : "buy",
      "i" : "ATOM_USD",
      "m" : "4611686018435686491"
    }, {
      "d" : "1756460185453377513",
      "t" : 1756460185453,
      "tn" : 1756460185453377513,
      "q" : "27.84",
      "p" : "4.565",
      "s" : "buy",
      "i" : "ATOM_USD",
      "m" : "4611686018435686490"
    }, {
      "d" : "1756460185451988011",
      "t" : 1756460185451,
      "tn" : 1756460185451988011,
      "q" : "9.84",
      "p" : "4.565",
      "s" : "buy",
      "i" : "ATOM_USD",
      "m" : "4611686018435686489"
    }, {
      "d" : "1756460185433840685",
      "t" : 1756460185433,
      "tn" : 1756460185433840684,
      "q" : "22.54",
      "p" : "4.565",
      "s" : "buy",
      "i" : "ATOM_USD",
      "m" : "4611686018435686488"
    }, {
      "d" : "1756460185433840684",
      "t" : 1756460185433,
      "tn" : 1756460185433840684,
      "q" : "5.31",
      "p" : "4.565",
      "s" : "buy",
      "i" : "ATOM_USD",
      "m" : "4611686018435686488"
    }, {
      "d" : "1756460185431925552",
      "t" : 1756460185431,
      "tn" : 1756460185431925552,
      "q" : "27.84",
      "p" : "4.565",
      "s" : "buy",
      "i" : "ATOM_USD",
      "m" : "4611686018435686487"
    }, {
      "d" : "1756460184166076562",
      "t" : 1756460184166,
      "tn" : 1756460184166076562,
      "q" : "0.43",
      "p" : "4.564",
      "s" : "sell",
      "i" : "ATOM_USD",
      "m" : "4611686018435686486"
    }, {
      "d" : "1756460182756547564",
      "t" : 1756460182756,
      "tn" : 1756460182756547564,
      "q" : "22.77",
      "p" : "4.563",
      "s" : "buy",
      "i" : "ATOM_USD",
      "m" : "4611686018435686485"
    }, {
      "d" : "1756460182667948948",
      "t" : 1756460182667,
      "tn" : 1756460182667948948,
      "q" : "27.85",
      "p" : "4.563",
      "s" : "buy",
      "i" : "ATOM_USD",
      "m" : "4611686018435686484"
    }, {
      "d" : "1756460182667430180",
      "t" : 1756460182667,
      "tn" : 1756460182667430180,
      "q" : "9.66",
      "p" : "4.563",
      "s" : "buy",
      "i" : "ATOM_USD",
      "m" : "4611686018435686483"
    }, {
      "d" : "1756460167129525153",
      "t" : 1756460167129,
      "tn" : 1756460167129525152,
      "q" : "0.27",
      "p" : "4.563",
      "s" : "sell",
      "i" : "ATOM_USD",
      "m" : "4611686018435686482"
    }, {
      "d" : "1756460167129525152",
      "t" : 1756460167129,
      "tn" : 1756460167129525152,
      "q" : "9.40",
      "p" : "4.563",
      "s" : "sell",
      "i" : "ATOM_USD",
      "m" : "4611686018435686482"
    }, {
      "d" : "1756460167129521160",
      "t" : 1756460167129,
      "tn" : 1756460167129521160,
      "q" : "50.84",
      "p" : "4.563",
      "s" : "sell",
      "i" : "ATOM_USD",
      "m" : "4611686018435686481"
    }, {
      "d" : "1756460167016480107",
      "t" : 1756460167016,
      "tn" : 1756460167016480106,
      "q" : "0.27",
      "p" : "4.564",
      "s" : "sell",
      "i" : "ATOM_USD",
      "m" : "4611686018435686480"
    }, {
      "d" : "1756460167016480106",
      "t" : 1756460167016,
      "tn" : 1756460167016480106,
      "q" : "24.62",
      "p" : "4.564",
      "s" : "sell",
      "i" : "ATOM_USD",
      "m" : "4611686018435686480"
    }, {
      "d" : "1756460165042034631",
      "t" : 1756460165042,
      "tn" : 1756460165042034630,
      "q" : "0.16",
      "p" : "4.564",
      "s" : "sell",
      "i" : "ATOM_USD",
      "m" : "4611686018435686479"
    }, {
      "d" : "1756460165042034630",
      "t" : 1756460165042,
      "tn" : 1756460165042034630,
      "q" : "0.27",
      "p" : "4.564",
      "s" : "sell",
      "i" : "ATOM_USD",
      "m" : "4611686018435686479"
    }, {
      "d" : "1756460116652860326",
      "t" : 1756460116652,
      "tn" : 1756460116652860324,
      "q" : "0.27",
      "p" : "4.563",
      "s" : "sell",
      "i" : "ATOM_USD",
      "m" : "4611686018435686478"
    }, {
      "d" : "1756460116652860325",
      "t" : 1756460116652,
      "tn" : 1756460116652860324,
      "q" : "2.20",
      "p" : "4.563",
      "s" : "sell",
      "i" : "ATOM_USD",
      "m" : "4611686018435686478"
    }, {
      "d" : "1756460116652860324",
      "t" : 1756460116652,
      "tn" : 1756460116652860324,
      "q" : "5.26",
      "p" : "4.563",
      "s" : "sell",
      "i" : "ATOM_USD",
      "m" : "4611686018435686478"
    }, {
      "d" : "1756460116651921018",
      "t" : 1756460116651,
      "tn" : 1756460116651921018,
      "q" : "8.94",
      "p" : "4.563",
      "s" : "sell",
      "i" : "ATOM_USD",
      "m" : "4611686018435686477"
    }, {
      "d" : "1756460087321079622",
      "t" : 1756460087321,
      "tn" : 1756460087321079622,
      "q" : "23.00",
      "p" : "4.561",
      "s" : "buy",
      "i" : "ATOM_USD",
      "m" : "4611686018435686476"
    }, {
      "d" : "1756460087321042460",
      "t" : 1756460087321,
      "tn" : 1756460087321042460,
      "q" : "8.95",
      "p" : "4.561",
      "s" : "buy",
      "i" : "ATOM_USD",
      "m" : "4611686018435686475"
    }, {
      "d" : "1756460087320594604",
      "t" : 1756460087320,
      "tn" : 1756460087320594604,
      "q" : "23.00",
      "p" : "4.561",
      "s" : "buy",
      "i" : "ATOM_USD",
      "m" : "4611686018435686474"
    }, {
      "d" : "1756460087319965213",
      "t" : 1756460087319,
      "tn" : 1756460087319965213,
      "q" : "5.36",
      "p" : "4.561",
      "s" : "buy",
      "i" : "ATOM_USD",
      "m" : "4611686018435686473"
    }, {
      "d" : "1756460087030705339",
      "t" : 1756460087030,
      "tn" : 1756460087030705339,
      "q" : "21.00",
      "p" : "4.560",
      "s" : "buy",
      "i" : "ATOM_USD",
      "m" : "4611686018435686472"
    }, {
      "d" : "1756460081988478846",
      "t" : 1756460081988,
      "tn" : 1756460081988478845,
      "q" : "0.27",
      "p" : "4.560",
      "s" : "sell",
      "i" : "ATOM_USD",
      "m" : "4611686018435686471"
    }, {
      "d" : "1756460081988478845",
      "t" : 1756460081988,
      "tn" : 1756460081988478845,
      "q" : "16.82",
      "p" : "4.560",
      "s" : "sell",
      "i" : "ATOM_USD",
      "m" : "4611686018435686471"
    }, {
      "d" : "1756460081987482948",
      "t" : 1756460081987,
      "tn" : 1756460081987482948,
      "q" : "26.37",
      "p" : "4.560",
      "s" : "sell",
      "i" : "ATOM_USD",
      "m" : "4611686018435686470"
    }, {
      "d" : "1756460081986864654",
      "t" : 1756460081986,
      "tn" : 1756460081986864654,
      "q" : "17.09",
      "p" : "4.560",
      "s" : "sell",
      "i" : "ATOM_USD",
      "m" : "4611686018435686469"
    }, {
      "d" : "1756460053055427884",
      "t" : 1756460053055,
      "tn" : 1756460053055427883,
      "q" : "0.27",
      "p" : "4.561",
      "s" : "sell",
      "i" : "ATOM_USD",
      "m" : "4611686018435686468"
    }, {
      "d" : "1756460053055427883",
      "t" : 1756460053055,
      "tn" : 1756460053055427883,
      "q" : "59.84",
      "p" : "4.561",
      "s" : "sell",
      "i" : "ATOM_USD",
      "m" : "4611686018435686468"
    }, {
      "d" : "1756460041731634007",
      "t" : 1756460041731,
      "tn" : 1756460041731634007,
      "q" : "0.43",
      "p" : "4.561",
      "s" : "sell",
      "i" : "ATOM_USD",
      "m" : "4611686018435686467"
    }, {
      "d" : "1756460040400479693",
      "t" : 1756460040400,
      "tn" : 1756460040400479692,
      "q" : "0.27",
      "p" : "4.562",
      "s" : "sell",
      "i" : "ATOM_USD",
      "m" : "4611686018435686466"
    }, {
      "d" : "1756460040400479692",
      "t" : 1756460040400,
      "tn" : 1756460040400479692,
      "q" : "2.20",
      "p" : "4.562",
      "s" : "sell",
      "i" : "ATOM_USD",
      "m" : "4611686018435686466"
    }, {
      "d" : "1756460019896334969",
      "t" : 1756460019896,
      "tn" : 1756460019896334969,
      "q" : "3.90",
      "p" : "4.562",
      "s" : "buy",
      "i" : "ATOM_USD",
      "m" : "4611686018435686465"
    }, {
      "d" : "1756460019895664591",
      "t" : 1756460019895,
      "tn" : 1756460019895664591,
      "q" : "50.30",
      "p" : "4.562",
      "s" : "buy",
      "i" : "ATOM_USD",
      "m" : "4611686018435686464"
    }, {
      "d" : "1756460019895171121",
      "t" : 1756460019895,
      "tn" : 1756460019895171121,
      "q" : "6.10",
      "p" : "4.562",
      "s" : "buy",
      "i" : "ATOM_USD",
      "m" : "4611686018435686463"
    }, {
      "d" : "1756460013530336598",
      "t" : 1756460013530,
      "tn" : 1756460013530336598,
      "q" : "0.43",
      "p" : "4.560",
      "s" : "sell",
      "i" : "ATOM_USD",
      "m" : "4611686018435686462"
    }, {
      "d" : "1756460012291545013",
      "t" : 1756460012291,
      "tn" : 1756460012291545013,
      "q" : "0.32",
      "p" : "4.561",
      "s" : "sell",
      "i" : "ATOM_USD",
      "m" : "4611686018435686461"
    }, {
      "d" : "1756459985252051775",
      "t" : 1756459985252,
      "tn" : 1756459985252051775,
      "q" : "0.07",
      "p" : "4.559",
      "s" : "sell",
      "i" : "ATOM_USD",
      "m" : "4611686018435686460"
    }, {
      "d" : "1756459985252049743",
      "t" : 1756459985252,
      "tn" : 1756459985252049743,
      "q" : "0.27",
      "p" : "4.560",
      "s" : "sell",
      "i" : "ATOM_USD",
      "m" : "4611686018435686459"
    }, {
      "d" : "1756459985064655627",
      "t" : 1756459985064,
      "tn" : 1756459985064655627,
      "q" : "0.27",
      "p" : "4.560",
      "s" : "sell",
      "i" : "ATOM_USD",
      "m" : "4611686018435686458"
    }, {
      "d" : "1756459984704299300",
      "t" : 1756459984704,
      "tn" : 1756459984704299300,
      "q" : "0.27",
      "p" : "4.560",
      "s" : "sell",
      "i" : "ATOM_USD",
      "m" : "4611686018435686457"
    }, {
      "d" : "1756459983489317624",
      "t" : 1756459983489,
      "tn" : 1756459983489317623,
      "q" : "0.44",
      "p" : "4.560",
      "s" : "buy",
      "i" : "ATOM_USD",
      "m" : "4611686018435686456"
    }, {
      "d" : "1756459983489317623",
      "t" : 1756459983489,
      "tn" : 1756459983489317623,
      "q" : "19.13",
      "p" : "4.560",
      "s" : "buy",
      "i" : "ATOM_USD",
      "m" : "4611686018435686456"
    }, {
      "d" : "1756459983479957234",
      "t" : 1756459983479,
      "tn" : 1756459983479957234,
      "q" : "27.85",
      "p" : "4.560",
      "s" : "buy",
      "i" : "ATOM_USD",
      "m" : "4611686018435686455"
    }, {
      "d" : "1756459983479357939",
      "t" : 1756459983479,
      "tn" : 1756459983479357939,
      "q" : "13.34",
      "p" : "4.560",
      "s" : "buy",
      "i" : "ATOM_USD",
      "m" : "4611686018435686454"
    }, {
      "d" : "1756459955886829108",
      "t" : 1756459955886,
      "tn" : 1756459955886829108,
      "q" : "0.25",
      "p" : "4.559",
      "s" : "sell",
      "i" : "ATOM_USD",
      "m" : "4611686018435686453"
    }, {
      "d" : "1756459950574332237",
      "t" : 1756459950574,
      "tn" : 1756459950574332237,
      "q" : "0.26",
      "p" : "4.559",
      "s" : "buy",
      "i" : "ATOM_USD",
      "m" : "4611686018435686452"
    }, {
      "d" : "1756459940844869938",
      "t" : 1756459940844,
      "tn" : 1756459940844869937,
      "q" : "0.27",
      "p" : "4.560",
      "s" : "sell",
      "i" : "ATOM_USD",
      "m" : "4611686018435686451"
    }, {
      "d" : "1756459940844869937",
      "t" : 1756459940844,
      "tn" : 1756459940844869937,
      "q" : "38.45",
      "p" : "4.560",
      "s" : "sell",
      "i" : "ATOM_USD",
      "m" : "4611686018435686451"
    }, {
      "d" : "1756459940844245067",
      "t" : 1756459940844,
      "tn" : 1756459940844245067,
      "q" : "21.83",
      "p" : "4.560",
      "s" : "sell",
      "i" : "ATOM_USD",
      "m" : "4611686018435686450"
    }, {
      "d" : "1756459940192399759",
      "t" : 1756459940192,
      "tn" : 1756459940192399758,
      "q" : "0.27",
      "p" : "4.561",
      "s" : "sell",
      "i" : "ATOM_USD",
      "m" : "4611686018435686449"
    }, {
      "d" : "1756459940192399758",
      "t" : 1756459940192,
      "tn" : 1756459940192399758,
      "q" : "2.20",
      "p" : "4.561",
      "s" : "sell",
      "i" : "ATOM_USD",
      "m" : "4611686018435686449"
    }, {
      "d" : "1756459937084788330",
      "t" : 1756459937084,
      "tn" : 1756459937084788329,
      "q" : "0.27",
      "p" : "4.562",
      "s" : "sell",
      "i" : "ATOM_USD",
      "m" : "4611686018435686448"
    }, {
      "d" : "1756459937084788329",
      "t" : 1756459937084,
      "tn" : 1756459937084788329,
      "q" : "2.20",
      "p" : "4.562",
      "s" : "sell",
      "i" : "ATOM_USD",
      "m" : "4611686018435686448"
    }, {
      "d" : "1756459914303573389",
      "t" : 1756459914303,
      "tn" : 1756459914303573389,
      "q" : "23.57",
      "p" : "4.561",
      "s" : "buy",
      "i" : "ATOM_USD",
      "m" : "4611686018435686447"
    }, {
      "d" : "1756459914301010602",
      "t" : 1756459914301,
      "tn" : 1756459914301010602,
      "q" : "27.85",
      "p" : "4.561",
      "s" : "buy",
      "i" : "ATOM_USD",
      "m" : "4611686018435686446"
    }, {
      "d" : "1756459914300527575",
      "t" : 1756459914300,
      "tn" : 1756459914300527575,
      "q" : "6.14",
      "p" : "4.561",
      "s" : "buy",
      "i" : "ATOM_USD",
      "m" : "4611686018435686445"
    }, {
      "d" : "1756459914300524541",
      "t" : 1756459914300,
      "tn" : 1756459914300524541,
      "q" : "2.74",
      "p" : "4.561",
      "s" : "buy",
      "i" : "ATOM_USD",
      "m" : "4611686018435686444"
    }, {
      "d" : "1756459905162973430",
      "t" : 1756459905162,
      "tn" : 1756459905162973429,
      "q" : "0.27",
      "p" : "4.560",
      "s" : "sell",
      "i" : "ATOM_USD",
      "m" : "4611686018435686443"
    }, {
      "d" : "1756459905162973429",
      "t" : 1756459905162,
      "tn" : 1756459905162973429,
      "q" : "26.93",
      "p" : "4.560",
      "s" : "sell",
      "i" : "ATOM_USD",
      "m" : "4611686018435686443"
    }, {
      "d" : "1756459905162912315",
      "t" : 1756459905162,
      "tn" : 1756459905162912315,
      "q" : "6.15",
      "p" : "4.560",
      "s" : "sell",
      "i" : "ATOM_USD",
      "m" : "4611686018435686442"
    }, {
      "d" : "1756459905162341878",
      "t" : 1756459905162,
      "tn" : 1756459905162341878,
      "q" : "27.20",
      "p" : "4.560",
      "s" : "sell",
      "i" : "ATOM_USD",
      "m" : "4611686018435686441"
    }, {
      "d" : "1756459904735611838",
      "t" : 1756459904735,
      "tn" : 1756459904735611838,
      "q" : "0.44",
      "p" : "4.562",
      "s" : "buy",
      "i" : "ATOM_USD",
      "m" : "4611686018435686440"
    }, {
      "d" : "1756459895823347699",
      "t" : 1756459895823,
      "tn" : 1756459895823347698,
      "q" : "0.27",
      "p" : "4.561",
      "s" : "sell",
      "i" : "ATOM_USD",
      "m" : "4611686018435686439"
    }, {
      "d" : "1756459895823347698",
      "t" : 1756459895823,
      "tn" : 1756459895823347698,
      "q" : "2.20",
      "p" : "4.561",
      "s" : "sell",
      "i" : "ATOM_USD",
      "m" : "4611686018435686439"
    }, {
      "d" : "1756459882054495613",
      "t" : 1756459882054,
      "tn" : 1756459882054495613,
      "q" : "27.92",
      "p" : "4.560",
      "s" : "buy",
      "i" : "ATOM_USD",
      "m" : "4611686018435686438"
    }, {
      "d" : "1756459882053966253",
      "t" : 1756459882053,
      "tn" : 1756459882053966253,
      "q" : "32.40",
      "p" : "4.560",
      "s" : "buy",
      "i" : "ATOM_USD",
      "m" : "4611686018435686437"
    }, {
      "d" : "1756459880555760015",
      "t" : 1756459880555,
      "tn" : 1756459880555760015,
      "q" : "6.58",
      "p" : "4.559",
      "s" : "buy",
      "i" : "ATOM_USD",
      "m" : "4611686018435686436"
    }, {
      "d" : "1756459875670943959",
      "t" : 1756459875670,
      "tn" : 1756459875670943958,
      "q" : "0.27",
      "p" : "4.562",
      "s" : "sell",
      "i" : "ATOM_USD",
      "m" : "4611686018435686435"
    }, {
      "d" : "1756459875670943958",
      "t" : 1756459875670,
      "tn" : 1756459875670943958,
      "q" : "2.20",
      "p" : "4.562",
      "s" : "sell",
      "i" : "ATOM_USD",
      "m" : "4611686018435686435"
    }, {
      "d" : "1756459875039744398",
      "t" : 1756459875039,
      "tn" : 1756459875039744397,
      "q" : "0.27",
      "p" : "4.563",
      "s" : "sell",
      "i" : "ATOM_USD",
      "m" : "4611686018435686434"
    }, {
      "d" : "1756459875039744397",
      "t" : 1756459875039,
      "tn" : 1756459875039744397,
      "q" : "4.56",
      "p" : "4.563",
      "s" : "sell",
      "i" : "ATOM_USD",
      "m" : "4611686018435686434"
    }, {
      "d" : "1756459875032466950",
      "t" : 1756459875032,
      "tn" : 1756459875032466950,
      "q" : "27.85",
      "p" : "4.563",
      "s" : "sell",
      "i" : "ATOM_USD",
      "m" : "4611686018435686433"
    }, {
      "d" : "1756459875032380582",
      "t" : 1756459875032,
      "tn" : 1756459875032380582,
      "q" : "27.83",
      "p" : "4.563",
      "s" : "sell",
      "i" : "ATOM_USD",
      "m" : "4611686018435686432"
    }, {
      "d" : "1756459874412532040",
      "t" : 1756459874412,
      "tn" : 1756459874412532040,
      "q" : "0.27",
      "p" : "4.564",
      "s" : "sell",
      "i" : "ATOM_USD",
      "m" : "4611686018435686431"
    }, {
      "d" : "1756459846330696369",
      "t" : 1756459846330,
      "tn" : 1756459846330696368,
      "q" : "0.27",
      "p" : "4.562",
      "s" : "sell",
      "i" : "ATOM_USD",
      "m" : "4611686018435686430"
    }, {
      "d" : "1756459846330696368",
      "t" : 1756459846330,
      "tn" : 1756459846330696368,
      "q" : "60.25",
      "p" : "4.562",
      "s" : "sell",
      "i" : "ATOM_USD",
      "m" : "4611686018435686430"
    }, {
      "d" : "1756459845439035287",
      "t" : 1756459845439,
      "tn" : 1756459845439035286,
      "q" : "0.27",
      "p" : "4.563",
      "s" : "sell",
      "i" : "ATOM_USD",
      "m" : "4611686018435686429"
    }, {
      "d" : "1756459845439035286",
      "t" : 1756459845439,
      "tn" : 1756459845439035286,
      "q" : "2.20",
      "p" : "4.563",
      "s" : "sell",
      "i" : "ATOM_USD",
      "m" : "4611686018435686429"
    }, {
      "d" : "1756459789168994793",
      "t" : 1756459789168,
      "tn" : 1756459789168994793,
      "q" : "25.95",
      "p" : "4.560",
      "s" : "buy",
      "i" : "ATOM_USD",
      "m" : "4611686018435686428"
    }, {
      "d" : "1756459772705131998",
      "t" : 1756459772705,
      "tn" : 1756459772705131997,
      "q" : "24.05",
      "p" : "4.559",
      "s" : "buy",
      "i" : "ATOM_USD",
      "m" : "4611686018435686427"
    }, {
      "d" : "1756459772705131997",
      "t" : 1756459772705,
      "tn" : 1756459772705131997,
      "q" : "0.44",
      "p" : "4.559",
      "s" : "buy",
      "i" : "ATOM_USD",
      "m" : "4611686018435686427"
    }, {
      "d" : "1756459753661184537",
      "t" : 1756459753661,
      "tn" : 1756459753661184537,
      "q" : "0.44",
      "p" : "4.558",
      "s" : "buy",
      "i" : "ATOM_USD",
      "m" : "4611686018435686426"
    }, {
      "d" : "1756459721365322639",
      "t" : 1756459721365,
      "tn" : 1756459721365322639,
      "q" : "24.93",
      "p" : "4.557",
      "s" : "buy",
      "i" : "ATOM_USD",
      "m" : "4611686018435686425"
    }, {
      "d" : "1756459721365320722",
      "t" : 1756459721365,
      "tn" : 1756459721365320720,
      "q" : "0.27",
      "p" : "4.556",
      "s" : "buy",
      "i" : "ATOM_USD",
      "m" : "4611686018435686424"
    }, {
      "d" : "1756459721365320721",
      "t" : 1756459721365,
      "tn" : 1756459721365320720,
      "q" : "0.44",
      "p" : "4.556",
      "s" : "buy",
      "i" : "ATOM_USD",
      "m" : "4611686018435686424"
    }, {
      "d" : "1756459721365320720",
      "t" : 1756459721365,
      "tn" : 1756459721365320720,
      "q" : "2.20",
      "p" : "4.556",
      "s" : "buy",
      "i" : "ATOM_USD",
      "m" : "4611686018435686424"
    }, {
      "d" : "1756459721361950119",
      "t" : 1756459721361,
      "tn" : 1756459721361950119,
      "q" : "0.27",
      "p" : "4.555",
      "s" : "buy",
      "i" : "ATOM_USD",
      "m" : "4611686018435686423"
    }, {
      "d" : "1756459713912951789",
      "t" : 1756459713912,
      "tn" : 1756459713912951789,
      "q" : "35.34",
      "p" : "4.554",
      "s" : "sell",
      "i" : "ATOM_USD",
      "m" : "4611686018435686422"
    }, {
      "d" : "1756459683631907753",
      "t" : 1756459683631,
      "tn" : 1756459683631907753,
      "q" : "8.28",
      "p" : "4.552",
      "s" : "buy",
      "i" : "ATOM_USD",
      "m" : "4611686018435686421"
    }, {
      "d" : "1756459683597734378",
      "t" : 1756459683597,
      "tn" : 1756459683597734378,
      "q" : "27.84",
      "p" : "4.552",
      "s" : "buy",
      "i" : "ATOM_USD",
      "m" : "4611686018435686420"
    }, {
      "d" : "1756459683584243435",
      "t" : 1756459683584,
      "tn" : 1756459683584243435,
      "q" : "24.31",
      "p" : "4.552",
      "s" : "buy",
      "i" : "ATOM_USD",
      "m" : "4611686018435686419"
    }, {
      "d" : "1756459682881863993",
      "t" : 1756459682881,
      "tn" : 1756459682881863991,
      "q" : "0.27",
      "p" : "4.551",
      "s" : "buy",
      "i" : "ATOM_USD",
      "m" : "4611686018435686418"
    }, {
      "d" : "1756459682881863992",
      "t" : 1756459682881,
      "tn" : 1756459682881863991,
      "q" : "2.20",
      "p" : "4.551",
      "s" : "buy",
      "i" : "ATOM_USD",
      "m" : "4611686018435686418"
    }, {
      "d" : "1756459682881863991",
      "t" : 1756459682881,
      "tn" : 1756459682881863991,
      "q" : "24.59",
      "p" : "4.551",
      "s" : "buy",
      "i" : "ATOM_USD",
      "m" : "4611686018435686418"
    }, {
      "d" : "1756459682838550127",
      "t" : 1756459682838,
      "tn" : 1756459682838550127,
      "q" : "27.85",
      "p" : "4.551",
      "s" : "buy",
      "i" : "ATOM_USD",
      "m" : "4611686018435686417"
    }, {
      "d" : "1756459682838060665",
      "t" : 1756459682838,
      "tn" : 1756459682838060665,
      "q" : "8.00",
      "p" : "4.551",
      "s" : "buy",
      "i" : "ATOM_USD",
      "m" : "4611686018435686416"
    }, {
      "d" : "1756459635049757107",
      "t" : 1756459635049,
      "tn" : 1756459635049757106,
      "q" : "0.27",
      "p" : "4.552",
      "s" : "sell",
      "i" : "ATOM_USD",
      "m" : "4611686018435686415"
    }, {
      "d" : "1756459635049757106",
      "t" : 1756459635049,
      "tn" : 1756459635049757106,
      "q" : "2.20",
      "p" : "4.552",
      "s" : "sell",
      "i" : "ATOM_USD",
      "m" : "4611686018435686415"
    }, {
      "d" : "1756459619001923555",
      "t" : 1756459619001,
      "tn" : 1756459619001923555,
      "q" : "5.37",
      "p" : "4.555",
      "s" : "sell",
      "i" : "ATOM_USD",
      "m" : "4611686018435686414"
    }, {
      "d" : "1756459603138064239",
      "t" : 1756459603138,
      "tn" : 1756459603138064239,
      "q" : "2.64",
      "p" : "4.556",
      "s" : "sell",
      "i" : "ATOM_USD",
      "m" : "4611686018435686413"
    }, {
      "d" : "1756459603035557380",
      "t" : 1756459603035,
      "tn" : 1756459603035557380,
      "q" : "24.92",
      "p" : "4.556",
      "s" : "sell",
      "i" : "ATOM_USD",
      "m" : "4611686018435686412"
    }, {
      "d" : "1756459603035022928",
      "t" : 1756459603035,
      "tn" : 1756459603035022928,
      "q" : "27.85",
      "p" : "4.556",
      "s" : "sell",
      "i" : "ATOM_USD",
      "m" : "4611686018435686411"
    }, {
      "d" : "1756459603034851713",
      "t" : 1756459603034,
      "tn" : 1756459603034851713,
      "q" : "4.93",
      "p" : "4.556",
      "s" : "sell",
      "i" : "ATOM_USD",
      "m" : "4611686018435686410"
    }, {
      "d" : "1756459549658498395",
      "t" : 1756459549658,
      "tn" : 1756459549658498394,
      "q" : "0.27",
      "p" : "4.555",
      "s" : "buy",
      "i" : "ATOM_USD",
      "m" : "4611686018435686409"
    }, {
      "d" : "1756459549658498394",
      "t" : 1756459549658,
      "tn" : 1756459549658498394,
      "q" : "2.20",
      "p" : "4.555",
      "s" : "buy",
      "i" : "ATOM_USD",
      "m" : "4611686018435686409"
    }, {
      "d" : "1756459545385464348",
      "t" : 1756459545385,
      "tn" : 1756459545385464347,
      "q" : "0.27",
      "p" : "4.554",
      "s" : "buy",
      "i" : "ATOM_USD",
      "m" : "4611686018435686408"
    }, {
      "d" : "1756459545385464347",
      "t" : 1756459545385,
      "tn" : 1756459545385464347,
      "q" : "2.20",
      "p" : "4.554",
      "s" : "buy",
      "i" : "ATOM_USD",
      "m" : "4611686018435686408"
    }, {
      "d" : "1756459527211471621",
      "t" : 1756459527211,
      "tn" : 1756459527211471620,
      "q" : "0.27",
      "p" : "4.551",
      "s" : "buy",
      "i" : "ATOM_USD",
      "m" : "4611686018435686407"
    }, {
      "d" : "1756459527211471620",
      "t" : 1756459527211,
      "tn" : 1756459527211471620,
      "q" : "32.59",
      "p" : "4.551",
      "s" : "buy",
      "i" : "ATOM_USD",
      "m" : "4611686018435686407"
    }, {
      "d" : "1756459527210827125",
      "t" : 1756459527210,
      "tn" : 1756459527210827125,
      "q" : "27.85",
      "p" : "4.551",
      "s" : "buy",
      "i" : "ATOM_USD",
      "m" : "4611686018435686406"
    }, {
      "d" : "1756459510228970740",
      "t" : 1756459510228,
      "tn" : 1756459510228970740,
      "q" : "9.24",
      "p" : "4.548",
      "s" : "buy",
      "i" : "ATOM_USD",
      "m" : "4611686018435686405"
    }, {
      "d" : "1756459510225877273",
      "t" : 1756459510225,
      "tn" : 1756459510225877273,
      "q" : "51.24",
      "p" : "4.548",
      "s" : "buy",
      "i" : "ATOM_USD",
      "m" : "4611686018435686404"
    }, {
      "d" : "1756459505240932982",
      "t" : 1756459505240,
      "tn" : 1756459505240932982,
      "q" : "23.41",
      "p" : "4.552",
      "s" : "sell",
      "i" : "ATOM_USD",
      "m" : "4611686018435686403"
    }, {
      "d" : "1756459504642414377",
      "t" : 1756459504642,
      "tn" : 1756459504642414377,
      "q" : "27.84",
      "p" : "4.552",
      "s" : "sell",
      "i" : "ATOM_USD",
      "m" : "4611686018435686402"
    }, {
      "d" : "1756459504642408965",
      "t" : 1756459504642,
      "tn" : 1756459504642408965,
      "q" : "9.14",
      "p" : "4.552",
      "s" : "sell",
      "i" : "ATOM_USD",
      "m" : "4611686018435686401"
    }, {
      "d" : "1756459504642406603",
      "t" : 1756459504642,
      "tn" : 1756459504642406603,
      "q" : "0.44",
      "p" : "4.553",
      "s" : "sell",
      "i" : "ATOM_USD",
      "m" : "4611686018435686400"
    }, {
      "d" : "1756459492057471392",
      "t" : 1756459492057,
      "tn" : 1756459492057471392,
      "q" : "0.26",
      "p" : "4.553",
      "s" : "buy",
      "i" : "ATOM_USD",
      "m" : "4611686018435686399"
    }, {
      "d" : "1756459489051440036",
      "t" : 1756459489051,
      "tn" : 1756459489051440036,
      "q" : "0.27",
      "p" : "4.553",
      "s" : "buy",
      "i" : "ATOM_USD",
      "m" : "4611686018435686398"
    }, {
      "d" : "1756459475244751919",
      "t" : 1756459475244,
      "tn" : 1756459475244751918,
      "q" : "0.27",
      "p" : "4.553",
      "s" : "sell",
      "i" : "ATOM_USD",
      "m" : "4611686018435686397"
    }, {
      "d" : "1756459475244751918",
      "t" : 1756459475244,
      "tn" : 1756459475244751918,
      "q" : "2.20",
      "p" : "4.553",
      "s" : "sell",
      "i" : "ATOM_USD",
      "m" : "4611686018435686397"
    }, {
      "d" : "1756459449310676958",
      "t" : 1756459449310,
      "tn" : 1756459449310676958,
      "q" : "0.44",
      "p" : "4.556",
      "s" : "buy",
      "i" : "ATOM_USD",
      "m" : "4611686018435686396"
    }, {
      "d" : "1756459449304151725",
      "t" : 1756459449304,
      "tn" : 1756459449304151723,
      "q" : "0.27",
      "p" : "4.556",
      "s" : "sell",
      "i" : "ATOM_USD",
      "m" : "4611686018435686395"
    }, {
      "d" : "1756459449304151724",
      "t" : 1756459449304,
      "tn" : 1756459449304151723,
      "q" : "0.44",
      "p" : "4.556",
      "s" : "sell",
      "i" : "ATOM_USD",
      "m" : "4611686018435686395"
    }, {
      "d" : "1756459449304151723",
      "t" : 1756459449304,
      "tn" : 1756459449304151723,
      "q" : "2.20",
      "p" : "4.556",
      "s" : "sell",
      "i" : "ATOM_USD",
      "m" : "4611686018435686395"
    }, {
      "d" : "1756459419318130727",
      "t" : 1756459419318,
      "tn" : 1756459419318130726,
      "q" : "0.27",
      "p" : "4.559",
      "s" : "sell",
      "i" : "ATOM_USD",
      "m" : "4611686018435686394"
    }, {
      "d" : "1756459419318130726",
      "t" : 1756459419318,
      "tn" : 1756459419318130726,
      "q" : "2.20",
      "p" : "4.559",
      "s" : "sell",
      "i" : "ATOM_USD",
      "m" : "4611686018435686394"
    }, {
      "d" : "1756459409192663750",
      "t" : 1756459409192,
      "tn" : 1756459409192663749,
      "q" : "0.27",
      "p" : "4.559",
      "s" : "buy",
      "i" : "ATOM_USD",
      "m" : "4611686018435686393"
    }, {
      "d" : "1756459409192663749",
      "t" : 1756459409192,
      "tn" : 1756459409192663749,
      "q" : "7.39",
      "p" : "4.559",
      "s" : "buy",
      "i" : "ATOM_USD",
      "m" : "4611686018435686393"
    }, {
      "d" : "1756459409191073118",
      "t" : 1756459409191,
      "tn" : 1756459409191073118,
      "q" : "17.44",
      "p" : "4.559",
      "s" : "buy",
      "i" : "ATOM_USD",
      "m" : "4611686018435686392"
    }, {
      "d" : "1756459409191040964",
      "t" : 1756459409191,
      "tn" : 1756459409191040964,
      "q" : "27.84",
      "p" : "4.559",
      "s" : "buy",
      "i" : "ATOM_USD",
      "m" : "4611686018435686391"
    }, {
      "d" : "1756459409190576929",
      "t" : 1756459409190,
      "tn" : 1756459409190576929,
      "q" : "7.66",
      "p" : "4.559",
      "s" : "buy",
      "i" : "ATOM_USD",
      "m" : "4611686018435686390"
    }, {
      "d" : "1756459403071784813",
      "t" : 1756459403071,
      "tn" : 1756459403071784813,
      "q" : "60.30",
      "p" : "4.559",
      "s" : "sell",
      "i" : "ATOM_USD",
      "m" : "4611686018435686389"
    }, {
      "d" : "1756459400499469616",
      "t" : 1756459400499,
      "tn" : 1756459400499469616,
      "q" : "24.84",
      "p" : "4.561",
      "s" : "sell",
      "i" : "ATOM_USD",
      "m" : "4611686018435686388"
    }, {
      "d" : "1756459400480766846",
      "t" : 1756459400480,
      "tn" : 1756459400480766846,
      "q" : "1.57",
      "p" : "4.561",
      "s" : "sell",
      "i" : "ATOM_USD",
      "m" : "4611686018435686387"
    }, {
      "d" : "1756459400476163556",
      "t" : 1756459400476,
      "tn" : 1756459400476163556,
      "q" : "33.86",
      "p" : "4.561",
      "s" : "sell",
      "i" : "ATOM_USD",
      "m" : "4611686018435686386"
    }, {
      "d" : "1756459397177034171",
      "t" : 1756459397177,
      "tn" : 1756459397177034171,
      "q" : "0.27",
      "p" : "4.562",
      "s" : "sell",
      "i" : "ATOM_USD",
      "m" : "4611686018435686385"
    }, {
      "d" : "1756459387859720763",
      "t" : 1756459387859,
      "tn" : 1756459387859720763,
      "q" : "0.68",
      "p" : "4.562",
      "s" : "buy",
      "i" : "ATOM_USD",
      "m" : "4611686018435686384"
    } ]
  }
}