{
  "id" : -1,
  "method" : "public/get-trades",
  "code" : 0,
  "result" : {
    "data" : [ {
      "d" : "1756460200824192601",
      "t" : 1756460200824,
      "tn" : 1756460200824192601,
      "q" : "0.27",
      "p" : "15.49",
      "s" : "buy",
      "i" : "ATOM_CRO",
      "m" : "4611686018432593551"
    }, {
      "d" : "1756460184165082558",
      "t" : 1756460184165,
      "tn" : 1756460184165082558,
      "q" : "0.43",
      "p" : "15.46",
      "s" : "buy",
      "i" : "ATOM_CRO",
      "m" : "4611686018432593550"
    }, {
      "d" : "1756460165041103683",
      "t" : 1756460165041,
      "tn" : 1756460165041103683,
      "q" : "0.43",
      "p" : "15.43",
      "s" : "buy",
      "i" : "ATOM_CRO",
      "m" : "4611686018432593549"
    }, {
      "d" : "1756460041755355553",
      "t" : 1756460041755,
      "tn" : 1756460041755355553,
      "q" : "0.27",
      "p" : "15.46",
      "s" : "buy",
      "i" : "ATOM_CRO",
      "m" : "4611686018432593548"
    }, {
      "d" : "1756460041731610182",
      "t" : 1756460041731,
      "tn" : 1756460041731610182,
      "q" : "0.43",
      "p" : "15.45",
      "s" : "buy",
      "i" : "ATOM_CRO",
      "m" : "4611686018432593547"
    }, {
      "d" : "1756460013530331657",
      "t" : 1756460013530,
      "tn" : 1756460013530331657,
      "q" : "0.43",
      "p" : "15.44",
      "s" : "buy",
      "i" : "ATOM_CRO",
      "m" : "4611686018432593546"
    }, {
      "d" : "1756459985251157454",
      "t" : 1756459985251,
      "tn" : 1756459985251157454,
      "q" : "0.34",
      "p" : "15.44",
      "s" : "buy",
      "i" : "ATOM_CRO",
      "m" : "4611686018432593545"
    }, {
      "d" : "1756459985063673421",
      "t" : 1756459985063,
      "tn" : 1756459985063673421,
      "q" : "0.10",
      "p" : "15.44",
      "s" : "buy",
      "i" : "ATOM_CRO",
      "m" : "4611686018432593544"
    }, {
      "d" : "1756459985063671273",
      "t" : 1756459985063,
      "tn" : 1756459985063671273,
      "q" : "0.17",
      "p" : "15.43",
      "s" : "buy",
      "i" : "ATOM_CRO",
      "m" : "4611686018432593543"
    }, {
      "d" : "1756459984704290909",
      "t" : 1756459984704,
      "tn" : 1756459984704290909,
      "q" : "0.27",
      "p" : "15.43",
      "s" : "buy",
      "i" : "ATOM_CRO",
      "m" : "4611686018432593542"
    }, {
      "d" : "1756459904734728433",
      "t" : 1756459904734,
      "tn" : 1756459904734728433,
      "q" : "0.44",
      "p" : "15.40",
      "s" : "sell",
      "i" : "ATOM_CRO",
      "m" : "4611686018432593541"
    }, {
      "d" : "1756459799442114055",
      "t" : 1756459799442,
      "tn" : 1756459799442114055,
      "q" : "0.25",
      "p" : "15.41",
      "s" : "sell",
      "i" : "ATOM_CRO",
      "m" : "4611686018432593540"
    }, {
      "d" : "1756459776567918950",
      "t" : 1756459776567,
      "tn" : 1756459776567918950,
      "q" : "0.27",
      "p" : "15.50",
      "s" : "sell",
      "i" : "ATOM_CRO",
      "m" : "4611686018432593539"
    }, {
      "d" : "1756459745829564318",
      "t" : 1756459745829,
      "tn" : 1756459745829564318,
      "q" : "0.25",
      "p" : "15.50",
      "s" : "sell",
      "i" : "ATOM_CRO",
      "m" : "4611686018432593538"
    }, {
      "d" : "1756459726311804784",
      "t" : 1756459726311,
      "tn" : 1756459726311804784,
      "q" : "0.25",
      "p" : "15.54",
      "s" : "sell",
      "i" : "ATOM_CRO",
      "m" : "4611686018432593537"
    }, {
      "d" : "1756459642315071896",
      "t" : 1756459642315,
      "tn" : 1756459642315071896,
      "q" : "0.25",
      "p" : "15.59",
      "s" : "sell",
      "i" : "ATOM_CRO",
      "m" : "4611686018432593536"
    }, {
      "d" : "1756459588393161647",
      "t" : 1756459588393,
      "tn" : 1756459588393161647,
      "q" : "0.27",
      "p" : "15.59",
      "s" : "buy",
      "i" : "ATOM_CRO",
      "m" : "4611686018432593535"
    }, {
      "d" : "1756459489050588652",
      "t" : 1756459489050,
      "tn" : 1756459489050588652,
      "q" : "0.27",
      "p" : "15.55",
      "s" : "sell",
      "i" : "ATOM_CRO",
      "m" : "4611686018432593534"
    }, {
      "d" : "1756459477492698861",
      "t" : 1756459477492,
      "tn" : 1756459477492698861,
      "q" : "0.27",
      "p" : "15.59",
      "s" : "sell",
      "i" : "ATOM_CRO",
      "m" : "4611686018432593533"
    }, {
      "d" : "1756459449309633248",
      "t" : 1756459449309,
      "tn" : 1756459449309633248,
      "q" : "0.44",
      "p" : "15.62",
      "s" : "sell",
      "i" : "ATOM_CRO",
      "m" : "4611686018432593532"
    }, {
      "d" : "1756459063169147832",
      "t" : 1756459063169,
      "tn" : 1756459063169147832,
      "q" : "0.27",
      "p" : "15.62",
      "s" : "sell",
      "i" : "ATOM_CRO",
      "m" : "4611686018432593531"
    }, {
      "d" : "1756459031526526718",
      "t" : 1756459031526,
      "tn" : 1756459031526526718,
      "q" : "0.44",
      "p" : "15.64",
      "s" : "sell",
      "i" : "ATOM_CRO",
      "m" : "4611686018432593530"
    }, {
      "d" : "1756458917272540833",
      "t" : 1756458917272,
      "tn" : 1756458917272540833,
      "q" : "0.25",
      "p" : "15.63",
      "s" : "sell",
      "i" : "ATOM_CRO",
      "m" : "4611686018432593529"
    }, {
      "d" : "1756458884185536583",
      "t" : 1756458884185,
      "tn" : 1756458884185536583,
      "q" : "0.27",
      "p" : "15.65",
      "s" : "sell",
      "i" : "ATOM_CRO",
      "m" : "4611686018432593528"
    }, {
      "d" : "1756458834924810991",
      "t" : 1756458834924,
      "tn" : 1756458834924810991,
      "q" : "0.27",
      "p" : "15.65",
      "s" : "sell",
      "i" : "ATOM_CRO",
      "m" : "4611686018432593527"
    }, {
      "d" : "1756458792690537010",
      "t" : 1756458792690,
      "tn" : 1756458792690537010,
      "q" : "0.25",
      "p" : "15.67",
      "s" : "sell",
      "i" : "ATOM_CRO",
      "m" : "4611686018432593526"
    }, {
      "d" : "1756458740840097472",
      "t" : 1756458740840,
      "tn" : 1756458740840097472,
      "q" : "0.25",
      "p" : "15.65",
      "s" : "buy",
      "i" : "ATOM_CRO",
      "m" : "4611686018432593525"
    }, {
      "d" : "1756458601539527278",
      "t" : 1756458601539,
      "tn" : 1756458601539527278,
      "q" : "0.25",
      "p" : "15.65",
      "s" : "sell",
      "i" : "ATOM_CRO",
      "m" : "4611686018432593524"
    }, {
      "d" : "1756458432898784251",
      "t" : 1756458432898,
      "tn" : 1756458432898784251,
      "q" : "0.27",
      "p" : "15.62",
      "s" : "buy",
      "i" : "ATOM_CRO",
      "m" : "4611686018432593523"
    }, {
      "d" : "1756458407939980757",
      "t" : 1756458407939,
      "tn" : 1756458407939980757,
      "q" : "0.27",
      "p" : "15.60",
      "s" : "buy",
      "i" : "ATOM_CRO",
      "m" : "4611686018432593522"
    }, {
      "d" : "1756458398530640663",
      "t" : 1756458398530,
      "tn" : 1756458398530640663,
      "q" : "0.25",
      "p" : "15.58",
      "s" : "sell",
      "i" : "ATOM_CRO",
      "m" : "4611686018432593521"
    }, {
      "d" : "1756458351988566458",
      "t" : 1756458351988,
      "tn" : 1756458351988566458,
      "q" : "0.27",
      "p" : "15.63",
      "s" : "sell",
      "i" : "ATOM_CRO",
      "m" : "4611686018432593520"
    }, {
      "d" : "1756458309561307610",
      "t" : 1756458309561,
      "tn" : 1756458309561307610,
      "q" : "0.27",
      "p" : "15.63",
      "s" : "sell",
      "i" : "ATOM_CRO",
      "m" : "4611686018432593519"
    }, {
      "d" : "1756458258159224783",
      "t" : 1756458258159,
      "tn" : 1756458258159224783,
      "q" : "0.27",
      "p" : "15.68",
      "s" : "sell",
      "i" : "ATOM_CRO",
      "m" : "4611686018432593518"
    }, {
      "d" : "1756458116779881679",
      "t" : 1756458116779,
      "tn" : 1756458116779881679,
      "q" : "0.44",
      "p" : "15.74",
      "s" : "sell",
      "i" : "ATOM_CRO",
      "m" : "4611686018432593517"
    }, {
      "d" : "1756458068520113552",
      "t" : 1756458068520,
      "tn" : 1756458068520113552,
      "q" : "0.25",
      "p" : "15.78",
      "s" : "buy",
      "i" : "ATOM_CRO",
      "m" : "4611686018432593516"
    }, {
      "d" : "1756458015116787108",
      "t" : 1756458015116,
      "tn" : 1756458015116787108,
      "q" : "0.27",
      "p" : "15.72",
      "s" : "sell",
      "i" : "ATOM_CRO",
      "m" : "4611686018432593515"
    }, {
      "d" : "1756458000091554520",
      "t" : 1756458000091,
      "tn" : 1756458000091554520,
      "q" : "0.32",
      "p" : "15.77",
      "s" : "buy",
      "i" : "ATOM_CRO",
      "m" : "4611686018432593514"
    }, {
      "d" : "1756457951597505015",
      "t" : 1756457951597,
      "tn" : 1756457951597505015,
      "q" : "0.27",
      "p" : "15.72",
      "s" : "buy",
      "i" : "ATOM_CRO",
      "m" : "4611686018432593513"
    }, {
      "d" : "1756457900681624034",
      "t" : 1756457900681,
      "tn" : 1756457900681624034,
      "q" : "0.27",
      "p" : "15.56",
      "s" : "buy",
      "i" : "ATOM_CRO",
      "m" : "4611686018432593512"
    }, {
      "d" : "1756457869809897168",
      "t" : 1756457869809,
      "tn" : 1756457869809897168,
      "q" : "0.27",
      "p" : "15.47",
      "s" : "buy",
      "i" : "ATOM_CRO",
      "m" : "4611686018432593511"
    }, {
      "d" : "1756457828715636678",
      "t" : 1756457828715,
      "tn" : 1756457828715636678,
      "q" : "0.44",
      "p" : "15.46",
      "s" : "buy",
      "i" : "ATOM_CRO",
      "m" : "4611686018432593510"
    }, {
      "d" : "1756457635522937508",
      "t" : 1756457635522,
      "tn" : 1756457635522937508,
      "q" : "0.25",
      "p" : "15.50",
      "s" : "sell",
      "i" : "ATOM_CRO",
      "m" : "4611686018432593509"
    }, {
      "d" : "1756457611641772718",
      "t" : 1756457611641,
      "tn" : 1756457611641772718,
      "q" : "0.25",
      "p" : "15.51",
      "s" : "sell",
      "i" : "ATOM_CRO",
      "m" : "4611686018432593508"
    }, {
      "d" : "1756457387031294007",
      "t" : 1756457387031,
      "tn" : 1756457387031294007,
      "q" : "0.44",
      "p" : "15.52",
      "s" : "sell",
      "i" : "ATOM_CRO",
      "m" : "4611686018432593507"
    }, {
      "d" : "1756457327213352358",
      "t" : 1756457327213,
      "tn" : 1756457327213352358,
      "q" : "0.44",
      "p" : "15.55",
      "s" : "sell",
      "i" : "ATOM_CRO",
      "m" : "4611686018432593506"
    }, {
      "d" : "1756457254188052352",
      "t" : 1756457254188,
      "tn" : 1756457254188052352,
      "q" : "0.27",
      "p" : "15.56",
      "s" : "sell",
      "i" : "ATOM_CRO",
      "m" : "4611686018432593505"
    }, {
      "d" : "1756457166479838721",
      "t" : 1756457166479,
      "tn" : 1756457166479838721,
      "q" : "0.27",
      "p" : "15.57",
      "s" : "buy",
      "i" : "ATOM_CRO",
      "m" : "4611686018432593504"
    }, {
      "d" : "1756457109473444552",
      "t" : 1756457109473,
      "tn" : 1756457109473444552,
      "q" : "0.27",
      "p" : "15.55",
      "s" : "sell",
      "i" : "ATOM_CRO",
      "m" : "4611686018432593503"
    }, {
      "d" : "1756456970237184468",
      "t" : 1756456970237,
      "tn" : 1756456970237184468,
      "q" : "0.25",
      "p" : "15.56",
      "s" : "buy",
      "i" : "ATOM_CRO",
      "m" : "4611686018432593502"
    }, {
      "d" : "1756456873380399203",
      "t" : 1756456873380,
      "tn" : 1756456873380399203,
      "q" : "0.27",
      "p" : "15.57",
      "s" : "buy",
      "i" : "ATOM_CRO",
      "m" : "4611686018432593501"
    }, {
      "d" : "1756456854236484339",
      "t" : 1756456854236,
      "tn" : 1756456854236484339,
      "q" : "0.44",
      "p" : "15.53",
      "s" : "buy",
      "i" : "ATOM_CRO",
      "m" : "4611686018432593500"
    }, {
      "d" : "1756456747633340433",
      "t" : 1756456747633,
      "tn" : 1756456747633340433,
      "q" : "0.44",
      "p" : "15.49",
      "s" : "sell",
      "i" : "ATOM_CRO",
      "m" : "4611686018432593499"
    }, {
      "d" : "1756456648834748324",
      "t" : 1756456648834,
      "tn" : 1756456648834748324,
      "q" : "0.25",
      "p" : "15.52",
      "s" : "sell",
      "i" : "ATOM_CRO",
      "m" : "4611686018432593498"
    }, {
      "d" : "1756456616562728230",
      "t" : 1756456616562,
      "tn" : 1756456616562728230,
      "q" : "0.25",
      "p" : "15.56",
      "s" : "sell",
      "i" : "ATOM_CRO",
      "m" : "4611686018432593497"
    }, {
      "d" : "1756456591868302929",
      "t" : 1756456591868,
      "tn" : 1756456591868302929,
      "q" : "0.25",
      "p" : "15.58",
      "s" : "sell",
      "i" : "ATOM_CRO",
      "m" : "4611686018432593496"
    }, {
      "d" : "1756456406736331873",
      "t" : 1756456406736,
      "tn" : 1756456406736331873,
      "q" : "0.25",
      "p" : "15.58",
      "s" : "sell",
      "i" : "ATOM_CRO",
      "m" : "4611686018432593495"
    }, {
      "d" : "1756456387945327018",
      "t" : 1756456387945,
      "tn" : 1756456387945327018,
      "q" : "0.44",
      "p" : "15.61",
      "s" : "sell",
      "i" : "ATOM_CRO",
      "m" : "4611686018432593494"
    }, {
      "d" : "1756456293945090516",
      "t" : 1756456293945,
      "tn" : 1756456293945090516,
      "q" : "0.25",
      "p" : "15.63",
      "s" : "buy",
      "i" : "ATOM_CRO",
      "m" : "4611686018432593493"
    }, {
      "d" : "1756456291827261439",
      "t" : 1756456291827,
      "tn" : 1756456291827261439,
      "q" : "0.27",
      "p" : "15.63",
      "s" : "buy",
      "i" : "ATOM_CRO",
      "m" : "4611686018432593492"
    }, {
      "d" : "1756456291748228632",
      "t" : 1756456291748,
      "tn" : 1756456291748228632,
      "q" : "0.25",
      "p" : "15.63",
      "s" : "buy",
      "i" : "ATOM_CRO",
      "m" : "4611686018432593491"
    }, {
      "d" : "1756456291745582826",
      "t" : 1756456291745,
      "tn" : 1756456291745582826,
      "q" : "0.25",
      "p" : "15.63",
      "s" : "buy",
      "i" : "ATOM_CRO",
      "m" : "4611686018432593490"
    }, {
      "d" : "1756456291525254943",
      "t" : 1756456291525,
      "tn" : 1756456291525254943,
      "q" : "0.25",
      "p" : "15.63",
      "s" : "buy",
      "i" : "ATOM_CRO",
      "m" : "4611686018432593489"
    }, {
      "d" : "1756456291415309729",
      "t" : 1756456291415,
      "tn" : 1756456291415309729,
      "q" : "0.25",
      "p" : "15.63",
      "s" : "buy",
      "i" : "ATOM_CRO",
      "m" : "4611686018432593488"
    }, {
      "d" : "1756456266670316417",
      "t" : 1756456266670,
      "tn" : 1756456266670316417,
      "q" : "0.44",
      "p" : "15.56",
      "s" : "buy",
      "i" : "ATOM_CRO",
      "m" : "4611686018432593487"
    }, {
      "d" : "1756456266525843367",
      "t" : 1756456266525,
      "tn" : 1756456266525843367,
      "q" : "0.25",
      "p" : "15.56",
      "s" : "buy",
      "i" : "ATOM_CRO",
      "m" : "4611686018432593486"
    }, {
      "d" : "1756456216502275933",
      "t" : 1756456216502,
      "tn" : 1756456216502275933,
      "q" : "0.44",
      "p" : "15.54",
      "s" : "buy",
      "i" : "ATOM_CRO",
      "m" : "4611686018432593485"
    }, {
      "d" : "1756456216502273343",
      "t" : 1756456216502,
      "tn" : 1756456216502273343,
      "q" : "0.17",
      "p" : "15.53",
      "s" : "buy",
      "i" : "ATOM_CRO",
      "m" : "4611686018432593484"
    }, {
      "d" : "1756456212407609977",
      "t" : 1756456212407,
      "tn" : 1756456212407609977,
      "q" : "0.27",
      "p" : "15.53",
      "s" : "buy",
      "i" : "ATOM_CRO",
      "m" : "4611686018432593483"
    }, {
      "d" : "1756456122094990734",
      "t" : 1756456122094,
      "tn" : 1756456122094990734,
      "q" : "0.25",
      "p" : "15.50",
      "s" : "sell",
      "i" : "ATOM_CRO",
      "m" : "4611686018432593482"
    }, {
      "d" : "1756456105797655978",
      "t" : 1756456105797,
      "tn" : 1756456105797655978,
      "q" : "0.44",
      "p" : "15.53",
      "s" : "sell",
      "i" : "ATOM_CRO",
      "m" : "4611686018432593481"
    }, {
      "d" : "1756456104424017618",
      "t" : 1756456104424,
      "tn" : 1756456104424017618,
      "q" : "0.44",
      "p" : "15.57",
      "s" : "sell",
      "i" : "ATOM_CRO",
      "m" : "4611686018432593480"
    }, {
      "d" : "1756456053525847535",
      "t" : 1756456053525,
      "tn" : 1756456053525847535,
      "q" : "0.25",
      "p" : "15.59",
      "s" : "sell",
      "i" : "ATOM_CRO",
      "m" : "4611686018432593479"
    }, {
      "d" : "1756455864273311473",
      "t" : 1756455864273,
      "tn" : 1756455864273311473,
      "q" : "0.25",
      "p" : "15.59",
      "s" : "buy",
      "i" : "ATOM_CRO",
      "m" : "4611686018432593478"
    }, {
      "d" : "1756455593908260800",
      "t" : 1756455593908,
      "tn" : 1756455593908260800,
      "q" : "0.44",
      "p" : "15.57",
      "s" : "sell",
      "i" : "ATOM_CRO",
      "m" : "4611686018432593477"
    }, {
      "d" : "1756455562793081592",
      "t" : 1756455562793,
      "tn" : 1756455562793081592,
      "q" : "0.27",
      "p" : "15.54",
      "s" : "buy",
      "i" : "ATOM_CRO",
      "m" : "4611686018432593476"
    }, {
      "d" : "1756455467987933694",
      "t" : 1756455467987,
      "tn" : 1756455467987933694,
      "q" : "0.44",
      "p" : "15.53",
      "s" : "sell",
      "i" : "ATOM_CRO",
      "m" : "4611686018432593475"
    }, {
      "d" : "1756455465636934923",
      "t" : 1756455465636,
      "tn" : 1756455465636934923,
      "q" : "0.44",
      "p" : "15.57",
      "s" : "sell",
      "i" : "ATOM_CRO",
      "m" : "4611686018432593474"
    }, {
      "d" : "1756455407228206131",
      "t" : 1756455407228,
      "tn" : 1756455407228206131,
      "q" : "0.27",
      "p" : "15.58",
      "s" : "buy",
      "i" : "ATOM_CRO",
      "m" : "4611686018432593473"
    }, {
      "d" : "1756455397002147947",
      "t" : 1756455397002,
      "tn" : 1756455397002147947,
      "q" : "0.44",
      "p" : "15.56",
      "s" : "buy",
      "i" : "ATOM_CRO",
      "m" : "4611686018432593472"
    }, {
      "d" : "1756455329952863351",
      "t" : 1756455329952,
      "tn" : 1756455329952863351,
      "q" : "0.27",
      "p" : "15.59",
      "s" : "buy",
      "i" : "ATOM_CRO",
      "m" : "4611686018432593471"
    }, {
      "d" : "1756455253028555171",
      "t" : 1756455253028,
      "tn" : 1756455253028555171,
      "q" : "0.25",
      "p" : "15.54",
      "s" : "sell",
      "i" : "ATOM_CRO",
      "m" : "4611686018432593470"
    }, {
      "d" : "1756455208805583860",
      "t" : 1756455208805,
      "tn" : 1756455208805583860,
      "q" : "0.25",
      "p" : "15.52",
      "s" : "sell",
      "i" : "ATOM_CRO",
      "m" : "4611686018432593469"
    }, {
      "d" : "1756455169730867898",
      "t" : 1756455169730,
      "tn" : 1756455169730867898,
      "q" : "0.44",
      "p" : "15.54",
      "s" : "sell",
      "i" : "ATOM_CRO",
      "m" : "4611686018432593468"
    }, {
      "d" : "1756455078320971669",
      "t" : 1756455078320,
      "tn" : 1756455078320971669,
      "q" : "0.25",
      "p" : "15.51",
      "s" : "sell",
      "i" : "ATOM_CRO",
      "m" : "4611686018432593467"
    }, {
      "d" : "1756454989494575843",
      "t" : 1756454989494,
      "tn" : 1756454989494575843,
      "q" : "0.44",
      "p" : "15.53",
      "s" : "buy",
      "i" : "ATOM_CRO",
      "m" : "4611686018432593466"
    }, {
      "d" : "1756454944360196849",
      "t" : 1756454944360,
      "tn" : 1756454944360196849,
      "q" : "0.25",
      "p" : "15.53",
      "s" : "sell",
      "i" : "ATOM_CRO",
      "m" : "4611686018432593465"
    }, {
      "d" : "1756454862284798940",
      "t" : 1756454862284,
      "tn" : 1756454862284798940,
      "q" : "0.27",
      "p" : "15.51",
      "s" : "sell",
      "i" : "ATOM_CRO",
      "m" : "4611686018432593464"
    }, {
      "d" : "1756454789651336012",
      "t" : 1756454789651,
      "tn" : 1756454789651336012,
      "q" : "0.27",
      "p" : "15.49",
      "s" : "buy",
      "i" : "ATOM_CRO",
      "m" : "4611686018432593463"
    }, {
      "d" : "1756454648506984915",
      "t" : 1756454648506,
      "tn" : 1756454648506984915,
      "q" : "0.44",
      "p" : "15.40",
      "s" : "sell",
      "i" : "ATOM_CRO",
      "m" : "4611686018432593462"
    }, {
      "d" : "1756454648506982720",
      "t" : 1756454648506,
      "tn" : 1756454648506982720,
      "q" : "0.19",
      "p" : "15.41",
      "s" : "sell",
      "i" : "ATOM_CRO",
      "m" : "4611686018432593461"
    }, {
      "d" : "1756454644579800882",
      "t" : 1756454644579,
      "tn" : 1756454644579800882,
      "q" : "0.25",
      "p" : "15.41",
      "s" : "sell",
      "i" : "ATOM_CRO",
      "m" : "4611686018432593460"
    }, {
      "d" : "1756454628198038194",
      "t" : 1756454628198,
      "tn" : 1756454628198038194,
      "q" : "0.44",
      "p" : "15.43",
      "s" : "sell",
      "i" : "ATOM_CRO",
      "m" : "4611686018432593459"
    }, {
      "d" : "1756454605737374786",
      "t" : 1756454605737,
      "tn" : 1756454605737374786,
      "q" : "0.25",
      "p" : "15.44",
      "s" : "sell",
      "i" : "ATOM_CRO",
      "m" : "4611686018432593458"
    }, {
      "d" : "1756454495837068345",
      "t" : 1756454495837,
      "tn" : 1756454495837068345,
      "q" : "0.31",
      "p" : "15.40",
      "s" : "sell",
      "i" : "ATOM_CRO",
      "m" : "4611686018432593457"
    }, {
      "d" : "1756454495067847880",
      "t" : 1756454495067,
      "tn" : 1756454495067847880,
      "q" : "1.26",
      "p" : "15.40",
      "s" : "sell",
      "i" : "ATOM_CRO",
      "m" : "4611686018432593456"
    }, {
      "d" : "1756454484165697685",
      "t" : 1756454484165,
      "tn" : 1756454484165697685,
      "q" : "0.25",
      "p" : "15.41",
      "s" : "sell",
      "i" : "ATOM_CRO",
      "m" : "4611686018432593455"
    }, {
      "d" : "1756454480849483062",
      "t" : 1756454480849,
      "tn" : 1756454480849483062,
      "q" : "0.25",
      "p" : "15.42",
      "s" : "sell",
      "i" : "ATOM_CRO",
      "m" : "4611686018432593454"
    }, {
      "d" : "1756454478844998645",
      "t" : 1756454478844,
      "tn" : 1756454478844998645,
      "q" : "0.25",
      "p" : "15.42",
      "s" : "sell",
      "i" : "ATOM_CRO",
      "m" : "4611686018432593453"
    }, {
      "d" : "1756454433595043717",
      "t" : 1756454433595,
      "tn" : 1756454433595043712,
      "q" : "3.48",
      "p" : "15.41",
      "s" : "sell",
      "i" : "ATOM_CRO",
      "m" : "4611686018432593452"
    }, {
      "d" : "1756454433595043716",
      "t" : 1756454433595,
      "tn" : 1756454433595043712,
      "q" : "3.73",
      "p" : "15.41",
      "s" : "sell",
      "i" : "ATOM_CRO",
      "m" : "4611686018432593452"
    }, {
      "d" : "1756454433595043715",
      "t" : 1756454433595,
      "tn" : 1756454433595043712,
      "q" : "3.73",
      "p" : "15.41",
      "s" : "sell",
      "i" : "ATOM_CRO",
      "m" : "4611686018432593452"
    }, {
      "d" : "1756454433595043714",
      "t" : 1756454433595,
      "tn" : 1756454433595043712,
      "q" : "3.73",
      "p" : "15.41",
      "s" : "sell",
      "i" : "ATOM_CRO",
      "m" : "4611686018432593452"
    }, {
      "d" : "1756454433595043713",
      "t" : 1756454433595,
      "tn" : 1756454433595043712,
      "q" : "3.73",
      "p" : "15.41",
      "s" : "sell",
      "i" : "ATOM_CRO",
      "m" : "4611686018432593452"
    }, {
      "d" : "1756454433595043712",
      "t" : 1756454433595,
      "tn" : 1756454433595043712,
      "q" : "0.98",
      "p" : "15.41",
      "s" : "sell",
      "i" : "ATOM_CRO",
      "m" : "4611686018432593452"
    }, {
      "d" : "1756454433581961305",
      "t" : 1756454433581,
      "tn" : 1756454433581961305,
      "q" : "0.25",
      "p" : "15.41",
      "s" : "sell",
      "i" : "ATOM_CRO",
      "m" : "4611686018432593451"
    }, {
      "d" : "1756454433541811283",
      "t" : 1756454433541,
      "tn" : 1756454433541811283,
      "q" : "0.25",
      "p" : "15.41",
      "s" : "sell",
      "i" : "ATOM_CRO",
      "m" : "4611686018432593450"
    }, {
      "d" : "1756454433526794459",
      "t" : 1756454433526,
      "tn" : 1756454433526794459,
      "q" : "0.25",
      "p" : "15.41",
      "s" : "sell",
      "i" : "ATOM_CRO",
      "m" : "4611686018432593449"
    }, {
      "d" : "1756454433467665491",
      "t" : 1756454433467,
      "tn" : 1756454433467665491,
      "q" : "0.87",
      "p" : "15.41",
      "s" : "sell",
      "i" : "ATOM_CRO",
      "m" : "4611686018432593448"
    }, {
      "d" : "1756454433446692606",
      "t" : 1756454433446,
      "tn" : 1756454433446692606,
      "q" : "0.25",
      "p" : "15.41",
      "s" : "sell",
      "i" : "ATOM_CRO",
      "m" : "4611686018432593447"
    }, {
      "d" : "1756454433346097801",
      "t" : 1756454433346,
      "tn" : 1756454433346097801,
      "q" : "0.25",
      "p" : "15.41",
      "s" : "sell",
      "i" : "ATOM_CRO",
      "m" : "4611686018432593446"
    }, {
      "d" : "1756454433326051720",
      "t" : 1756454433326,
      "tn" : 1756454433326051720,
      "q" : "0.25",
      "p" : "15.41",
      "s" : "sell",
      "i" : "ATOM_CRO",
      "m" : "4611686018432593445"
    }, {
      "d" : "1756454433050704695",
      "t" : 1756454433050,
      "tn" : 1756454433050704695,
      "q" : "0.25",
      "p" : "15.41",
      "s" : "sell",
      "i" : "ATOM_CRO",
      "m" : "4611686018432593444"
    }, {
      "d" : "1756454433029079197",
      "t" : 1756454433029,
      "tn" : 1756454433029079196,
      "q" : "0.13",
      "p" : "15.41",
      "s" : "sell",
      "i" : "ATOM_CRO",
      "m" : "4611686018432593443"
    }, {
      "d" : "1756454433029079196",
      "t" : 1756454433029,
      "tn" : 1756454433029079196,
      "q" : "0.74",
      "p" : "15.41",
      "s" : "sell",
      "i" : "ATOM_CRO",
      "m" : "4611686018432593443"
    }, {
      "d" : "1756454432960595407",
      "t" : 1756454432960,
      "tn" : 1756454432960595407,
      "q" : "0.25",
      "p" : "15.41",
      "s" : "sell",
      "i" : "ATOM_CRO",
      "m" : "4611686018432593442"
    }, {
      "d" : "1756454432549784969",
      "t" : 1756454432549,
      "tn" : 1756454432549784969,
      "q" : "0.25",
      "p" : "15.41",
      "s" : "sell",
      "i" : "ATOM_CRO",
      "m" : "4611686018432593441"
    }, {
      "d" : "1756454432529802628",
      "t" : 1756454432529,
      "tn" : 1756454432529802628,
      "q" : "0.25",
      "p" : "15.41",
      "s" : "sell",
      "i" : "ATOM_CRO",
      "m" : "4611686018432593440"
    }, {
      "d" : "1756454432429002222",
      "t" : 1756454432429,
      "tn" : 1756454432429002222,
      "q" : "1.67",
      "p" : "15.41",
      "s" : "sell",
      "i" : "ATOM_CRO",
      "m" : "4611686018432593439"
    }, {
      "d" : "1756454431749644750",
      "t" : 1756454431749,
      "tn" : 1756454431749644749,
      "q" : "0.57",
      "p" : "15.41",
      "s" : "sell",
      "i" : "ATOM_CRO",
      "m" : "4611686018432593438"
    }, {
      "d" : "1756454431749644749",
      "t" : 1756454431749,
      "tn" : 1756454431749644749,
      "q" : "2.77",
      "p" : "15.41",
      "s" : "sell",
      "i" : "ATOM_CRO",
      "m" : "4611686018432593438"
    }, {
      "d" : "1756454431537960599",
      "t" : 1756454431537,
      "tn" : 1756454431537960599,
      "q" : "0.25",
      "p" : "15.41",
      "s" : "sell",
      "i" : "ATOM_CRO",
      "m" : "4611686018432593437"
    }, {
      "d" : "1756454430827125314",
      "t" : 1756454430827,
      "tn" : 1756454430827125314,
      "q" : "0.25",
      "p" : "15.41",
      "s" : "sell",
      "i" : "ATOM_CRO",
      "m" : "4611686018432593436"
    }, {
      "d" : "1756454430727013869",
      "t" : 1756454430727,
      "tn" : 1756454430727013869,
      "q" : "0.27",
      "p" : "15.41",
      "s" : "sell",
      "i" : "ATOM_CRO",
      "m" : "4611686018432593435"
    }, {
      "d" : "1756454430681889107",
      "t" : 1756454430681,
      "tn" : 1756454430681889107,
      "q" : "0.27",
      "p" : "15.42",
      "s" : "sell",
      "i" : "ATOM_CRO",
      "m" : "4611686018432593434"
    }, {
      "d" : "1756454430650965528",
      "t" : 1756454430650,
      "tn" : 1756454430650965527,
      "q" : "0.17",
      "p" : "15.42",
      "s" : "sell",
      "i" : "ATOM_CRO",
      "m" : "4611686018432593433"
    }, {
      "d" : "1756454430650965527",
      "t" : 1756454430650,
      "tn" : 1756454430650965527,
      "q" : "15.76",
      "p" : "15.42",
      "s" : "sell",
      "i" : "ATOM_CRO",
      "m" : "4611686018432593433"
    }, {
      "d" : "1756454430645950780",
      "t" : 1756454430645,
      "tn" : 1756454430645950780,
      "q" : "0.25",
      "p" : "15.42",
      "s" : "sell",
      "i" : "ATOM_CRO",
      "m" : "4611686018432593432"
    }, {
      "d" : "1756454430626689589",
      "t" : 1756454430626,
      "tn" : 1756454430626689589,
      "q" : "0.27",
      "p" : "15.42",
      "s" : "sell",
      "i" : "ATOM_CRO",
      "m" : "4611686018432593431"
    }, {
      "d" : "1756454430595559311",
      "t" : 1756454430595,
      "tn" : 1756454430595559311,
      "q" : "0.25",
      "p" : "15.42",
      "s" : "sell",
      "i" : "ATOM_CRO",
      "m" : "4611686018432593430"
    }, {
      "d" : "1756454430590951790",
      "t" : 1756454430590,
      "tn" : 1756454430590951790,
      "q" : "16.36",
      "p" : "15.42",
      "s" : "sell",
      "i" : "ATOM_CRO",
      "m" : "4611686018432593429"
    }, {
      "d" : "1756454430585901995",
      "t" : 1756454430585,
      "tn" : 1756454430585901995,
      "q" : "0.25",
      "p" : "15.42",
      "s" : "sell",
      "i" : "ATOM_CRO",
      "m" : "4611686018432593428"
    }, {
      "d" : "1756454430551519252",
      "t" : 1756454430551,
      "tn" : 1756454430551519252,
      "q" : "0.27",
      "p" : "15.42",
      "s" : "sell",
      "i" : "ATOM_CRO",
      "m" : "4611686018432593427"
    }, {
      "d" : "1756454430521487822",
      "t" : 1756454430521,
      "tn" : 1756454430521487822,
      "q" : "0.27",
      "p" : "15.42",
      "s" : "sell",
      "i" : "ATOM_CRO",
      "m" : "4611686018432593426"
    }, {
      "d" : "1756454429497483701",
      "t" : 1756454429497,
      "tn" : 1756454429497483701,
      "q" : "2.61",
      "p" : "15.42",
      "s" : "sell",
      "i" : "ATOM_CRO",
      "m" : "4611686018432593425"
    }, {
      "d" : "1756454429490588860",
      "t" : 1756454429490,
      "tn" : 1756454429490588860,
      "q" : "1.30",
      "p" : "15.42",
      "s" : "sell",
      "i" : "ATOM_CRO",
      "m" : "4611686018432593424"
    }, {
      "d" : "1756454428531904300",
      "t" : 1756454428531,
      "tn" : 1756454428531904300,
      "q" : "0.25",
      "p" : "15.42",
      "s" : "sell",
      "i" : "ATOM_CRO",
      "m" : "4611686018432593423"
    }, {
      "d" : "1756454428519361455",
      "t" : 1756454428519,
      "tn" : 1756454428519361455,
      "q" : "0.27",
      "p" : "15.42",
      "s" : "sell",
      "i" : "ATOM_CRO",
      "m" : "4611686018432593422"
    }, {
      "d" : "1756454427745369837",
      "t" : 1756454427745,
      "tn" : 1756454427745369837,
      "q" : "0.25",
      "p" : "15.42",
      "s" : "sell",
      "i" : "ATOM_CRO",
      "m" : "4611686018432593421"
    }, {
      "d" : "1756454427462514006",
      "t" : 1756454427462,
      "tn" : 1756454427462514006,
      "q" : "0.25",
      "p" : "15.42",
      "s" : "sell",
      "i" : "ATOM_CRO",
      "m" : "4611686018432593420"
    }, {
      "d" : "1756454427459223202",
      "t" : 1756454427459,
      "tn" : 1756454427459223202,
      "q" : "58.90",
      "p" : "15.42",
      "s" : "sell",
      "i" : "ATOM_CRO",
      "m" : "4611686018432593419"
    }, {
      "d" : "1756454427447521733",
      "t" : 1756454427447,
      "tn" : 1756454427447521733,
      "q" : "0.25",
      "p" : "15.42",
      "s" : "sell",
      "i" : "ATOM_CRO",
      "m" : "4611686018432593418"
    }, {
      "d" : "1756454427342448017",
      "t" : 1756454427342,
      "tn" : 1756454427342448017,
      "q" : "0.25",
      "p" : "15.42",
      "s" : "sell",
      "i" : "ATOM_CRO",
      "m" : "4611686018432593417"
    }, {
      "d" : "1756454427242279277",
      "t" : 1756454427242,
      "tn" : 1756454427242279277,
      "q" : "0.25",
      "p" : "15.42",
      "s" : "sell",
      "i" : "ATOM_CRO",
      "m" : "4611686018432593416"
    }, {
      "d" : "1756454427152074760",
      "t" : 1756454427152,
      "tn" : 1756454427152074760,
      "q" : "0.25",
      "p" : "15.42",
      "s" : "sell",
      "i" : "ATOM_CRO",
      "m" : "4611686018432593415"
    }, {
      "d" : "1756454427081915304",
      "t" : 1756454427081,
      "tn" : 1756454427081915304,
      "q" : "0.25",
      "p" : "15.42",
      "s" : "sell",
      "i" : "ATOM_CRO",
      "m" : "4611686018432593414"
    }, {
      "d" : "1756454427040958229",
      "t" : 1756454427040,
      "tn" : 1756454427040958229,
      "q" : "0.25",
      "p" : "15.42",
      "s" : "sell",
      "i" : "ATOM_CRO",
      "m" : "4611686018432593413"
    }, {
      "d" : "1756454427020915594",
      "t" : 1756454427020,
      "tn" : 1756454427020915594,
      "q" : "0.25",
      "p" : "15.42",
      "s" : "sell",
      "i" : "ATOM_CRO",
      "m" : "4611686018432593412"
    }, {
      "d" : "1756454427001229239",
      "t" : 1756454427001,
      "tn" : 1756454427001229239,
      "q" : "0.25",
      "p" : "15.42",
      "s" : "sell",
      "i" : "ATOM_CRO",
      "m" : "4611686018432593411"
    }, {
      "d" : "1756454426950674629",
      "t" : 1756454426950,
      "tn" : 1756454426950674629,
      "q" : "0.25",
      "p" : "15.42",
      "s" : "sell",
      "i" : "ATOM_CRO",
      "m" : "4611686018432593410"
    } ]
  }
}