{
  "id" : -1,
  "method" : "public/get-trades",
  "code" : 0,
  "result" : {
    "data" : [ {
      "d" : "1756458181689590160",
      "t" : 1756458181689,
      "tn" : 1756458181689590160,
      "q" : "0.56",
      "p" : "0.00004125",
      "s" : "sell",
      "i" : "ATOM_BTC",
      "m" : "4611686018429674074"
    }, {
      "d" : "1756458176771663936",
      "t" : 1756458176771,
      "tn" : 1756458176771663936,
      "q" : "0.52",
      "p" : "0.00004131",
      "s" : "sell",
      "i" : "ATOM_BTC",
      "m" : "4611686018429674073"
    }, {
      "d" : "1756458171189332470",
      "t" : 1756458171189,
      "tn" : 1756458171189332470,
      "q" : "0.44",
      "p" : "0.00004135",
      "s" : "sell",
      "i" : "ATOM_BTC",
      "m" : "4611686018429674072"
    }, {
      "d" : "1756457850022104266",
      "t" : 1756457850022,
      "tn" : 1756457850022104266,
      "q" : "0.01",
      "p" : "0.00004145",
      "s" : "sell",
      "i" : "ATOM_BTC",
      "m" : "4611686018429674071"
    }, {
      "d" : "1756457846748629296",
      "t" : 1756457846748,
      "tn" : 1756457846748629294,
      "q" : "2.55",
      "p" : "0.00004145",
      "s" : "sell",
      "i" : "ATOM_BTC",
      "m" : "4611686018429674070"
    }, {
      "d" : "1756457846748629295",
      "t" : 1756457846748,
      "tn" : 1756457846748629294,
      "q" : "4.15",
      "p" : "0.00004145",
      "s" : "sell",
      "i" : "ATOM_BTC",
      "m" : "4611686018429674070"
    }, {
      "d" : "1756457846748629294",
      "t" : 1756457846748,
      "tn" : 1756457846748629294,
      "q" : "43.48",
      "p" : "0.00004145",
      "s" : "sell",
      "i" : "ATOM_BTC",
      "m" : "4611686018429674070"
    }, {
      "d" : "1756457846748624362",
      "t" : 1756457846748,
      "tn" : 1756457846748624362,
      "q" : "0.44",
      "p" : "0.00004146",
      "s" : "sell",
      "i" : "ATOM_BTC",
      "m" : "4611686018429674069"
    }, {
      "d" : "1756456539834646747",
      "t" : 1756456539834,
      "tn" : 1756456539834646747,
      "q" : "0.44",
      "p" : "0.00004156",
      "s" : "sell",
      "i" : "ATOM_BTC",
      "m" : "4611686018429674068"
    }, {
      "d" : "1756455067083009326",
      "t" : 1756455067083,
      "tn" : 1756455067083009326,
      "q" : "1.20",
      "p" : "0.00004164",
      "s" : "sell",
      "i" : "ATOM_BTC",
      "m" : "4611686018429674067"
    }, {
      "d" : "1756455067077381410",
      "t" : 1756455067077,
      "tn" : 1756455067077381410,
      "q" : "1.31",
      "p" : "0.00004164",
      "s" : "sell",
      "i" : "ATOM_BTC",
      "m" : "4611686018429674066"
    }, {
      "d" : "1756455067072554412",
      "t" : 1756455067072,
      "tn" : 1756455067072554412,
      "q" : "1.31",
      "p" : "0.00004164",
      "s" : "sell",
      "i" : "ATOM_BTC",
      "m" : "4611686018429674065"
    }, {
      "d" : "1756455067066277475",
      "t" : 1756455067066,
      "tn" : 1756455067066277475,
      "q" : "1.31",
      "p" : "0.00004164",
      "s" : "sell",
      "i" : "ATOM_BTC",
      "m" : "4611686018429674064"
    }, {
      "d" : "1756455067059851158",
      "t" : 1756455067059,
      "tn" : 1756455067059851158,
      "q" : "1.31",
      "p" : "0.00004164",
      "s" : "sell",
      "i" : "ATOM_BTC",
      "m" : "4611686018429674063"
    }, {
      "d" : "1756454989495493120",
      "t" : 1756454989495,
      "tn" : 1756454989495493120,
      "q" : "0.44",
      "p" : "0.00004169",
      "s" : "sell",
      "i" : "ATOM_BTC",
      "m" : "4611686018429674062"
    }, {
      "d" : "1756452786518632420",
      "t" : 1756452786518,
      "tn" : 1756452786518632420,
      "q" : "0.27",
      "p" : "0.00004192",
      "s" : "buy",
      "i" : "ATOM_BTC",
      "m" : "4611686018429674061"
    }, {
      "d" : "1756452786069640243",
      "t" : 1756452786069,
      "tn" : 1756452786069640243,
      "q" : "0.43",
      "p" : "0.00004191",
      "s" : "buy",
      "i" : "ATOM_BTC",
      "m" : "4611686018429674060"
    }, {
      "d" : "1756451317867104592",
      "t" : 1756451317867,
      "tn" : 1756451317867104592,
      "q" : "0.12",
      "p" : "0.00004199",
      "s" : "sell",
      "i" : "ATOM_BTC",
      "m" : "4611686018429674059"
    }, {
      "d" : "1756451317251356672",
      "t" : 1756451317251,
      "tn" : 1756451317251356672,
      "q" : "3.05",
      "p" : "0.00004199",
      "s" : "sell",
      "i" : "ATOM_BTC",
      "m" : "4611686018429674058"
    }, {
      "d" : "1756451298646946124",
      "t" : 1756451298646,
      "tn" : 1756451298646946124,
      "q" : "0.43",
      "p" : "0.00004203",
      "s" : "sell",
      "i" : "ATOM_BTC",
      "m" : "4611686018429674057"
    }, {
      "d" : "1756451270321099026",
      "t" : 1756451270321,
      "tn" : 1756451270321099026,
      "q" : "0.30",
      "p" : "0.00004207",
      "s" : "sell",
      "i" : "ATOM_BTC",
      "m" : "4611686018429674056"
    }, {
      "d" : "1756451269765999749",
      "t" : 1756451269765,
      "tn" : 1756451269765999749,
      "q" : "1.21",
      "p" : "0.00004207",
      "s" : "sell",
      "i" : "ATOM_BTC",
      "m" : "4611686018429674055"
    }, {
      "d" : "1756451269757036995",
      "t" : 1756451269757,
      "tn" : 1756451269757036995,
      "q" : "1.29",
      "p" : "0.00004207",
      "s" : "sell",
      "i" : "ATOM_BTC",
      "m" : "4611686018429674054"
    }, {
      "d" : "1756451269697215729",
      "t" : 1756451269697,
      "tn" : 1756451269697215729,
      "q" : "1.29",
      "p" : "0.00004207",
      "s" : "sell",
      "i" : "ATOM_BTC",
      "m" : "4611686018429674053"
    }, {
      "d" : "1756450897252568106",
      "t" : 1756450897252,
      "tn" : 1756450897252568106,
      "q" : "0.27",
      "p" : "0.00004217",
      "s" : "buy",
      "i" : "ATOM_BTC",
      "m" : "4611686018429674052"
    }, {
      "d" : "1756450897242674043",
      "t" : 1756450897242,
      "tn" : 1756450897242674043,
      "q" : "0.11",
      "p" : "0.00004217",
      "s" : "buy",
      "i" : "ATOM_BTC",
      "m" : "4611686018429674051"
    }, {
      "d" : "1756450897242672422",
      "t" : 1756450897242,
      "tn" : 1756450897242672422,
      "q" : "0.16",
      "p" : "0.00004216",
      "s" : "buy",
      "i" : "ATOM_BTC",
      "m" : "4611686018429674050"
    }, {
      "d" : "1756450897143471447",
      "t" : 1756450897143,
      "tn" : 1756450897143471447,
      "q" : "0.27",
      "p" : "0.00004216",
      "s" : "buy",
      "i" : "ATOM_BTC",
      "m" : "4611686018429674049"
    }, {
      "d" : "1756449563664273182",
      "t" : 1756449563664,
      "tn" : 1756449563664273182,
      "q" : "36.00",
      "p" : "0.00004225",
      "s" : "sell",
      "i" : "ATOM_BTC",
      "m" : "4611686018429674048"
    }, {
      "d" : "1756449328891686559",
      "t" : 1756449328891,
      "tn" : 1756449328891686559,
      "q" : "7.45",
      "p" : "0.00004224",
      "s" : "sell",
      "i" : "ATOM_BTC",
      "m" : "4611686018429674047"
    }, {
      "d" : "1756446497693591029",
      "t" : 1756446497693,
      "tn" : 1756446497693591029,
      "q" : "1.00",
      "p" : "0.00004248",
      "s" : "buy",
      "i" : "ATOM_BTC",
      "m" : "4611686018429674046"
    }, {
      "d" : "1756444461344359976",
      "t" : 1756444461344,
      "tn" : 1756444461344359976,
      "q" : "0.43",
      "p" : "0.00004232",
      "s" : "buy",
      "i" : "ATOM_BTC",
      "m" : "4611686018429674045"
    }, {
      "d" : "1756442431975099488",
      "t" : 1756442431975,
      "tn" : 1756442431975099488,
      "q" : "0.43",
      "p" : "0.00004248",
      "s" : "buy",
      "i" : "ATOM_BTC",
      "m" : "4611686018429674044"
    }, {
      "d" : "1756441752731203096",
      "t" : 1756441752731,
      "tn" : 1756441752731203096,
      "q" : "0.43",
      "p" : "0.00004248",
      "s" : "sell",
      "i" : "ATOM_BTC",
      "m" : "4611686018429674043"
    }, {
      "d" : "1756440781495329231",
      "t" : 1756440781495,
      "tn" : 1756440781495329231,
      "q" : "0.43",
      "p" : "0.00004242",
      "s" : "sell",
      "i" : "ATOM_BTC",
      "m" : "4611686018429674042"
    }, {
      "d" : "1756440369712060522",
      "t" : 1756440369712,
      "tn" : 1756440369712060522,
      "q" : "3.14",
      "p" : "0.00004244",
      "s" : "sell",
      "i" : "ATOM_BTC",
      "m" : "4611686018429674041"
    }, {
      "d" : "1756439475645741610",
      "t" : 1756439475645,
      "tn" : 1756439475645741610,
      "q" : "0.43",
      "p" : "0.00004256",
      "s" : "sell",
      "i" : "ATOM_BTC",
      "m" : "4611686018429674040"
    }, {
      "d" : "1756437114352388032",
      "t" : 1756437114352,
      "tn" : 1756437114352388032,
      "q" : "0.42",
      "p" : "0.00004283",
      "s" : "sell",
      "i" : "ATOM_BTC",
      "m" : "4611686018429674039"
    }, {
      "d" : "1756437114352386086",
      "t" : 1756437114352,
      "tn" : 1756437114352386086,
      "q" : "0.42",
      "p" : "0.00004284",
      "s" : "sell",
      "i" : "ATOM_BTC",
      "m" : "4611686018429674038"
    }, {
      "d" : "1756436245412094506",
      "t" : 1756436245412,
      "tn" : 1756436245412094506,
      "q" : "0.27",
      "p" : "0.00004304",
      "s" : "sell",
      "i" : "ATOM_BTC",
      "m" : "4611686018429674037"
    }, {
      "d" : "1756435815421391912",
      "t" : 1756435815421,
      "tn" : 1756435815421391911,
      "q" : "56.27",
      "p" : "0.00004294",
      "s" : "buy",
      "i" : "ATOM_BTC",
      "m" : "4611686018429674036"
    }, {
      "d" : "1756435815421391911",
      "t" : 1756435815421,
      "tn" : 1756435815421391911,
      "q" : "0.42",
      "p" : "0.00004294",
      "s" : "buy",
      "i" : "ATOM_BTC",
      "m" : "4611686018429674036"
    }, {
      "d" : "1756434994801841043",
      "t" : 1756434994801,
      "tn" : 1756434994801841043,
      "q" : "0.42",
      "p" : "0.00004277",
      "s" : "sell",
      "i" : "ATOM_BTC",
      "m" : "4611686018429674035"
    }, {
      "d" : "1756434911320117808",
      "t" : 1756434911320,
      "tn" : 1756434911320117808,
      "q" : "0.42",
      "p" : "0.00004284",
      "s" : "sell",
      "i" : "ATOM_BTC",
      "m" : "4611686018429674034"
    }, {
      "d" : "1756434192564677679",
      "t" : 1756434192564,
      "tn" : 1756434192564677679,
      "q" : "3.14",
      "p" : "0.00004288",
      "s" : "buy",
      "i" : "ATOM_BTC",
      "m" : "4611686018429674033"
    }, {
      "d" : "1756431867190206269",
      "t" : 1756431867190,
      "tn" : 1756431867190206269,
      "q" : "0.42",
      "p" : "0.00004257",
      "s" : "sell",
      "i" : "ATOM_BTC",
      "m" : "4611686018429674032"
    }, {
      "d" : "1756431867190203607",
      "t" : 1756431867190,
      "tn" : 1756431867190203607,
      "q" : "0.42",
      "p" : "0.00004258",
      "s" : "sell",
      "i" : "ATOM_BTC",
      "m" : "4611686018429674031"
    }, {
      "d" : "1756429510805788241",
      "t" : 1756429510805,
      "tn" : 1756429510805788241,
      "q" : "0.84",
      "p" : "0.00004260",
      "s" : "buy",
      "i" : "ATOM_BTC",
      "m" : "4611686018429674030"
    }, {
      "d" : "1756428673806566652",
      "t" : 1756428673806,
      "tn" : 1756428673806566652,
      "q" : "0.42",
      "p" : "0.00004256",
      "s" : "buy",
      "i" : "ATOM_BTC",
      "m" : "4611686018429674029"
    }, {
      "d" : "1756428673804947068",
      "t" : 1756428673804,
      "tn" : 1756428673804947068,
      "q" : "0.42",
      "p" : "0.00004255",
      "s" : "buy",
      "i" : "ATOM_BTC",
      "m" : "4611686018429674028"
    }, {
      "d" : "1756428379189959910",
      "t" : 1756428379189,
      "tn" : 1756428379189959910,
      "q" : "0.42",
      "p" : "0.00004245",
      "s" : "buy",
      "i" : "ATOM_BTC",
      "m" : "4611686018429674027"
    }, {
      "d" : "1756427412353410546",
      "t" : 1756427412353,
      "tn" : 1756427412353410546,
      "q" : "0.63",
      "p" : "0.00004251",
      "s" : "sell",
      "i" : "ATOM_BTC",
      "m" : "4611686018429674026"
    }, {
      "d" : "1756426729395922031",
      "t" : 1756426729395,
      "tn" : 1756426729395922031,
      "q" : "0.61",
      "p" : "0.00004265",
      "s" : "sell",
      "i" : "ATOM_BTC",
      "m" : "4611686018429674025"
    }, {
      "d" : "1756426715448459411",
      "t" : 1756426715448,
      "tn" : 1756426715448459411,
      "q" : "0.42",
      "p" : "0.00004264",
      "s" : "sell",
      "i" : "ATOM_BTC",
      "m" : "4611686018429674024"
    }, {
      "d" : "1756426088566294817",
      "t" : 1756426088566,
      "tn" : 1756426088566294817,
      "q" : "0.42",
      "p" : "0.00004269",
      "s" : "buy",
      "i" : "ATOM_BTC",
      "m" : "4611686018429674023"
    }, {
      "d" : "1756425771563125936",
      "t" : 1756425771563,
      "tn" : 1756425771563125936,
      "q" : "18.73",
      "p" : "0.00004273",
      "s" : "sell",
      "i" : "ATOM_BTC",
      "m" : "4611686018429674022"
    }, {
      "d" : "1756425771557465052",
      "t" : 1756425771557,
      "tn" : 1756425771557465052,
      "q" : "14.04",
      "p" : "0.00004273",
      "s" : "buy",
      "i" : "ATOM_BTC",
      "m" : "4611686018429674021"
    }, {
      "d" : "1756425771557461784",
      "t" : 1756425771557,
      "tn" : 1756425771557461784,
      "q" : "4.24",
      "p" : "0.00004270",
      "s" : "buy",
      "i" : "ATOM_BTC",
      "m" : "4611686018429674020"
    }, {
      "d" : "1756425679222896964",
      "t" : 1756425679222,
      "tn" : 1756425679222896964,
      "q" : "0.97",
      "p" : "0.00004262",
      "s" : "buy",
      "i" : "ATOM_BTC",
      "m" : "4611686018429674019"
    }, {
      "d" : "1756425675634922549",
      "t" : 1756425675634,
      "tn" : 1756425675634922549,
      "q" : "0.42",
      "p" : "0.00004257",
      "s" : "buy",
      "i" : "ATOM_BTC",
      "m" : "4611686018429674018"
    }, {
      "d" : "1756425621520443817",
      "t" : 1756425621520,
      "tn" : 1756425621520443817,
      "q" : "0.27",
      "p" : "0.00004250",
      "s" : "buy",
      "i" : "ATOM_BTC",
      "m" : "4611686018429674017"
    }, {
      "d" : "1756425486830927727",
      "t" : 1756425486830,
      "tn" : 1756425486830927727,
      "q" : "0.42",
      "p" : "0.00004246",
      "s" : "buy",
      "i" : "ATOM_BTC",
      "m" : "4611686018429674016"
    }, {
      "d" : "1756425486664139789",
      "t" : 1756425486664,
      "tn" : 1756425486664139789,
      "q" : "0.42",
      "p" : "0.00004245",
      "s" : "buy",
      "i" : "ATOM_BTC",
      "m" : "4611686018429674015"
    }, {
      "d" : "1756425435181394075",
      "t" : 1756425435181,
      "tn" : 1756425435181394075,
      "q" : "0.42",
      "p" : "0.00004246",
      "s" : "sell",
      "i" : "ATOM_BTC",
      "m" : "4611686018429674014"
    }, {
      "d" : "1756425206097703589",
      "t" : 1756425206097,
      "tn" : 1756425206097703589,
      "q" : "0.42",
      "p" : "0.00004262",
      "s" : "sell",
      "i" : "ATOM_BTC",
      "m" : "4611686018429674013"
    }, {
      "d" : "1756425064744801657",
      "t" : 1756425064744,
      "tn" : 1756425064744801657,
      "q" : "0.42",
      "p" : "0.00004261",
      "s" : "buy",
      "i" : "ATOM_BTC",
      "m" : "4611686018429674012"
    }, {
      "d" : "1756424446542616542",
      "t" : 1756424446542,
      "tn" : 1756424446542616542,
      "q" : "0.54",
      "p" : "0.00004253",
      "s" : "buy",
      "i" : "ATOM_BTC",
      "m" : "4611686018429674011"
    }, {
      "d" : "1756424377843433833",
      "t" : 1756424377843,
      "tn" : 1756424377843433833,
      "q" : "0.42",
      "p" : "0.00004250",
      "s" : "buy",
      "i" : "ATOM_BTC",
      "m" : "4611686018429674010"
    }, {
      "d" : "1756424377771385697",
      "t" : 1756424377771,
      "tn" : 1756424377771385697,
      "q" : "0.42",
      "p" : "0.00004249",
      "s" : "buy",
      "i" : "ATOM_BTC",
      "m" : "4611686018429674009"
    }, {
      "d" : "1756424319760121129",
      "t" : 1756424319760,
      "tn" : 1756424319760121129,
      "q" : "0.43",
      "p" : "0.00004236",
      "s" : "buy",
      "i" : "ATOM_BTC",
      "m" : "4611686018429674008"
    }, {
      "d" : "1756423423286513986",
      "t" : 1756423423286,
      "tn" : 1756423423286513986,
      "q" : "0.43",
      "p" : "0.00004230",
      "s" : "buy",
      "i" : "ATOM_BTC",
      "m" : "4611686018429674007"
    }, {
      "d" : "1756423212786549773",
      "t" : 1756423212786,
      "tn" : 1756423212786549773,
      "q" : "0.43",
      "p" : "0.00004235",
      "s" : "sell",
      "i" : "ATOM_BTC",
      "m" : "4611686018429674006"
    }, {
      "d" : "1756422760156866383",
      "t" : 1756422760156,
      "tn" : 1756422760156866383,
      "q" : "22.69",
      "p" : "0.00004239",
      "s" : "buy",
      "i" : "ATOM_BTC",
      "m" : "4611686018429674005"
    }, {
      "d" : "1756422760156864518",
      "t" : 1756422760156,
      "tn" : 1756422760156864518,
      "q" : "0.43",
      "p" : "0.00004237",
      "s" : "buy",
      "i" : "ATOM_BTC",
      "m" : "4611686018429674004"
    }, {
      "d" : "1756422760156861571",
      "t" : 1756422760156,
      "tn" : 1756422760156861571,
      "q" : "0.43",
      "p" : "0.00004236",
      "s" : "buy",
      "i" : "ATOM_BTC",
      "m" : "4611686018429674003"
    }, {
      "d" : "1756422214687937964",
      "t" : 1756422214687,
      "tn" : 1756422214687937964,
      "q" : "0.42",
      "p" : "0.00004243",
      "s" : "sell",
      "i" : "ATOM_BTC",
      "m" : "4611686018429674002"
    }, {
      "d" : "1756422018447599266",
      "t" : 1756422018447,
      "tn" : 1756422018447599266,
      "q" : "142.10",
      "p" : "0.00004255",
      "s" : "buy",
      "i" : "ATOM_BTC",
      "m" : "4611686018429674001"
    }, {
      "d" : "1756422018101589300",
      "t" : 1756422018101,
      "tn" : 1756422018101589300,
      "q" : "0.42",
      "p" : "0.00004253",
      "s" : "buy",
      "i" : "ATOM_BTC",
      "m" : "4611686018429674000"
    }, {
      "d" : "1756422011695908649",
      "t" : 1756422011695,
      "tn" : 1756422011695908649,
      "q" : "0.42",
      "p" : "0.00004250",
      "s" : "buy",
      "i" : "ATOM_BTC",
      "m" : "4611686018429673999"
    }, {
      "d" : "1756421908932549222",
      "t" : 1756421908932,
      "tn" : 1756421908932549222,
      "q" : "0.42",
      "p" : "0.00004251",
      "s" : "buy",
      "i" : "ATOM_BTC",
      "m" : "4611686018429673998"
    }, {
      "d" : "1756421807296451707",
      "t" : 1756421807296,
      "tn" : 1756421807296451707,
      "q" : "0.66",
      "p" : "0.00004247",
      "s" : "buy",
      "i" : "ATOM_BTC",
      "m" : "4611686018429673997"
    }, {
      "d" : "1756421806097712184",
      "t" : 1756421806097,
      "tn" : 1756421806097712184,
      "q" : "0.85",
      "p" : "0.00004247",
      "s" : "buy",
      "i" : "ATOM_BTC",
      "m" : "4611686018429673996"
    }, {
      "d" : "1756421704988485502",
      "t" : 1756421704988,
      "tn" : 1756421704988485502,
      "q" : "0.43",
      "p" : "0.00004242",
      "s" : "buy",
      "i" : "ATOM_BTC",
      "m" : "4611686018429673995"
    }, {
      "d" : "1756421704942139964",
      "t" : 1756421704942,
      "tn" : 1756421704942139964,
      "q" : "0.43",
      "p" : "0.00004241",
      "s" : "buy",
      "i" : "ATOM_BTC",
      "m" : "4611686018429673994"
    }, {
      "d" : "1756421500223959286",
      "t" : 1756421500223,
      "tn" : 1756421500223959286,
      "q" : "0.43",
      "p" : "0.00004245",
      "s" : "buy",
      "i" : "ATOM_BTC",
      "m" : "4611686018429673993"
    }, {
      "d" : "1756421500223957134",
      "t" : 1756421500223,
      "tn" : 1756421500223957134,
      "q" : "24.45",
      "p" : "0.00004244",
      "s" : "buy",
      "i" : "ATOM_BTC",
      "m" : "4611686018429673992"
    }, {
      "d" : "1756421499947515508",
      "t" : 1756421499947,
      "tn" : 1756421499947515507,
      "q" : "0.55",
      "p" : "0.00004244",
      "s" : "buy",
      "i" : "ATOM_BTC",
      "m" : "4611686018429673991"
    }, {
      "d" : "1756421499947515507",
      "t" : 1756421499947,
      "tn" : 1756421499947515507,
      "q" : "3.17",
      "p" : "0.00004244",
      "s" : "buy",
      "i" : "ATOM_BTC",
      "m" : "4611686018429673991"
    }, {
      "d" : "1756421256478584589",
      "t" : 1756421256478,
      "tn" : 1756421256478584589,
      "q" : "0.43",
      "p" : "0.00004237",
      "s" : "buy",
      "i" : "ATOM_BTC",
      "m" : "4611686018429673990"
    }, {
      "d" : "1756420964798955311",
      "t" : 1756420964798,
      "tn" : 1756420964798955311,
      "q" : "0.43",
      "p" : "0.00004232",
      "s" : "buy",
      "i" : "ATOM_BTC",
      "m" : "4611686018429673989"
    }, {
      "d" : "1756420481081924448",
      "t" : 1756420481081,
      "tn" : 1756420481081924448,
      "q" : "1.76",
      "p" : "0.00004229",
      "s" : "buy",
      "i" : "ATOM_BTC",
      "m" : "4611686018429673988"
    }, {
      "d" : "1756420481081922470",
      "t" : 1756420481081,
      "tn" : 1756420481081922470,
      "q" : "0.43",
      "p" : "0.00004228",
      "s" : "buy",
      "i" : "ATOM_BTC",
      "m" : "4611686018429673987"
    }, {
      "d" : "1756420419896211563",
      "t" : 1756420419896,
      "tn" : 1756420419896211563,
      "q" : "0.27",
      "p" : "0.00004218",
      "s" : "buy",
      "i" : "ATOM_BTC",
      "m" : "4611686018429673986"
    }, {
      "d" : "1756420419149462658",
      "t" : 1756420419149,
      "tn" : 1756420419149462658,
      "q" : "9.23",
      "p" : "0.00004218",
      "s" : "buy",
      "i" : "ATOM_BTC",
      "m" : "4611686018429673985"
    }, {
      "d" : "1756420418987565377",
      "t" : 1756420418987,
      "tn" : 1756420418987565377,
      "q" : "0.27",
      "p" : "0.00004218",
      "s" : "buy",
      "i" : "ATOM_BTC",
      "m" : "4611686018429673984"
    }, {
      "d" : "1756420418937515921",
      "t" : 1756420418937,
      "tn" : 1756420418937515921,
      "q" : "0.27",
      "p" : "0.00004218",
      "s" : "buy",
      "i" : "ATOM_BTC",
      "m" : "4611686018429673983"
    }, {
      "d" : "1756420418920179543",
      "t" : 1756420418920,
      "tn" : 1756420418920179543,
      "q" : "0.27",
      "p" : "0.00004218",
      "s" : "buy",
      "i" : "ATOM_BTC",
      "m" : "4611686018429673982"
    }, {
      "d" : "1756420418615666460",
      "t" : 1756420418615,
      "tn" : 1756420418615666460,
      "q" : "1.35",
      "p" : "0.00004218",
      "s" : "buy",
      "i" : "ATOM_BTC",
      "m" : "4611686018429673981"
    }, {
      "d" : "1756420418609088911",
      "t" : 1756420418609,
      "tn" : 1756420418609088911,
      "q" : "2.53",
      "p" : "0.00004218",
      "s" : "buy",
      "i" : "ATOM_BTC",
      "m" : "4611686018429673980"
    }, {
      "d" : "1756420418602363782",
      "t" : 1756420418602,
      "tn" : 1756420418602363782,
      "q" : "2.53",
      "p" : "0.00004218",
      "s" : "buy",
      "i" : "ATOM_BTC",
      "m" : "4611686018429673979"
    }, {
      "d" : "1756420415017972214",
      "t" : 1756420415017,
      "tn" : 1756420415017972214,
      "q" : "0.86",
      "p" : "0.00004218",
      "s" : "buy",
      "i" : "ATOM_BTC",
      "m" : "4611686018429673978"
    }, {
      "d" : "1756420414542487106",
      "t" : 1756420414542,
      "tn" : 1756420414542487106,
      "q" : "0.27",
      "p" : "0.00004218",
      "s" : "buy",
      "i" : "ATOM_BTC",
      "m" : "4611686018429673977"
    }, {
      "d" : "1756420414517649265",
      "t" : 1756420414517,
      "tn" : 1756420414517649265,
      "q" : "0.27",
      "p" : "0.00004218",
      "s" : "buy",
      "i" : "ATOM_BTC",
      "m" : "4611686018429673976"
    }, {
      "d" : "1756420413570853805",
      "t" : 1756420413570,
      "tn" : 1756420413570853805,
      "q" : "1.35",
      "p" : "0.00004218",
      "s" : "buy",
      "i" : "ATOM_BTC",
      "m" : "4611686018429673975"
    }, {
      "d" : "1756420413560702964",
      "t" : 1756420413560,
      "tn" : 1756420413560702964,
      "q" : "2.53",
      "p" : "0.00004218",
      "s" : "buy",
      "i" : "ATOM_BTC",
      "m" : "4611686018429673974"
    }, {
      "d" : "1756420413550467863",
      "t" : 1756420413550,
      "tn" : 1756420413550467863,
      "q" : "2.53",
      "p" : "0.00004218",
      "s" : "buy",
      "i" : "ATOM_BTC",
      "m" : "4611686018429673973"
    }, {
      "d" : "1756420400593190706",
      "t" : 1756420400593,
      "tn" : 1756420400593190706,
      "q" : "0.86",
      "p" : "0.00004218",
      "s" : "buy",
      "i" : "ATOM_BTC",
      "m" : "4611686018429673972"
    }, {
      "d" : "1756420400047658496",
      "t" : 1756420400047,
      "tn" : 1756420400047658496,
      "q" : "0.91",
      "p" : "0.00004218",
      "s" : "buy",
      "i" : "ATOM_BTC",
      "m" : "4611686018429673971"
    }, {
      "d" : "1756420399296418440",
      "t" : 1756420399296,
      "tn" : 1756420399296418440,
      "q" : "1.45",
      "p" : "0.00004218",
      "s" : "buy",
      "i" : "ATOM_BTC",
      "m" : "4611686018429673970"
    }, {
      "d" : "1756420398596575242",
      "t" : 1756420398596,
      "tn" : 1756420398596575242,
      "q" : "2.87",
      "p" : "0.00004218",
      "s" : "buy",
      "i" : "ATOM_BTC",
      "m" : "4611686018429673969"
    }, {
      "d" : "1756420330821962467",
      "t" : 1756420330821,
      "tn" : 1756420330821962467,
      "q" : "0.43",
      "p" : "0.00004217",
      "s" : "buy",
      "i" : "ATOM_BTC",
      "m" : "4611686018429673968"
    }, {
      "d" : "1756420330821960285",
      "t" : 1756420330821,
      "tn" : 1756420330821960285,
      "q" : "0.43",
      "p" : "0.00004216",
      "s" : "buy",
      "i" : "ATOM_BTC",
      "m" : "4611686018429673967"
    }, {
      "d" : "1756419797218003923",
      "t" : 1756419797218,
      "tn" : 1756419797218003923,
      "q" : "1.43",
      "p" : "0.00004207",
      "s" : "buy",
      "i" : "ATOM_BTC",
      "m" : "4611686018429673966"
    }, {
      "d" : "1756419796008027590",
      "t" : 1756419796008,
      "tn" : 1756419796008027590,
      "q" : "2.81",
      "p" : "0.00004207",
      "s" : "buy",
      "i" : "ATOM_BTC",
      "m" : "4611686018429673965"
    }, {
      "d" : "1756419602961273095",
      "t" : 1756419602961,
      "tn" : 1756419602961273095,
      "q" : "0.61",
      "p" : "0.00004200",
      "s" : "buy",
      "i" : "ATOM_BTC",
      "m" : "4611686018429673964"
    }, {
      "d" : "1756419589954402729",
      "t" : 1756419589954,
      "tn" : 1756419589954402729,
      "q" : "0.86",
      "p" : "0.00004200",
      "s" : "buy",
      "i" : "ATOM_BTC",
      "m" : "4611686018429673963"
    }, {
      "d" : "1756419586942787203",
      "t" : 1756419586942,
      "tn" : 1756419586942787203,
      "q" : "0.86",
      "p" : "0.00004200",
      "s" : "buy",
      "i" : "ATOM_BTC",
      "m" : "4611686018429673962"
    }, {
      "d" : "1756419585976710013",
      "t" : 1756419585976,
      "tn" : 1756419585976710013,
      "q" : "0.95",
      "p" : "0.00004200",
      "s" : "buy",
      "i" : "ATOM_BTC",
      "m" : "4611686018429673961"
    }, {
      "d" : "1756419558948164851",
      "t" : 1756419558948,
      "tn" : 1756419558948164851,
      "q" : "0.86",
      "p" : "0.00004200",
      "s" : "buy",
      "i" : "ATOM_BTC",
      "m" : "4611686018429673960"
    }, {
      "d" : "1756419556935259760",
      "t" : 1756419556935,
      "tn" : 1756419556935259760,
      "q" : "0.86",
      "p" : "0.00004200",
      "s" : "buy",
      "i" : "ATOM_BTC",
      "m" : "4611686018429673959"
    }, {
      "d" : "1756419489088553933",
      "t" : 1756419489088,
      "tn" : 1756419489088553933,
      "q" : "0.43",
      "p" : "0.00004199",
      "s" : "buy",
      "i" : "ATOM_BTC",
      "m" : "4611686018429673958"
    }, {
      "d" : "1756419486349592800",
      "t" : 1756419486349,
      "tn" : 1756419486349592800,
      "q" : "24.10",
      "p" : "0.00004195",
      "s" : "buy",
      "i" : "ATOM_BTC",
      "m" : "4611686018429673957"
    }, {
      "d" : "1756419484041573600",
      "t" : 1756419484041,
      "tn" : 1756419484041573600,
      "q" : "0.86",
      "p" : "0.00004195",
      "s" : "buy",
      "i" : "ATOM_BTC",
      "m" : "4611686018429673956"
    }, {
      "d" : "1756419483633815520",
      "t" : 1756419483633,
      "tn" : 1756419483633815520,
      "q" : "0.86",
      "p" : "0.00004195",
      "s" : "buy",
      "i" : "ATOM_BTC",
      "m" : "4611686018429673955"
    }, {
      "d" : "1756419483192581047",
      "t" : 1756419483192,
      "tn" : 1756419483192581047,
      "q" : "1.53",
      "p" : "0.00004195",
      "s" : "buy",
      "i" : "ATOM_BTC",
      "m" : "4611686018429673954"
    }, {
      "d" : "1756419482637445543",
      "t" : 1756419482637,
      "tn" : 1756419482637445543,
      "q" : "3.27",
      "p" : "0.00004195",
      "s" : "buy",
      "i" : "ATOM_BTC",
      "m" : "4611686018429673953"
    }, {
      "d" : "1756419271142703498",
      "t" : 1756419271142,
      "tn" : 1756419271142703498,
      "q" : "186.80",
      "p" : "0.00004191",
      "s" : "buy",
      "i" : "ATOM_BTC",
      "m" : "4611686018429673952"
    }, {
      "d" : "1756419263310728682",
      "t" : 1756419263310,
      "tn" : 1756419263310728682,
      "q" : "28.19",
      "p" : "0.00004191",
      "s" : "buy",
      "i" : "ATOM_BTC",
      "m" : "4611686018429673951"
    }, {
      "d" : "1756419263305045969",
      "t" : 1756419263305,
      "tn" : 1756419263305045969,
      "q" : "34.41",
      "p" : "0.00004191",
      "s" : "buy",
      "i" : "ATOM_BTC",
      "m" : "4611686018429673950"
    }, {
      "d" : "1756419263299665989",
      "t" : 1756419263299,
      "tn" : 1756419263299665989,
      "q" : "132.85",
      "p" : "0.00004191",
      "s" : "buy",
      "i" : "ATOM_BTC",
      "m" : "4611686018429673949"
    }, {
      "d" : "1756419263129226187",
      "t" : 1756419263129,
      "tn" : 1756419263129226187,
      "q" : "92.96",
      "p" : "0.00004190",
      "s" : "buy",
      "i" : "ATOM_BTC",
      "m" : "4611686018429673948"
    }, {
      "d" : "1756419263084528312",
      "t" : 1756419263084,
      "tn" : 1756419263084528312,
      "q" : "214.90",
      "p" : "0.00004190",
      "s" : "buy",
      "i" : "ATOM_BTC",
      "m" : "4611686018429673947"
    }, {
      "d" : "1756419263084304495",
      "t" : 1756419263084,
      "tn" : 1756419263084304495,
      "q" : "25.49",
      "p" : "0.00004190",
      "s" : "buy",
      "i" : "ATOM_BTC",
      "m" : "4611686018429673946"
    }, {
      "d" : "1756419263084302811",
      "t" : 1756419263084,
      "tn" : 1756419263084302811,
      "q" : "67.47",
      "p" : "0.00004189",
      "s" : "buy",
      "i" : "ATOM_BTC",
      "m" : "4611686018429673945"
    }, {
      "d" : "1756419262935789245",
      "t" : 1756419262935,
      "tn" : 1756419262935789244,
      "q" : "192.50",
      "p" : "0.00004189",
      "s" : "buy",
      "i" : "ATOM_BTC",
      "m" : "4611686018429673944"
    }, {
      "d" : "1756419262935789244",
      "t" : 1756419262935,
      "tn" : 1756419262935789244,
      "q" : "0.59",
      "p" : "0.00004189",
      "s" : "buy",
      "i" : "ATOM_BTC",
      "m" : "4611686018429673944"
    }, {
      "d" : "1756419156143633995",
      "t" : 1756419156143,
      "tn" : 1756419156143633994,
      "q" : "23.54",
      "p" : "0.00004185",
      "s" : "buy",
      "i" : "ATOM_BTC",
      "m" : "4611686018429673943"
    }, {
      "d" : "1756419156143633994",
      "t" : 1756419156143,
      "tn" : 1756419156143633994,
      "q" : "20.41",
      "p" : "0.00004185",
      "s" : "buy",
      "i" : "ATOM_BTC",
      "m" : "4611686018429673943"
    }, {
      "d" : "1756419156133947517",
      "t" : 1756419156133,
      "tn" : 1756419156133947517,
      "q" : "0.43",
      "p" : "0.00004183",
      "s" : "buy",
      "i" : "ATOM_BTC",
      "m" : "4611686018429673942"
    }, {
      "d" : "1756418972538472678",
      "t" : 1756418972538,
      "tn" : 1756418972538472678,
      "q" : "0.68",
      "p" : "0.00004183",
      "s" : "buy",
      "i" : "ATOM_BTC",
      "m" : "4611686018429673941"
    }, {
      "d" : "1756418972232871885",
      "t" : 1756418972232,
      "tn" : 1756418972232871885,
      "q" : "0.86",
      "p" : "0.00004183",
      "s" : "buy",
      "i" : "ATOM_BTC",
      "m" : "4611686018429673940"
    }, {
      "d" : "1756418677606619046",
      "t" : 1756418677606,
      "tn" : 1756418677606619046,
      "q" : "0.43",
      "p" : "0.00004175",
      "s" : "sell",
      "i" : "ATOM_BTC",
      "m" : "4611686018429673939"
    }, {
      "d" : "1756418570006185205",
      "t" : 1756418570006,
      "tn" : 1756418570006185205,
      "q" : "9.83",
      "p" : "0.00004175",
      "s" : "buy",
      "i" : "ATOM_BTC",
      "m" : "4611686018429673938"
    }, {
      "d" : "1756418569498702821",
      "t" : 1756418569498,
      "tn" : 1756418569498702821,
      "q" : "37.00",
      "p" : "0.00004172",
      "s" : "buy",
      "i" : "ATOM_BTC",
      "m" : "4611686018429673937"
    }, {
      "d" : "1756418569432917493",
      "t" : 1756418569432,
      "tn" : 1756418569432917493,
      "q" : "0.43",
      "p" : "0.00004171",
      "s" : "buy",
      "i" : "ATOM_BTC",
      "m" : "4611686018429673936"
    }, {
      "d" : "1756417754149551816",
      "t" : 1756417754149,
      "tn" : 1756417754149551816,
      "q" : "0.43",
      "p" : "0.00004168",
      "s" : "sell",
      "i" : "ATOM_BTC",
      "m" : "4611686018429673935"
    }, {
      "d" : "1756417446864000042",
      "t" : 1756417446864,
      "tn" : 1756417446864000042,
      "q" : "0.43",
      "p" : "0.00004166",
      "s" : "buy",
      "i" : "ATOM_BTC",
      "m" : "4611686018429673934"
    }, {
      "d" : "1756416317526103469",
      "t" : 1756416317526,
      "tn" : 1756416317526103469,
      "q" : "0.43",
      "p" : "0.00004166",
      "s" : "buy",
      "i" : "ATOM_BTC",
      "m" : "4611686018429673933"
    }, {
      "d" : "1756415811784694484",
      "t" : 1756415811784,
      "tn" : 1756415811784694484,
      "q" : "0.43",
      "p" : "0.00004153",
      "s" : "buy",
      "i" : "ATOM_BTC",
      "m" : "4611686018429673932"
    }, {
      "d" : "1756413018979498718",
      "t" : 1756413018979,
      "tn" : 1756413018979498718,
      "q" : "0.43",
      "p" : "0.00004131",
      "s" : "buy",
      "i" : "ATOM_BTC",
      "m" : "4611686018429673931"
    } ]
  }
}