{
  "id" : -1,
  "method" : "public/get-trades",
  "code" : 0,
  "result" : {
    "data" : [ {
      "d" : "1756460200825129426",
      "t" : 1756460200825,
      "tn" : 1756460200825129426,
      "q" : "0.27",
      "p" : "4.565",
      "s" : "sell",
      "i" : "ATOM_USDT",
      "m" : "4611686018432647701"
    }, {
      "d" : "1756460185959241394",
      "t" : 1756460185959,
      "tn" : 1756460185959241394,
      "q" : "0.68",
      "p" : "4.565",
      "s" : "buy",
      "i" : "ATOM_USDT",
      "m" : "4611686018432647700"
    }, {
      "d" : "1756460041756196535",
      "t" : 1756460041756,
      "tn" : 1756460041756196535,
      "q" : "0.27",
      "p" : "4.560",
      "s" : "sell",
      "i" : "ATOM_USDT",
      "m" : "4611686018432647699"
    }, {
      "d" : "1756459799442214499",
      "t" : 1756459799442,
      "tn" : 1756459799442214499,
      "q" : "0.25",
      "p" : "4.563",
      "s" : "buy",
      "i" : "ATOM_USDT",
      "m" : "4611686018432647698"
    }, {
      "d" : "1756459789169057749",
      "t" : 1756459789169,
      "tn" : 1756459789169057749,
      "q" : "0.27",
      "p" : "4.560",
      "s" : "buy",
      "i" : "ATOM_USDT",
      "m" : "4611686018432647697"
    }, {
      "d" : "1756459776568810172",
      "t" : 1756459776568,
      "tn" : 1756459776568810172,
      "q" : "0.27",
      "p" : "4.559",
      "s" : "buy",
      "i" : "ATOM_USDT",
      "m" : "4611686018432647696"
    }, {
      "d" : "1756459745830533537",
      "t" : 1756459745830,
      "tn" : 1756459745830533537,
      "q" : "0.25",
      "p" : "4.556",
      "s" : "buy",
      "i" : "ATOM_USDT",
      "m" : "4611686018432647695"
    }, {
      "d" : "1756459726311876455",
      "t" : 1756459726311,
      "tn" : 1756459726311876455,
      "q" : "0.25",
      "p" : "4.555",
      "s" : "buy",
      "i" : "ATOM_USDT",
      "m" : "4611686018432647694"
    }, {
      "d" : "1756459721589075217",
      "t" : 1756459721589,
      "tn" : 1756459721589075217,
      "q" : "0.44",
      "p" : "4.555",
      "s" : "buy",
      "i" : "ATOM_USDT",
      "m" : "4611686018432647693"
    }, {
      "d" : "1756459721408987833",
      "t" : 1756459721408,
      "tn" : 1756459721408987833,
      "q" : "0.29",
      "p" : "4.554",
      "s" : "buy",
      "i" : "ATOM_USDT",
      "m" : "4611686018432647692"
    }, {
      "d" : "1756459683790127744",
      "t" : 1756459683790,
      "tn" : 1756459683790127744,
      "q" : "0.27",
      "p" : "4.553",
      "s" : "buy",
      "i" : "ATOM_USDT",
      "m" : "4611686018432647691"
    }, {
      "d" : "1756459642316083947",
      "t" : 1756459642316,
      "tn" : 1756459642316083947,
      "q" : "0.25",
      "p" : "4.549",
      "s" : "buy",
      "i" : "ATOM_USDT",
      "m" : "4611686018432647690"
    }, {
      "d" : "1756459588394119781",
      "t" : 1756459588394,
      "tn" : 1756459588394119781,
      "q" : "0.27",
      "p" : "4.556",
      "s" : "sell",
      "i" : "ATOM_USDT",
      "m" : "4611686018432647689"
    }, {
      "d" : "1756459516847407642",
      "t" : 1756459516847,
      "tn" : 1756459516847407642,
      "q" : "0.27",
      "p" : "4.549",
      "s" : "buy",
      "i" : "ATOM_USDT",
      "m" : "4611686018432647688"
    }, {
      "d" : "1756459477574295458",
      "t" : 1756459477574,
      "tn" : 1756459477574295458,
      "q" : "0.25",
      "p" : "4.551",
      "s" : "buy",
      "i" : "ATOM_USDT",
      "m" : "4611686018432647687"
    }, {
      "d" : "1756459426785873798",
      "t" : 1756459426785,
      "tn" : 1756459426785873798,
      "q" : "0.44",
      "p" : "4.557",
      "s" : "sell",
      "i" : "ATOM_USDT",
      "m" : "4611686018432647686"
    }, {
      "d" : "1756459355281362552",
      "t" : 1756459355281,
      "tn" : 1756459355281362552,
      "q" : "1.00",
      "p" : "4.561",
      "s" : "buy",
      "i" : "ATOM_USDT",
      "m" : "4611686018432647685"
    }, {
      "d" : "1756459269557465633",
      "t" : 1756459269557,
      "tn" : 1756459269557465633,
      "q" : "0.44",
      "p" : "4.555",
      "s" : "sell",
      "i" : "ATOM_USDT",
      "m" : "4611686018432647684"
    }, {
      "d" : "1756459221260860098",
      "t" : 1756459221260,
      "tn" : 1756459221260860098,
      "q" : "0.27",
      "p" : "4.558",
      "s" : "buy",
      "i" : "ATOM_USDT",
      "m" : "4611686018432647683"
    }, {
      "d" : "1756459171716990861",
      "t" : 1756459171716,
      "tn" : 1756459171716990861,
      "q" : "0.27",
      "p" : "4.552",
      "s" : "buy",
      "i" : "ATOM_USDT",
      "m" : "4611686018432647682"
    }, {
      "d" : "1756459085409798067",
      "t" : 1756459085409,
      "tn" : 1756459085409798067,
      "q" : "0.01",
      "p" : "4.543",
      "s" : "buy",
      "i" : "ATOM_USDT",
      "m" : "4611686018432647681"
    }, {
      "d" : "1756459085409796634",
      "t" : 1756459085409,
      "tn" : 1756459085409796634,
      "q" : "0.44",
      "p" : "4.542",
      "s" : "buy",
      "i" : "ATOM_USDT",
      "m" : "4611686018432647680"
    }, {
      "d" : "1756459070764926214",
      "t" : 1756459070764,
      "tn" : 1756459070764926214,
      "q" : "0.44",
      "p" : "4.538",
      "s" : "sell",
      "i" : "ATOM_USDT",
      "m" : "4611686018432647679"
    }, {
      "d" : "1756459022235046236",
      "t" : 1756459022235,
      "tn" : 1756459022235046235,
      "q" : "0.29",
      "p" : "4.541",
      "s" : "buy",
      "i" : "ATOM_USDT",
      "m" : "4611686018432647678"
    }, {
      "d" : "1756459022235046235",
      "t" : 1756459022235,
      "tn" : 1756459022235046235,
      "q" : "0.44",
      "p" : "4.541",
      "s" : "buy",
      "i" : "ATOM_USDT",
      "m" : "4611686018432647678"
    }, {
      "d" : "1756458994498017108",
      "t" : 1756458994498,
      "tn" : 1756458994498017108,
      "q" : "0.44",
      "p" : "4.537",
      "s" : "buy",
      "i" : "ATOM_USDT",
      "m" : "4611686018432647677"
    }, {
      "d" : "1756458987471895720",
      "t" : 1756458987471,
      "tn" : 1756458987471895720,
      "q" : "0.74",
      "p" : "4.536",
      "s" : "sell",
      "i" : "ATOM_USDT",
      "m" : "4611686018432647676"
    }, {
      "d" : "1756458917273521576",
      "t" : 1756458917273,
      "tn" : 1756458917273521576,
      "q" : "0.25",
      "p" : "4.532",
      "s" : "buy",
      "i" : "ATOM_USDT",
      "m" : "4611686018432647675"
    }, {
      "d" : "1756458905622483406",
      "t" : 1756458905622,
      "tn" : 1756458905622483406,
      "q" : "0.27",
      "p" : "4.535",
      "s" : "buy",
      "i" : "ATOM_USDT",
      "m" : "4611686018432647674"
    }, {
      "d" : "1756458884186508205",
      "t" : 1756458884186,
      "tn" : 1756458884186508205,
      "q" : "0.27",
      "p" : "4.536",
      "s" : "buy",
      "i" : "ATOM_USDT",
      "m" : "4611686018432647673"
    }, {
      "d" : "1756458834925775366",
      "t" : 1756458834925,
      "tn" : 1756458834925775366,
      "q" : "0.27",
      "p" : "4.539",
      "s" : "buy",
      "i" : "ATOM_USDT",
      "m" : "4611686018432647672"
    }, {
      "d" : "1756458821170561674",
      "t" : 1756458821170,
      "tn" : 1756458821170561674,
      "q" : "0.44",
      "p" : "4.542",
      "s" : "sell",
      "i" : "ATOM_USDT",
      "m" : "4611686018432647671"
    }, {
      "d" : "1756458792691492478",
      "t" : 1756458792691,
      "tn" : 1756458792691492478,
      "q" : "0.25",
      "p" : "4.545",
      "s" : "buy",
      "i" : "ATOM_USDT",
      "m" : "4611686018432647670"
    }, {
      "d" : "1756458740841136588",
      "t" : 1756458740841,
      "tn" : 1756458740841136588,
      "q" : "0.25",
      "p" : "4.540",
      "s" : "sell",
      "i" : "ATOM_USDT",
      "m" : "4611686018432647669"
    }, {
      "d" : "1756458730582005698",
      "t" : 1756458730582,
      "tn" : 1756458730582005698,
      "q" : "0.44",
      "p" : "4.541",
      "s" : "sell",
      "i" : "ATOM_USDT",
      "m" : "4611686018432647668"
    }, {
      "d" : "1756458705143881715",
      "t" : 1756458705143,
      "tn" : 1756458705143881715,
      "q" : "0.44",
      "p" : "4.537",
      "s" : "buy",
      "i" : "ATOM_USDT",
      "m" : "4611686018432647667"
    }, {
      "d" : "1756458641877518294",
      "t" : 1756458641877,
      "tn" : 1756458641877518293,
      "q" : "0.01",
      "p" : "4.532",
      "s" : "buy",
      "i" : "ATOM_USDT",
      "m" : "4611686018432647666"
    }, {
      "d" : "1756458641877518293",
      "t" : 1756458641877,
      "tn" : 1756458641877518293,
      "q" : "0.44",
      "p" : "4.532",
      "s" : "buy",
      "i" : "ATOM_USDT",
      "m" : "4611686018432647666"
    }, {
      "d" : "1756458634675647123",
      "t" : 1756458634675,
      "tn" : 1756458634675647123,
      "q" : "0.44",
      "p" : "4.531",
      "s" : "sell",
      "i" : "ATOM_USDT",
      "m" : "4611686018432647665"
    }, {
      "d" : "1756458601540378541",
      "t" : 1756458601540,
      "tn" : 1756458601540378541,
      "q" : "0.25",
      "p" : "4.536",
      "s" : "buy",
      "i" : "ATOM_USDT",
      "m" : "4611686018432647664"
    }, {
      "d" : "1756458587779611044",
      "t" : 1756458587779,
      "tn" : 1756458587779611044,
      "q" : "0.27",
      "p" : "4.537",
      "s" : "sell",
      "i" : "ATOM_USDT",
      "m" : "4611686018432647663"
    }, {
      "d" : "1756458568699201323",
      "t" : 1756458568699,
      "tn" : 1756458568699201323,
      "q" : "0.27",
      "p" : "4.538",
      "s" : "sell",
      "i" : "ATOM_USDT",
      "m" : "4611686018432647662"
    }, {
      "d" : "1756458543863401689",
      "t" : 1756458543863,
      "tn" : 1756458543863401689,
      "q" : "0.44",
      "p" : "4.535",
      "s" : "buy",
      "i" : "ATOM_USDT",
      "m" : "4611686018432647661"
    }, {
      "d" : "1756458508020757802",
      "t" : 1756458508020,
      "tn" : 1756458508020757802,
      "q" : "2.39",
      "p" : "4.532",
      "s" : "buy",
      "i" : "ATOM_USDT",
      "m" : "4611686018432647660"
    }, {
      "d" : "1756458497479747751",
      "t" : 1756458497479,
      "tn" : 1756458497479747751,
      "q" : "0.27",
      "p" : "4.531",
      "s" : "buy",
      "i" : "ATOM_USDT",
      "m" : "4611686018432647659"
    }, {
      "d" : "1756458482454660741",
      "t" : 1756458482454,
      "tn" : 1756458482454660740,
      "q" : "0.27",
      "p" : "4.530",
      "s" : "buy",
      "i" : "ATOM_USDT",
      "m" : "4611686018432647658"
    }, {
      "d" : "1756458482454660740",
      "t" : 1756458482454,
      "tn" : 1756458482454660740,
      "q" : "0.44",
      "p" : "4.530",
      "s" : "buy",
      "i" : "ATOM_USDT",
      "m" : "4611686018432647658"
    }, {
      "d" : "1756458473729448417",
      "t" : 1756458473729,
      "tn" : 1756458473729448417,
      "q" : "103.13",
      "p" : "4.529",
      "s" : "buy",
      "i" : "ATOM_USDT",
      "m" : "4611686018432647657"
    }, {
      "d" : "1756458473729445794",
      "t" : 1756458473729,
      "tn" : 1756458473729445793,
      "q" : "0.27",
      "p" : "4.528",
      "s" : "buy",
      "i" : "ATOM_USDT",
      "m" : "4611686018432647656"
    }, {
      "d" : "1756458473729445793",
      "t" : 1756458473729,
      "tn" : 1756458473729445793,
      "q" : "0.44",
      "p" : "4.528",
      "s" : "buy",
      "i" : "ATOM_USDT",
      "m" : "4611686018432647656"
    }, {
      "d" : "1756458455244687006",
      "t" : 1756458455244,
      "tn" : 1756458455244687006,
      "q" : "0.27",
      "p" : "4.528",
      "s" : "buy",
      "i" : "ATOM_USDT",
      "m" : "4611686018432647655"
    }, {
      "d" : "1756458428466771353",
      "t" : 1756458428466,
      "tn" : 1756458428466771353,
      "q" : "0.27",
      "p" : "4.529",
      "s" : "buy",
      "i" : "ATOM_USDT",
      "m" : "4611686018432647654"
    }, {
      "d" : "1756458410890621055",
      "t" : 1756458410890,
      "tn" : 1756458410890621054,
      "q" : "0.27",
      "p" : "4.529",
      "s" : "buy",
      "i" : "ATOM_USDT",
      "m" : "4611686018432647653"
    }, {
      "d" : "1756458410890621054",
      "t" : 1756458410890,
      "tn" : 1756458410890621054,
      "q" : "0.44",
      "p" : "4.529",
      "s" : "buy",
      "i" : "ATOM_USDT",
      "m" : "4611686018432647653"
    }, {
      "d" : "1756458407940818490",
      "t" : 1756458407940,
      "tn" : 1756458407940818490,
      "q" : "0.27",
      "p" : "4.527",
      "s" : "sell",
      "i" : "ATOM_USDT",
      "m" : "4611686018432647652"
    }, {
      "d" : "1756458398531679173",
      "t" : 1756458398531,
      "tn" : 1756458398531679173,
      "q" : "0.25",
      "p" : "4.528",
      "s" : "buy",
      "i" : "ATOM_USDT",
      "m" : "4611686018432647651"
    }, {
      "d" : "1756458394946360959",
      "t" : 1756458394946,
      "tn" : 1756458394946360959,
      "q" : "0.27",
      "p" : "4.527",
      "s" : "buy",
      "i" : "ATOM_USDT",
      "m" : "4611686018432647650"
    }, {
      "d" : "1756458394591200956",
      "t" : 1756458394591,
      "tn" : 1756458394591200956,
      "q" : "0.44",
      "p" : "4.529",
      "s" : "sell",
      "i" : "ATOM_USDT",
      "m" : "4611686018432647649"
    }, {
      "d" : "1756458382783504874",
      "t" : 1756458382783,
      "tn" : 1756458382783504872,
      "q" : "0.27",
      "p" : "4.530",
      "s" : "buy",
      "i" : "ATOM_USDT",
      "m" : "4611686018432647648"
    }, {
      "d" : "1756458382783504873",
      "t" : 1756458382783,
      "tn" : 1756458382783504872,
      "q" : "0.44",
      "p" : "4.530",
      "s" : "buy",
      "i" : "ATOM_USDT",
      "m" : "4611686018432647648"
    }, {
      "d" : "1756458382783504872",
      "t" : 1756458382783,
      "tn" : 1756458382783504872,
      "q" : "2.29",
      "p" : "4.530",
      "s" : "buy",
      "i" : "ATOM_USDT",
      "m" : "4611686018432647648"
    }, {
      "d" : "1756458376189630117",
      "t" : 1756458376189,
      "tn" : 1756458376189630116,
      "q" : "1.40",
      "p" : "4.529",
      "s" : "buy",
      "i" : "ATOM_USDT",
      "m" : "4611686018432647647"
    }, {
      "d" : "1756458376189630116",
      "t" : 1756458376189,
      "tn" : 1756458376189630116,
      "q" : "2.61",
      "p" : "4.529",
      "s" : "buy",
      "i" : "ATOM_USDT",
      "m" : "4611686018432647647"
    }, {
      "d" : "1756458376189625269",
      "t" : 1756458376189,
      "tn" : 1756458376189625269,
      "q" : "0.27",
      "p" : "4.528",
      "s" : "buy",
      "i" : "ATOM_USDT",
      "m" : "4611686018432647646"
    }, {
      "d" : "1756458369318042946",
      "t" : 1756458369318,
      "tn" : 1756458369318042946,
      "q" : "0.27",
      "p" : "4.528",
      "s" : "sell",
      "i" : "ATOM_USDT",
      "m" : "4611686018432647645"
    }, {
      "d" : "1756458369314130664",
      "t" : 1756458369314,
      "tn" : 1756458369314130664,
      "q" : "0.74",
      "p" : "4.529",
      "s" : "sell",
      "i" : "ATOM_USDT",
      "m" : "4611686018432647644"
    }, {
      "d" : "1756458349119679103",
      "t" : 1756458349119,
      "tn" : 1756458349119679103,
      "q" : "0.27",
      "p" : "4.533",
      "s" : "buy",
      "i" : "ATOM_USDT",
      "m" : "4611686018432647643"
    }, {
      "d" : "1756458346661633905",
      "t" : 1756458346661,
      "tn" : 1756458346661633905,
      "q" : "0.27",
      "p" : "4.532",
      "s" : "buy",
      "i" : "ATOM_USDT",
      "m" : "4611686018432647642"
    }, {
      "d" : "1756458346661632376",
      "t" : 1756458346661,
      "tn" : 1756458346661632376,
      "q" : "0.44",
      "p" : "4.531",
      "s" : "buy",
      "i" : "ATOM_USDT",
      "m" : "4611686018432647641"
    }, {
      "d" : "1756458345460760216",
      "t" : 1756458345460,
      "tn" : 1756458345460760216,
      "q" : "0.44",
      "p" : "4.531",
      "s" : "buy",
      "i" : "ATOM_USDT",
      "m" : "4611686018432647640"
    }, {
      "d" : "1756458331462480864",
      "t" : 1756458331462,
      "tn" : 1756458331462480864,
      "q" : "0.27",
      "p" : "4.528",
      "s" : "buy",
      "i" : "ATOM_USDT",
      "m" : "4611686018432647639"
    }, {
      "d" : "1756458316550853938",
      "t" : 1756458316550,
      "tn" : 1756458316550853938,
      "q" : "0.27",
      "p" : "4.530",
      "s" : "buy",
      "i" : "ATOM_USDT",
      "m" : "4611686018432647638"
    }, {
      "d" : "1756458309562373868",
      "t" : 1756458309562,
      "tn" : 1756458309562373868,
      "q" : "0.27",
      "p" : "4.530",
      "s" : "buy",
      "i" : "ATOM_USDT",
      "m" : "4611686018432647637"
    }, {
      "d" : "1756458306471970254",
      "t" : 1756458306471,
      "tn" : 1756458306471970254,
      "q" : "0.27",
      "p" : "4.531",
      "s" : "buy",
      "i" : "ATOM_USDT",
      "m" : "4611686018432647636"
    }, {
      "d" : "1756458305407886036",
      "t" : 1756458305407,
      "tn" : 1756458305407886036,
      "q" : "0.44",
      "p" : "4.530",
      "s" : "buy",
      "i" : "ATOM_USDT",
      "m" : "4611686018432647635"
    }, {
      "d" : "1756458301625527436",
      "t" : 1756458301625,
      "tn" : 1756458301625527436,
      "q" : "0.27",
      "p" : "4.528",
      "s" : "buy",
      "i" : "ATOM_USDT",
      "m" : "4611686018432647634"
    }, {
      "d" : "1756458295470726686",
      "t" : 1756458295470,
      "tn" : 1756458295470726686,
      "q" : "0.27",
      "p" : "4.527",
      "s" : "buy",
      "i" : "ATOM_USDT",
      "m" : "4611686018432647633"
    }, {
      "d" : "1756458293731350415",
      "t" : 1756458293731,
      "tn" : 1756458293731350415,
      "q" : "0.27",
      "p" : "4.526",
      "s" : "sell",
      "i" : "ATOM_USDT",
      "m" : "4611686018432647632"
    }, {
      "d" : "1756458266948771742",
      "t" : 1756458266948,
      "tn" : 1756458266948771742,
      "q" : "0.27",
      "p" : "4.527",
      "s" : "buy",
      "i" : "ATOM_USDT",
      "m" : "4611686018432647631"
    }, {
      "d" : "1756458261575737934",
      "t" : 1756458261575,
      "tn" : 1756458261575737934,
      "q" : "2.40",
      "p" : "4.527",
      "s" : "buy",
      "i" : "ATOM_USDT",
      "m" : "4611686018432647630"
    }, {
      "d" : "1756458261575735624",
      "t" : 1756458261575,
      "tn" : 1756458261575735624,
      "q" : "0.27",
      "p" : "4.526",
      "s" : "buy",
      "i" : "ATOM_USDT",
      "m" : "4611686018432647629"
    }, {
      "d" : "1756458258160269513",
      "t" : 1756458258160,
      "tn" : 1756458258160269513,
      "q" : "0.27",
      "p" : "4.525",
      "s" : "buy",
      "i" : "ATOM_USDT",
      "m" : "4611686018432647628"
    }, {
      "d" : "1756458245175601196",
      "t" : 1756458245175,
      "tn" : 1756458245175601196,
      "q" : "0.27",
      "p" : "4.526",
      "s" : "buy",
      "i" : "ATOM_USDT",
      "m" : "4611686018432647627"
    }, {
      "d" : "1756458243471634902",
      "t" : 1756458243471,
      "tn" : 1756458243471634902,
      "q" : "0.27",
      "p" : "4.524",
      "s" : "buy",
      "i" : "ATOM_USDT",
      "m" : "4611686018432647626"
    }, {
      "d" : "1756458228020742202",
      "t" : 1756458228020,
      "tn" : 1756458228020742201,
      "q" : "0.44",
      "p" : "4.523",
      "s" : "buy",
      "i" : "ATOM_USDT",
      "m" : "4611686018432647625"
    }, {
      "d" : "1756458228020742201",
      "t" : 1756458228020,
      "tn" : 1756458228020742201,
      "q" : "2.61",
      "p" : "4.523",
      "s" : "buy",
      "i" : "ATOM_USDT",
      "m" : "4611686018432647625"
    }, {
      "d" : "1756458212344704077",
      "t" : 1756458212344,
      "tn" : 1756458212344704077,
      "q" : "2.61",
      "p" : "4.525",
      "s" : "buy",
      "i" : "ATOM_USDT",
      "m" : "4611686018432647624"
    }, {
      "d" : "1756458207453466625",
      "t" : 1756458207453,
      "tn" : 1756458207453466625,
      "q" : "0.27",
      "p" : "4.521",
      "s" : "buy",
      "i" : "ATOM_USDT",
      "m" : "4611686018432647623"
    }, {
      "d" : "1756458203844439838",
      "t" : 1756458203844,
      "tn" : 1756458203844439837,
      "q" : "0.27",
      "p" : "4.521",
      "s" : "buy",
      "i" : "ATOM_USDT",
      "m" : "4611686018432647622"
    }, {
      "d" : "1756458203844439837",
      "t" : 1756458203844,
      "tn" : 1756458203844439837,
      "q" : "0.79",
      "p" : "4.521",
      "s" : "buy",
      "i" : "ATOM_USDT",
      "m" : "4611686018432647622"
    }, {
      "d" : "1756458201856712168",
      "t" : 1756458201856,
      "tn" : 1756458201856712168,
      "q" : "0.27",
      "p" : "4.519",
      "s" : "buy",
      "i" : "ATOM_USDT",
      "m" : "4611686018432647621"
    }, {
      "d" : "1756458195468756722",
      "t" : 1756458195468,
      "tn" : 1756458195468756722,
      "q" : "0.27",
      "p" : "4.522",
      "s" : "buy",
      "i" : "ATOM_USDT",
      "m" : "4611686018432647620"
    }, {
      "d" : "1756458188306615787",
      "t" : 1756458188306,
      "tn" : 1756458188306615787,
      "q" : "14.86",
      "p" : "4.519",
      "s" : "buy",
      "i" : "ATOM_USDT",
      "m" : "4611686018432647619"
    }, {
      "d" : "1756458188034719384",
      "t" : 1756458188034,
      "tn" : 1756458188034719384,
      "q" : "0.27",
      "p" : "4.518",
      "s" : "buy",
      "i" : "ATOM_USDT",
      "m" : "4611686018432647618"
    }, {
      "d" : "1756458186350801662",
      "t" : 1756458186350,
      "tn" : 1756458186350801662,
      "q" : "0.27",
      "p" : "4.517",
      "s" : "buy",
      "i" : "ATOM_USDT",
      "m" : "4611686018432647617"
    }, {
      "d" : "1756458184738506314",
      "t" : 1756458184738,
      "tn" : 1756458184738506314,
      "q" : "0.27",
      "p" : "4.514",
      "s" : "buy",
      "i" : "ATOM_USDT",
      "m" : "4611686018432647616"
    }, {
      "d" : "1756458184707807678",
      "t" : 1756458184707,
      "tn" : 1756458184707807678,
      "q" : "0.27",
      "p" : "4.514",
      "s" : "buy",
      "i" : "ATOM_USDT",
      "m" : "4611686018432647615"
    }, {
      "d" : "1756458180142024029",
      "t" : 1756458180142,
      "tn" : 1756458180142024028,
      "q" : "0.27",
      "p" : "4.516",
      "s" : "buy",
      "i" : "ATOM_USDT",
      "m" : "4611686018432647614"
    }, {
      "d" : "1756458180142024028",
      "t" : 1756458180142,
      "tn" : 1756458180142024028,
      "q" : "2.61",
      "p" : "4.516",
      "s" : "buy",
      "i" : "ATOM_USDT",
      "m" : "4611686018432647614"
    }, {
      "d" : "1756458177120505109",
      "t" : 1756458177120,
      "tn" : 1756458177120505109,
      "q" : "2.74",
      "p" : "4.519",
      "s" : "sell",
      "i" : "ATOM_USDT",
      "m" : "4611686018432647613"
    }, {
      "d" : "1756458176718765471",
      "t" : 1756458176718,
      "tn" : 1756458176718765470,
      "q" : "10.00",
      "p" : "4.520",
      "s" : "sell",
      "i" : "ATOM_USDT",
      "m" : "4611686018432647612"
    }, {
      "d" : "1756458176718765470",
      "t" : 1756458176718,
      "tn" : 1756458176718765470,
      "q" : "2.18",
      "p" : "4.520",
      "s" : "sell",
      "i" : "ATOM_USDT",
      "m" : "4611686018432647612"
    }, {
      "d" : "1756458176718761763",
      "t" : 1756458176718,
      "tn" : 1756458176718761763,
      "q" : "0.44",
      "p" : "4.521",
      "s" : "sell",
      "i" : "ATOM_USDT",
      "m" : "4611686018432647611"
    }, {
      "d" : "1756458175176633649",
      "t" : 1756458175176,
      "tn" : 1756458175176633649,
      "q" : "0.44",
      "p" : "4.522",
      "s" : "sell",
      "i" : "ATOM_USDT",
      "m" : "4611686018432647610"
    }, {
      "d" : "1756458174949690210",
      "t" : 1756458174949,
      "tn" : 1756458174949690210,
      "q" : "0.27",
      "p" : "4.523",
      "s" : "sell",
      "i" : "ATOM_USDT",
      "m" : "4611686018432647609"
    }, {
      "d" : "1756458163489000222",
      "t" : 1756458163489,
      "tn" : 1756458163489000222,
      "q" : "0.27",
      "p" : "4.527",
      "s" : "sell",
      "i" : "ATOM_USDT",
      "m" : "4611686018432647608"
    }, {
      "d" : "1756458161958417191",
      "t" : 1756458161958,
      "tn" : 1756458161958417191,
      "q" : "0.27",
      "p" : "4.528",
      "s" : "buy",
      "i" : "ATOM_USDT",
      "m" : "4611686018432647607"
    }, {
      "d" : "1756458155309715348",
      "t" : 1756458155309,
      "tn" : 1756458155309715348,
      "q" : "0.27",
      "p" : "4.530",
      "s" : "buy",
      "i" : "ATOM_USDT",
      "m" : "4611686018432647606"
    }, {
      "d" : "1756458151955627063",
      "t" : 1756458151955,
      "tn" : 1756458151955627063,
      "q" : "0.44",
      "p" : "4.530",
      "s" : "sell",
      "i" : "ATOM_USDT",
      "m" : "4611686018432647605"
    }, {
      "d" : "1756458147640755700",
      "t" : 1756458147640,
      "tn" : 1756458147640755700,
      "q" : "10.00",
      "p" : "4.530",
      "s" : "sell",
      "i" : "ATOM_USDT",
      "m" : "4611686018432647604"
    }, {
      "d" : "1756458147640753844",
      "t" : 1756458147640,
      "tn" : 1756458147640753844,
      "q" : "0.44",
      "p" : "4.531",
      "s" : "sell",
      "i" : "ATOM_USDT",
      "m" : "4611686018432647603"
    }, {
      "d" : "1756458142032289364",
      "t" : 1756458142032,
      "tn" : 1756458142032289364,
      "q" : "1.29",
      "p" : "4.535",
      "s" : "sell",
      "i" : "ATOM_USDT",
      "m" : "4611686018432647602"
    }, {
      "d" : "1756458140086740512",
      "t" : 1756458140086,
      "tn" : 1756458140086740512,
      "q" : "0.27",
      "p" : "4.537",
      "s" : "buy",
      "i" : "ATOM_USDT",
      "m" : "4611686018432647601"
    }, {
      "d" : "1756458128978759733",
      "t" : 1756458128978,
      "tn" : 1756458128978759732,
      "q" : "2.60",
      "p" : "4.539",
      "s" : "buy",
      "i" : "ATOM_USDT",
      "m" : "4611686018432647600"
    }, {
      "d" : "1756458128978759732",
      "t" : 1756458128978,
      "tn" : 1756458128978759732,
      "q" : "0.44",
      "p" : "4.539",
      "s" : "buy",
      "i" : "ATOM_USDT",
      "m" : "4611686018432647600"
    }, {
      "d" : "1756458103647233860",
      "t" : 1756458103647,
      "tn" : 1756458103647233860,
      "q" : "0.27",
      "p" : "4.538",
      "s" : "sell",
      "i" : "ATOM_USDT",
      "m" : "4611686018432647599"
    }, {
      "d" : "1756458078758204474",
      "t" : 1756458078758,
      "tn" : 1756458078758204474,
      "q" : "92.29",
      "p" : "4.537",
      "s" : "sell",
      "i" : "ATOM_USDT",
      "m" : "4611686018432647598"
    }, {
      "d" : "1756458078758202022",
      "t" : 1756458078758,
      "tn" : 1756458078758202021,
      "q" : "1.22",
      "p" : "4.538",
      "s" : "sell",
      "i" : "ATOM_USDT",
      "m" : "4611686018432647597"
    }, {
      "d" : "1756458078758202021",
      "t" : 1756458078758,
      "tn" : 1756458078758202021,
      "q" : "5.50",
      "p" : "4.538",
      "s" : "sell",
      "i" : "ATOM_USDT",
      "m" : "4611686018432647597"
    }, {
      "d" : "1756458078758198013",
      "t" : 1756458078758,
      "tn" : 1756458078758198013,
      "q" : "0.44",
      "p" : "4.539",
      "s" : "sell",
      "i" : "ATOM_USDT",
      "m" : "4611686018432647596"
    }, {
      "d" : "1756458078758194486",
      "t" : 1756458078758,
      "tn" : 1756458078758194486,
      "q" : "0.27",
      "p" : "4.540",
      "s" : "sell",
      "i" : "ATOM_USDT",
      "m" : "4611686018432647595"
    }, {
      "d" : "1756458071107207436",
      "t" : 1756458071107,
      "tn" : 1756458071107207436,
      "q" : "8.59",
      "p" : "4.539",
      "s" : "sell",
      "i" : "ATOM_USDT",
      "m" : "4611686018432647594"
    }, {
      "d" : "1756458071107205392",
      "t" : 1756458071107,
      "tn" : 1756458071107205392,
      "q" : "0.27",
      "p" : "4.541",
      "s" : "sell",
      "i" : "ATOM_USDT",
      "m" : "4611686018432647593"
    }, {
      "d" : "1756458067911644501",
      "t" : 1756458067911,
      "tn" : 1756458067911644501,
      "q" : "0.27",
      "p" : "4.541",
      "s" : "buy",
      "i" : "ATOM_USDT",
      "m" : "4611686018432647592"
    }, {
      "d" : "1756458061604868019",
      "t" : 1756458061604,
      "tn" : 1756458061604868019,
      "q" : "0.27",
      "p" : "4.540",
      "s" : "buy",
      "i" : "ATOM_USDT",
      "m" : "4611686018432647591"
    }, {
      "d" : "1756458060974073782",
      "t" : 1756458060974,
      "tn" : 1756458060974073782,
      "q" : "0.27",
      "p" : "4.540",
      "s" : "sell",
      "i" : "ATOM_USDT",
      "m" : "4611686018432647590"
    }, {
      "d" : "1756458041082493585",
      "t" : 1756458041082,
      "tn" : 1756458041082493585,
      "q" : "0.27",
      "p" : "4.544",
      "s" : "buy",
      "i" : "ATOM_USDT",
      "m" : "4611686018432647589"
    }, {
      "d" : "1756458034727870996",
      "t" : 1756458034727,
      "tn" : 1756458034727870996,
      "q" : "0.27",
      "p" : "4.545",
      "s" : "buy",
      "i" : "ATOM_USDT",
      "m" : "4611686018432647588"
    }, {
      "d" : "1756458033814052496",
      "t" : 1756458033814,
      "tn" : 1756458033814052496,
      "q" : "0.44",
      "p" : "4.546",
      "s" : "sell",
      "i" : "ATOM_USDT",
      "m" : "4611686018432647587"
    }, {
      "d" : "1756458028405728097",
      "t" : 1756458028405,
      "tn" : 1756458028405728096,
      "q" : "0.27",
      "p" : "4.547",
      "s" : "buy",
      "i" : "ATOM_USDT",
      "m" : "4611686018432647586"
    }, {
      "d" : "1756458028405728096",
      "t" : 1756458028405,
      "tn" : 1756458028405728096,
      "q" : "0.44",
      "p" : "4.547",
      "s" : "buy",
      "i" : "ATOM_USDT",
      "m" : "4611686018432647586"
    }, {
      "d" : "1756458024557426643",
      "t" : 1756458024557,
      "tn" : 1756458024557426643,
      "q" : "0.27",
      "p" : "4.545",
      "s" : "buy",
      "i" : "ATOM_USDT",
      "m" : "4611686018432647585"
    }, {
      "d" : "1756458024228807810",
      "t" : 1756458024228,
      "tn" : 1756458024228807810,
      "q" : "0.27",
      "p" : "4.545",
      "s" : "buy",
      "i" : "ATOM_USDT",
      "m" : "4611686018432647584"
    }, {
      "d" : "1756458024178779056",
      "t" : 1756458024178,
      "tn" : 1756458024178779056,
      "q" : "0.27",
      "p" : "4.545",
      "s" : "buy",
      "i" : "ATOM_USDT",
      "m" : "4611686018432647583"
    }, {
      "d" : "1756458024123639678",
      "t" : 1756458024123,
      "tn" : 1756458024123639678,
      "q" : "0.27",
      "p" : "4.545",
      "s" : "buy",
      "i" : "ATOM_USDT",
      "m" : "4611686018432647582"
    }, {
      "d" : "1756458024058615366",
      "t" : 1756458024058,
      "tn" : 1756458024058615366,
      "q" : "0.27",
      "p" : "4.545",
      "s" : "buy",
      "i" : "ATOM_USDT",
      "m" : "4611686018432647581"
    }, {
      "d" : "1756458024028603674",
      "t" : 1756458024028,
      "tn" : 1756458024028603674,
      "q" : "0.27",
      "p" : "4.545",
      "s" : "buy",
      "i" : "ATOM_USDT",
      "m" : "4611686018432647580"
    }, {
      "d" : "1756458023769911264",
      "t" : 1756458023769,
      "tn" : 1756458023769911264,
      "q" : "0.27",
      "p" : "4.545",
      "s" : "buy",
      "i" : "ATOM_USDT",
      "m" : "4611686018432647579"
    }, {
      "d" : "1756458021717939161",
      "t" : 1756458021717,
      "tn" : 1756458021717939161,
      "q" : "0.27",
      "p" : "4.545",
      "s" : "buy",
      "i" : "ATOM_USDT",
      "m" : "4611686018432647578"
    }, {
      "d" : "1756458021667936234",
      "t" : 1756458021667,
      "tn" : 1756458021667936234,
      "q" : "0.27",
      "p" : "4.545",
      "s" : "buy",
      "i" : "ATOM_USDT",
      "m" : "4611686018432647577"
    }, {
      "d" : "1756458004615627497",
      "t" : 1756458004615,
      "tn" : 1756458004615627497,
      "q" : "0.44",
      "p" : "4.546",
      "s" : "sell",
      "i" : "ATOM_USDT",
      "m" : "4611686018432647576"
    }, {
      "d" : "1756457973382388109",
      "t" : 1756457973382,
      "tn" : 1756457973382388109,
      "q" : "13.01",
      "p" : "4.544",
      "s" : "sell",
      "i" : "ATOM_USDT",
      "m" : "4611686018432647575"
    }, {
      "d" : "1756457973382385971",
      "t" : 1756457973382,
      "tn" : 1756457973382385971,
      "q" : "0.27",
      "p" : "4.547",
      "s" : "sell",
      "i" : "ATOM_USDT",
      "m" : "4611686018432647574"
    }, {
      "d" : "1756457963054629910",
      "t" : 1756457963054,
      "tn" : 1756457963054629910,
      "q" : "19.63",
      "p" : "4.544",
      "s" : "sell",
      "i" : "ATOM_USDT",
      "m" : "4611686018432647573"
    }, {
      "d" : "1756457963054628084",
      "t" : 1756457963054,
      "tn" : 1756457963054628084,
      "q" : "0.27",
      "p" : "4.546",
      "s" : "sell",
      "i" : "ATOM_USDT",
      "m" : "4611686018432647572"
    }, {
      "d" : "1756457955352796818",
      "t" : 1756457955352,
      "tn" : 1756457955352796818,
      "q" : "8.71",
      "p" : "4.542",
      "s" : "sell",
      "i" : "ATOM_USDT",
      "m" : "4611686018432647571"
    }, {
      "d" : "1756457955352795153",
      "t" : 1756457955352,
      "tn" : 1756457955352795153,
      "q" : "118.78",
      "p" : "4.543",
      "s" : "sell",
      "i" : "ATOM_USDT",
      "m" : "4611686018432647570"
    }, {
      "d" : "1756457955352792039",
      "t" : 1756457955352,
      "tn" : 1756457955352792039,
      "q" : "69.35",
      "p" : "4.544",
      "s" : "sell",
      "i" : "ATOM_USDT",
      "m" : "4611686018432647569"
    }, {
      "d" : "1756457955352789090",
      "t" : 1756457955352,
      "tn" : 1756457955352789090,
      "q" : "2.60",
      "p" : "4.545",
      "s" : "sell",
      "i" : "ATOM_USDT",
      "m" : "4611686018432647568"
    }, {
      "d" : "1756457955352785672",
      "t" : 1756457955352,
      "tn" : 1756457955352785672,
      "q" : "0.27",
      "p" : "4.546",
      "s" : "sell",
      "i" : "ATOM_USDT",
      "m" : "4611686018432647567"
    } ]
  }
}