{
  "id" : -1,
  "method" : "public/get-trades",
  "code" : 0,
  "result" : {
    "data" : [ {
      "d" : "1756460235100386355",
      "t" : 1756460235100,
      "tn" : 1756460235100386355,
      "q" : "0.1",
      "p" : "4.562",
      "s" : "buy",
      "i" : "ATOMUSD-PERP",
      "m" : "4611686018432076359"
    }, {
      "d" : "1756460191370301799",
      "t" : 1756460191370,
      "tn" : 1756460191370301799,
      "q" : "0.1",
      "p" : "4.566",
      "s" : "sell",
      "i" : "ATOMUSD-PERP",
      "m" : "4611686018432076358"
    }, {
      "d" : "1756460187541535226",
      "t" : 1756460187541,
      "tn" : 1756460187541535226,
      "q" : "0.1",
      "p" : "4.567",
      "s" : "buy",
      "i" : "ATOMUSD-PERP",
      "m" : "4611686018432076357"
    }, {
      "d" : "1756460186756917277",
      "t" : 1756460186756,
      "tn" : 1756460186756917277,
      "q" : "0.1",
      "p" : "4.566",
      "s" : "buy",
      "i" : "ATOMUSD-PERP",
      "m" : "4611686018432076356"
    }, {
      "d" : "1756460185773668516",
      "t" : 1756460185773,
      "tn" : 1756460185773668516,
      "q" : "0.1",
      "p" : "4.564",
      "s" : "buy",
      "i" : "ATOMUSD-PERP",
      "m" : "4611686018432076355"
    }, {
      "d" : "1756460183005387519",
      "t" : 1756460183005,
      "tn" : 1756460183005387519,
      "q" : "0.1",
      "p" : "4.561",
      "s" : "buy",
      "i" : "ATOMUSD-PERP",
      "m" : "4611686018432076354"
    }, {
      "d" : "1756460135770797271",
      "t" : 1756460135770,
      "tn" : 1756460135770797271,
      "q" : "0.1",
      "p" : "4.562",
      "s" : "buy",
      "i" : "ATOMUSD-PERP",
      "m" : "4611686018432076353"
    }, {
      "d" : "1756460101987895241",
      "t" : 1756460101987,
      "tn" : 1756460101987895241,
      "q" : "0.1",
      "p" : "4.559",
      "s" : "buy",
      "i" : "ATOMUSD-PERP",
      "m" : "4611686018432076352"
    }, {
      "d" : "1756460050188829836",
      "t" : 1756460050188,
      "tn" : 1756460050188829835,
      "q" : "21.1",
      "p" : "4.559",
      "s" : "buy",
      "i" : "ATOMUSD-PERP",
      "m" : "4611686018432076351"
    }, {
      "d" : "1756460050188829835",
      "t" : 1756460050188,
      "tn" : 1756460050188829835,
      "q" : "0.1",
      "p" : "4.559",
      "s" : "buy",
      "i" : "ATOMUSD-PERP",
      "m" : "4611686018432076351"
    }, {
      "d" : "1756458322951852465",
      "t" : 1756458322951,
      "tn" : 1756458322951852465,
      "q" : "149.9",
      "p" : "4.528",
      "s" : "sell",
      "i" : "ATOMUSD-PERP",
      "m" : "4611686018432076350"
    }, {
      "d" : "1756458322951850391",
      "t" : 1756458322951,
      "tn" : 1756458322951850391,
      "q" : "0.1",
      "p" : "4.530",
      "s" : "sell",
      "i" : "ATOMUSD-PERP",
      "m" : "4611686018432076349"
    }, {
      "d" : "1756458174949896449",
      "t" : 1756458174949,
      "tn" : 1756458174949896449,
      "q" : "78.7",
      "p" : "4.521",
      "s" : "sell",
      "i" : "ATOMUSD-PERP",
      "m" : "4611686018432076348"
    }, {
      "d" : "1756458174947793044",
      "t" : 1756458174947,
      "tn" : 1756458174947793043,
      "q" : "0.1",
      "p" : "4.522",
      "s" : "sell",
      "i" : "ATOMUSD-PERP",
      "m" : "4611686018432076347"
    }, {
      "d" : "1756458174947793043",
      "t" : 1756458174947,
      "tn" : 1756458174947793043,
      "q" : "0.1",
      "p" : "4.522",
      "s" : "sell",
      "i" : "ATOMUSD-PERP",
      "m" : "4611686018432076347"
    }, {
      "d" : "1756458172211060959",
      "t" : 1756458172211,
      "tn" : 1756458172211060959,
      "q" : "0.1",
      "p" : "4.524",
      "s" : "sell",
      "i" : "ATOMUSD-PERP",
      "m" : "4611686018432076346"
    }, {
      "d" : "1756458172010210033",
      "t" : 1756458172010,
      "tn" : 1756458172010210033,
      "q" : "0.1",
      "p" : "4.524",
      "s" : "sell",
      "i" : "ATOMUSD-PERP",
      "m" : "4611686018432076345"
    }, {
      "d" : "1756458167872203319",
      "t" : 1756458167872,
      "tn" : 1756458167872203319,
      "q" : "0.1",
      "p" : "4.526",
      "s" : "sell",
      "i" : "ATOMUSD-PERP",
      "m" : "4611686018432076344"
    }, {
      "d" : "1756458144778195453",
      "t" : 1756458144778,
      "tn" : 1756458144778195453,
      "q" : "0.1",
      "p" : "4.532",
      "s" : "sell",
      "i" : "ATOMUSD-PERP",
      "m" : "4611686018432076343"
    }, {
      "d" : "1756458142028725542",
      "t" : 1756458142028,
      "tn" : 1756458142028725542,
      "q" : "0.1",
      "p" : "4.534",
      "s" : "sell",
      "i" : "ATOMUSD-PERP",
      "m" : "4611686018432076342"
    }, {
      "d" : "1756458141337899650",
      "t" : 1756458141337,
      "tn" : 1756458141337899650,
      "q" : "0.1",
      "p" : "4.535",
      "s" : "sell",
      "i" : "ATOMUSD-PERP",
      "m" : "4611686018432076341"
    }, {
      "d" : "1756458135942820348",
      "t" : 1756458135942,
      "tn" : 1756458135942820348,
      "q" : "0.1",
      "p" : "4.537",
      "s" : "sell",
      "i" : "ATOMUSD-PERP",
      "m" : "4611686018432076340"
    }, {
      "d" : "1756458131276691989",
      "t" : 1756458131276,
      "tn" : 1756458131276691989,
      "q" : "0.1",
      "p" : "4.539",
      "s" : "sell",
      "i" : "ATOMUSD-PERP",
      "m" : "4611686018432076339"
    }, {
      "d" : "1756458131157152383",
      "t" : 1756458131157,
      "tn" : 1756458131157152382,
      "q" : "0.1",
      "p" : "4.537",
      "s" : "sell",
      "i" : "ATOMUSD-PERP",
      "m" : "4611686018432076338"
    }, {
      "d" : "1756458131157152382",
      "t" : 1756458131157,
      "tn" : 1756458131157152382,
      "q" : "0.1",
      "p" : "4.537",
      "s" : "sell",
      "i" : "ATOMUSD-PERP",
      "m" : "4611686018432076338"
    }, {
      "d" : "1756458130182992656",
      "t" : 1756458130182,
      "tn" : 1756458130182992656,
      "q" : "0.1",
      "p" : "4.538",
      "s" : "sell",
      "i" : "ATOMUSD-PERP",
      "m" : "4611686018432076337"
    }, {
      "d" : "1756458122946434822",
      "t" : 1756458122946,
      "tn" : 1756458122946434822,
      "q" : "0.1",
      "p" : "4.538",
      "s" : "sell",
      "i" : "ATOMUSD-PERP",
      "m" : "4611686018432076336"
    }, {
      "d" : "1756458122892806963",
      "t" : 1756458122892,
      "tn" : 1756458122892806962,
      "q" : "0.1",
      "p" : "4.536",
      "s" : "sell",
      "i" : "ATOMUSD-PERP",
      "m" : "4611686018432076335"
    }, {
      "d" : "1756458122892806962",
      "t" : 1756458122892,
      "tn" : 1756458122892806962,
      "q" : "0.1",
      "p" : "4.536",
      "s" : "sell",
      "i" : "ATOMUSD-PERP",
      "m" : "4611686018432076335"
    }, {
      "d" : "1756458105822039045",
      "t" : 1756458105822,
      "tn" : 1756458105822039045,
      "q" : "0.1",
      "p" : "4.538",
      "s" : "sell",
      "i" : "ATOMUSD-PERP",
      "m" : "4611686018432076334"
    }, {
      "d" : "1756458089402057139",
      "t" : 1756458089402,
      "tn" : 1756458089402057139,
      "q" : "0.1",
      "p" : "4.541",
      "s" : "sell",
      "i" : "ATOMUSD-PERP",
      "m" : "4611686018432076333"
    }, {
      "d" : "1756458076699806956",
      "t" : 1756458076699,
      "tn" : 1756458076699806955,
      "q" : "0.1",
      "p" : "4.539",
      "s" : "sell",
      "i" : "ATOMUSD-PERP",
      "m" : "4611686018432076332"
    }, {
      "d" : "1756458076699806955",
      "t" : 1756458076699,
      "tn" : 1756458076699806955,
      "q" : "0.1",
      "p" : "4.539",
      "s" : "sell",
      "i" : "ATOMUSD-PERP",
      "m" : "4611686018432076332"
    }, {
      "d" : "1756458075655080184",
      "t" : 1756458075655,
      "tn" : 1756458075655080184,
      "q" : "0.1",
      "p" : "4.541",
      "s" : "sell",
      "i" : "ATOMUSD-PERP",
      "m" : "4611686018432076331"
    }, {
      "d" : "1756458073428966626",
      "t" : 1756458073428,
      "tn" : 1756458073428966625,
      "q" : "0.1",
      "p" : "4.540",
      "s" : "sell",
      "i" : "ATOMUSD-PERP",
      "m" : "4611686018432076330"
    }, {
      "d" : "1756458073428966625",
      "t" : 1756458073428,
      "tn" : 1756458073428966625,
      "q" : "0.1",
      "p" : "4.540",
      "s" : "sell",
      "i" : "ATOMUSD-PERP",
      "m" : "4611686018432076330"
    }, {
      "d" : "1756458070573432342",
      "t" : 1756458070573,
      "tn" : 1756458070573432342,
      "q" : "0.1",
      "p" : "4.543",
      "s" : "sell",
      "i" : "ATOMUSD-PERP",
      "m" : "4611686018432076329"
    }, {
      "d" : "1756458060582603555",
      "t" : 1756458060582,
      "tn" : 1756458060582603555,
      "q" : "0.1",
      "p" : "4.541",
      "s" : "sell",
      "i" : "ATOMUSD-PERP",
      "m" : "4611686018432076328"
    }, {
      "d" : "1756458037917723741",
      "t" : 1756458037917,
      "tn" : 1756458037917723741,
      "q" : "0.1",
      "p" : "4.543",
      "s" : "sell",
      "i" : "ATOMUSD-PERP",
      "m" : "4611686018432076327"
    }, {
      "d" : "1756458031625502566",
      "t" : 1756458031625,
      "tn" : 1756458031625502566,
      "q" : "0.1",
      "p" : "4.547",
      "s" : "sell",
      "i" : "ATOMUSD-PERP",
      "m" : "4611686018432076326"
    }, {
      "d" : "1756458024519726573",
      "t" : 1756458024519,
      "tn" : 1756458024519726573,
      "q" : "0.1",
      "p" : "4.545",
      "s" : "sell",
      "i" : "ATOMUSD-PERP",
      "m" : "4611686018432076325"
    }, {
      "d" : "1756458021662822791",
      "t" : 1756458021662,
      "tn" : 1756458021662822790,
      "q" : "0.1",
      "p" : "4.544",
      "s" : "sell",
      "i" : "ATOMUSD-PERP",
      "m" : "4611686018432076324"
    }, {
      "d" : "1756458021662822790",
      "t" : 1756458021662,
      "tn" : 1756458021662822790,
      "q" : "0.1",
      "p" : "4.544",
      "s" : "sell",
      "i" : "ATOMUSD-PERP",
      "m" : "4611686018432076324"
    }, {
      "d" : "1756457923867771027",
      "t" : 1756457923867,
      "tn" : 1756457923867771026,
      "q" : "0.1",
      "p" : "4.543",
      "s" : "sell",
      "i" : "ATOMUSD-PERP",
      "m" : "4611686018432076323"
    }, {
      "d" : "1756457923867771026",
      "t" : 1756457923867,
      "tn" : 1756457923867771026,
      "q" : "0.1",
      "p" : "4.543",
      "s" : "sell",
      "i" : "ATOMUSD-PERP",
      "m" : "4611686018432076323"
    }, {
      "d" : "1756457921341182865",
      "t" : 1756457921341,
      "tn" : 1756457921341182865,
      "q" : "0.1",
      "p" : "4.544",
      "s" : "sell",
      "i" : "ATOMUSD-PERP",
      "m" : "4611686018432076322"
    }, {
      "d" : "1756457844800158613",
      "t" : 1756457844800,
      "tn" : 1756457844800158613,
      "q" : "0.1",
      "p" : "4.542",
      "s" : "sell",
      "i" : "ATOMUSD-PERP",
      "m" : "4611686018432076321"
    }, {
      "d" : "1756457829642304363",
      "t" : 1756457829642,
      "tn" : 1756457829642304363,
      "q" : "0.1",
      "p" : "4.544",
      "s" : "sell",
      "i" : "ATOMUSD-PERP",
      "m" : "4611686018432076320"
    }, {
      "d" : "1756457829470032761",
      "t" : 1756457829470,
      "tn" : 1756457829470032761,
      "q" : "0.1",
      "p" : "4.545",
      "s" : "sell",
      "i" : "ATOMUSD-PERP",
      "m" : "4611686018432076319"
    }, {
      "d" : "1756457820772000687",
      "t" : 1756457820772,
      "tn" : 1756457820772000687,
      "q" : "0.1",
      "p" : "4.547",
      "s" : "sell",
      "i" : "ATOMUSD-PERP",
      "m" : "4611686018432076318"
    }, {
      "d" : "1756457740906372652",
      "t" : 1756457740906,
      "tn" : 1756457740906372651,
      "q" : "247.9",
      "p" : "4.548",
      "s" : "sell",
      "i" : "ATOMUSD-PERP",
      "m" : "4611686018432076317"
    }, {
      "d" : "1756457740906372651",
      "t" : 1756457740906,
      "tn" : 1756457740906372651,
      "q" : "27.4",
      "p" : "4.548",
      "s" : "sell",
      "i" : "ATOMUSD-PERP",
      "m" : "4611686018432076317"
    }, {
      "d" : "1756457740905923346",
      "t" : 1756457740905,
      "tn" : 1756457740905923346,
      "q" : "207.4",
      "p" : "4.549",
      "s" : "sell",
      "i" : "ATOMUSD-PERP",
      "m" : "4611686018432076316"
    }, {
      "d" : "1756457740905529445",
      "t" : 1756457740905,
      "tn" : 1756457740905529445,
      "q" : "121.2",
      "p" : "4.549",
      "s" : "sell",
      "i" : "ATOMUSD-PERP",
      "m" : "4611686018432076315"
    }, {
      "d" : "1756457740905501748",
      "t" : 1756457740905,
      "tn" : 1756457740905501747,
      "q" : "0.5",
      "p" : "4.550",
      "s" : "sell",
      "i" : "ATOMUSD-PERP",
      "m" : "4611686018432076314"
    }, {
      "d" : "1756457740905501747",
      "t" : 1756457740905,
      "tn" : 1756457740905501747,
      "q" : "24.7",
      "p" : "4.550",
      "s" : "sell",
      "i" : "ATOMUSD-PERP",
      "m" : "4611686018432076314"
    }, {
      "d" : "1756457740905495460",
      "t" : 1756457740905,
      "tn" : 1756457740905495460,
      "q" : "2.9",
      "p" : "4.550",
      "s" : "sell",
      "i" : "ATOMUSD-PERP",
      "m" : "4611686018432076313"
    }, {
      "d" : "1756457740905493457",
      "t" : 1756457740905,
      "tn" : 1756457740905493456,
      "q" : "261.1",
      "p" : "4.551",
      "s" : "sell",
      "i" : "ATOMUSD-PERP",
      "m" : "4611686018432076312"
    }, {
      "d" : "1756457740905493456",
      "t" : 1756457740905,
      "tn" : 1756457740905493456,
      "q" : "27.4",
      "p" : "4.551",
      "s" : "sell",
      "i" : "ATOMUSD-PERP",
      "m" : "4611686018432076312"
    }, {
      "d" : "1756457740905489753",
      "t" : 1756457740905,
      "tn" : 1756457740905489753,
      "q" : "43.9",
      "p" : "4.552",
      "s" : "sell",
      "i" : "ATOMUSD-PERP",
      "m" : "4611686018432076311"
    }, {
      "d" : "1756457740905486540",
      "t" : 1756457740905,
      "tn" : 1756457740905486540,
      "q" : "25.0",
      "p" : "4.553",
      "s" : "sell",
      "i" : "ATOMUSD-PERP",
      "m" : "4611686018432076310"
    }, {
      "d" : "1756457740905484857",
      "t" : 1756457740905,
      "tn" : 1756457740905484856,
      "q" : "0.1",
      "p" : "4.554",
      "s" : "sell",
      "i" : "ATOMUSD-PERP",
      "m" : "4611686018432076309"
    }, {
      "d" : "1756457740905484856",
      "t" : 1756457740905,
      "tn" : 1756457740905484856,
      "q" : "0.1",
      "p" : "4.554",
      "s" : "sell",
      "i" : "ATOMUSD-PERP",
      "m" : "4611686018432076309"
    }, {
      "d" : "1756457046781331979",
      "t" : 1756457046781,
      "tn" : 1756457046781331979,
      "q" : "0.1",
      "p" : "4.571",
      "s" : "sell",
      "i" : "ATOMUSD-PERP",
      "m" : "4611686018432076308"
    }, {
      "d" : "1756456329987136081",
      "t" : 1756456329987,
      "tn" : 1756456329987136080,
      "q" : "16.2",
      "p" : "4.585",
      "s" : "buy",
      "i" : "ATOMUSD-PERP",
      "m" : "4611686018432076307"
    }, {
      "d" : "1756456329987136080",
      "t" : 1756456329987,
      "tn" : 1756456329987136080,
      "q" : "0.1",
      "p" : "4.585",
      "s" : "buy",
      "i" : "ATOMUSD-PERP",
      "m" : "4611686018432076307"
    }, {
      "d" : "1756456329987133526",
      "t" : 1756456329987,
      "tn" : 1756456329987133526,
      "q" : "25.0",
      "p" : "4.583",
      "s" : "buy",
      "i" : "ATOMUSD-PERP",
      "m" : "4611686018432076306"
    }, {
      "d" : "1756456303757146956",
      "t" : 1756456303757,
      "tn" : 1756456303757146956,
      "q" : "0.1",
      "p" : "4.578",
      "s" : "sell",
      "i" : "ATOMUSD-PERP",
      "m" : "4611686018432076305"
    }, {
      "d" : "1756455970889928933",
      "t" : 1756455970889,
      "tn" : 1756455970889928933,
      "q" : "24.7",
      "p" : "4.576",
      "s" : "buy",
      "i" : "ATOMUSD-PERP",
      "m" : "4611686018432076304"
    }, {
      "d" : "1756455970840844055",
      "t" : 1756455970840,
      "tn" : 1756455970840844055,
      "q" : "0.1",
      "p" : "4.575",
      "s" : "buy",
      "i" : "ATOMUSD-PERP",
      "m" : "4611686018432076303"
    }, {
      "d" : "1756455970723482714",
      "t" : 1756455970723,
      "tn" : 1756455970723482714,
      "q" : "0.1",
      "p" : "4.574",
      "s" : "buy",
      "i" : "ATOMUSD-PERP",
      "m" : "4611686018432076302"
    }, {
      "d" : "1756455965658269700",
      "t" : 1756455965658,
      "tn" : 1756455965658269700,
      "q" : "0.1",
      "p" : "4.574",
      "s" : "buy",
      "i" : "ATOMUSD-PERP",
      "m" : "4611686018432076301"
    }, {
      "d" : "1756455965082744143",
      "t" : 1756455965082,
      "tn" : 1756455965082744143,
      "q" : "0.1",
      "p" : "4.573",
      "s" : "buy",
      "i" : "ATOMUSD-PERP",
      "m" : "4611686018432076300"
    }, {
      "d" : "1756455964970891356",
      "t" : 1756455964970,
      "tn" : 1756455964970891356,
      "q" : "0.1",
      "p" : "4.572",
      "s" : "buy",
      "i" : "ATOMUSD-PERP",
      "m" : "4611686018432076299"
    }, {
      "d" : "1756455964524043005",
      "t" : 1756455964524,
      "tn" : 1756455964524043005,
      "q" : "0.1",
      "p" : "4.570",
      "s" : "buy",
      "i" : "ATOMUSD-PERP",
      "m" : "4611686018432076298"
    }, {
      "d" : "1756455962008479957",
      "t" : 1756455962008,
      "tn" : 1756455962008479957,
      "q" : "0.1",
      "p" : "4.568",
      "s" : "buy",
      "i" : "ATOMUSD-PERP",
      "m" : "4611686018432076297"
    }, {
      "d" : "1756455934463856483",
      "t" : 1756455934463,
      "tn" : 1756455934463856483,
      "q" : "0.1",
      "p" : "4.566",
      "s" : "buy",
      "i" : "ATOMUSD-PERP",
      "m" : "4611686018432076296"
    }, {
      "d" : "1756455911718296120",
      "t" : 1756455911718,
      "tn" : 1756455911718296120,
      "q" : "0.1",
      "p" : "4.563",
      "s" : "buy",
      "i" : "ATOMUSD-PERP",
      "m" : "4611686018432076295"
    }, {
      "d" : "1756455842817950956",
      "t" : 1756455842817,
      "tn" : 1756455842817950956,
      "q" : "0.1",
      "p" : "4.567",
      "s" : "buy",
      "i" : "ATOMUSD-PERP",
      "m" : "4611686018432076294"
    }, {
      "d" : "1756455815098535214",
      "t" : 1756455815098,
      "tn" : 1756455815098535214,
      "q" : "0.1",
      "p" : "4.568",
      "s" : "buy",
      "i" : "ATOMUSD-PERP",
      "m" : "4611686018432076293"
    }, {
      "d" : "1756455796382572808",
      "t" : 1756455796382,
      "tn" : 1756455796382572808,
      "q" : "0.1",
      "p" : "4.568",
      "s" : "buy",
      "i" : "ATOMUSD-PERP",
      "m" : "4611686018432076292"
    }, {
      "d" : "1756455782625767050",
      "t" : 1756455782625,
      "tn" : 1756455782625767050,
      "q" : "0.1",
      "p" : "4.568",
      "s" : "buy",
      "i" : "ATOMUSD-PERP",
      "m" : "4611686018432076291"
    }, {
      "d" : "1756455770664438590",
      "t" : 1756455770664,
      "tn" : 1756455770664438590,
      "q" : "0.1",
      "p" : "4.568",
      "s" : "buy",
      "i" : "ATOMUSD-PERP",
      "m" : "4611686018432076290"
    }, {
      "d" : "1756455737245020873",
      "t" : 1756455737245,
      "tn" : 1756455737245020873,
      "q" : "0.1",
      "p" : "4.571",
      "s" : "buy",
      "i" : "ATOMUSD-PERP",
      "m" : "4611686018432076289"
    }, {
      "d" : "1756455734528582772",
      "t" : 1756455734528,
      "tn" : 1756455734528582772,
      "q" : "0.1",
      "p" : "4.569",
      "s" : "buy",
      "i" : "ATOMUSD-PERP",
      "m" : "4611686018432076288"
    }, {
      "d" : "1756455723846039291",
      "t" : 1756455723846,
      "tn" : 1756455723846039291,
      "q" : "0.1",
      "p" : "4.567",
      "s" : "buy",
      "i" : "ATOMUSD-PERP",
      "m" : "4611686018432076287"
    }, {
      "d" : "1756455711576216628",
      "t" : 1756455711576,
      "tn" : 1756455711576216628,
      "q" : "0.1",
      "p" : "4.568",
      "s" : "buy",
      "i" : "ATOMUSD-PERP",
      "m" : "4611686018432076286"
    }, {
      "d" : "1756455708064731675",
      "t" : 1756455708064,
      "tn" : 1756455708064731675,
      "q" : "0.1",
      "p" : "4.566",
      "s" : "buy",
      "i" : "ATOMUSD-PERP",
      "m" : "4611686018432076285"
    }, {
      "d" : "1756455707934638126",
      "t" : 1756455707934,
      "tn" : 1756455707934638126,
      "q" : "0.1",
      "p" : "4.565",
      "s" : "buy",
      "i" : "ATOMUSD-PERP",
      "m" : "4611686018432076284"
    }, {
      "d" : "1756455707198657520",
      "t" : 1756455707198,
      "tn" : 1756455707198657520,
      "q" : "0.1",
      "p" : "4.565",
      "s" : "buy",
      "i" : "ATOMUSD-PERP",
      "m" : "4611686018432076283"
    }, {
      "d" : "1756455699759629827",
      "t" : 1756455699759,
      "tn" : 1756455699759629827,
      "q" : "24.9",
      "p" : "4.565",
      "s" : "buy",
      "i" : "ATOMUSD-PERP",
      "m" : "4611686018432076282"
    }, {
      "d" : "1756455699643752126",
      "t" : 1756455699643,
      "tn" : 1756455699643752126,
      "q" : "0.1",
      "p" : "4.563",
      "s" : "buy",
      "i" : "ATOMUSD-PERP",
      "m" : "4611686018432076281"
    }, {
      "d" : "1756455684367074556",
      "t" : 1756455684367,
      "tn" : 1756455684367074556,
      "q" : "0.1",
      "p" : "4.561",
      "s" : "buy",
      "i" : "ATOMUSD-PERP",
      "m" : "4611686018432076280"
    }, {
      "d" : "1756455643914930125",
      "t" : 1756455643914,
      "tn" : 1756455643914930125,
      "q" : "0.1",
      "p" : "4.567",
      "s" : "buy",
      "i" : "ATOMUSD-PERP",
      "m" : "4611686018432076279"
    }, {
      "d" : "1756455638700493307",
      "t" : 1756455638700,
      "tn" : 1756455638700493307,
      "q" : "0.1",
      "p" : "4.569",
      "s" : "buy",
      "i" : "ATOMUSD-PERP",
      "m" : "4611686018432076278"
    }, {
      "d" : "1756455638520292099",
      "t" : 1756455638520,
      "tn" : 1756455638520292099,
      "q" : "0.1",
      "p" : "4.571",
      "s" : "buy",
      "i" : "ATOMUSD-PERP",
      "m" : "4611686018432076277"
    }, {
      "d" : "1756455638141103634",
      "t" : 1756455638141,
      "tn" : 1756455638141103634,
      "q" : "0.1",
      "p" : "4.570",
      "s" : "buy",
      "i" : "ATOMUSD-PERP",
      "m" : "4611686018432076276"
    }, {
      "d" : "1756455637443036908",
      "t" : 1756455637443,
      "tn" : 1756455637443036908,
      "q" : "0.1",
      "p" : "4.569",
      "s" : "buy",
      "i" : "ATOMUSD-PERP",
      "m" : "4611686018432076275"
    }, {
      "d" : "1756455637111226528",
      "t" : 1756455637111,
      "tn" : 1756455637111226528,
      "q" : "0.1",
      "p" : "4.570",
      "s" : "buy",
      "i" : "ATOMUSD-PERP",
      "m" : "4611686018432076274"
    }, {
      "d" : "1756455636221489440",
      "t" : 1756455636221,
      "tn" : 1756455636221489440,
      "q" : "27.6",
      "p" : "4.571",
      "s" : "buy",
      "i" : "ATOMUSD-PERP",
      "m" : "4611686018432076273"
    }, {
      "d" : "1756455636221487209",
      "t" : 1756455636221,
      "tn" : 1756455636221487209,
      "q" : "0.1",
      "p" : "4.567",
      "s" : "buy",
      "i" : "ATOMUSD-PERP",
      "m" : "4611686018432076272"
    }, {
      "d" : "1756455442067565364",
      "t" : 1756455442067,
      "tn" : 1756455442067565364,
      "q" : "0.1",
      "p" : "4.567",
      "s" : "sell",
      "i" : "ATOMUSD-PERP",
      "m" : "4611686018432076271"
    }, {
      "d" : "1756455438268607223",
      "t" : 1756455438268,
      "tn" : 1756455438268607223,
      "q" : "0.1",
      "p" : "4.568",
      "s" : "sell",
      "i" : "ATOMUSD-PERP",
      "m" : "4611686018432076270"
    }, {
      "d" : "1756455420785466148",
      "t" : 1756455420785,
      "tn" : 1756455420785466148,
      "q" : "0.1",
      "p" : "4.575",
      "s" : "sell",
      "i" : "ATOMUSD-PERP",
      "m" : "4611686018432076269"
    }, {
      "d" : "1756455399308719928",
      "t" : 1756455399308,
      "tn" : 1756455399308719928,
      "q" : "0.1",
      "p" : "4.576",
      "s" : "sell",
      "i" : "ATOMUSD-PERP",
      "m" : "4611686018432076268"
    }, {
      "d" : "1756455399242999837",
      "t" : 1756455399242,
      "tn" : 1756455399242999837,
      "q" : "0.1",
      "p" : "4.576",
      "s" : "sell",
      "i" : "ATOMUSD-PERP",
      "m" : "4611686018432076267"
    }, {
      "d" : "1756455393759894466",
      "t" : 1756455393759,
      "tn" : 1756455393759894466,
      "q" : "0.1",
      "p" : "4.579",
      "s" : "sell",
      "i" : "ATOMUSD-PERP",
      "m" : "4611686018432076266"
    }, {
      "d" : "1756455325377149144",
      "t" : 1756455325377,
      "tn" : 1756455325377149144,
      "q" : "0.1",
      "p" : "4.577",
      "s" : "sell",
      "i" : "ATOMUSD-PERP",
      "m" : "4611686018432076265"
    }, {
      "d" : "1756455324791491345",
      "t" : 1756455324791,
      "tn" : 1756455324791491345,
      "q" : "0.1",
      "p" : "4.578",
      "s" : "sell",
      "i" : "ATOMUSD-PERP",
      "m" : "4611686018432076264"
    }, {
      "d" : "1756455250730833019",
      "t" : 1756455250730,
      "tn" : 1756455250730833019,
      "q" : "0.1",
      "p" : "4.581",
      "s" : "sell",
      "i" : "ATOMUSD-PERP",
      "m" : "4611686018432076263"
    }, {
      "d" : "1756455224395617516",
      "t" : 1756455224395,
      "tn" : 1756455224395617516,
      "q" : "0.1",
      "p" : "4.582",
      "s" : "sell",
      "i" : "ATOMUSD-PERP",
      "m" : "4611686018432076262"
    }, {
      "d" : "1756455221923918947",
      "t" : 1756455221923,
      "tn" : 1756455221923918947,
      "q" : "0.1",
      "p" : "4.583",
      "s" : "sell",
      "i" : "ATOMUSD-PERP",
      "m" : "4611686018432076261"
    }, {
      "d" : "1756455216030606731",
      "t" : 1756455216030,
      "tn" : 1756455216030606731,
      "q" : "0.1",
      "p" : "4.582",
      "s" : "sell",
      "i" : "ATOMUSD-PERP",
      "m" : "4611686018432076260"
    }, {
      "d" : "1756455204683664458",
      "t" : 1756455204683,
      "tn" : 1756455204683664458,
      "q" : "0.1",
      "p" : "4.579",
      "s" : "sell",
      "i" : "ATOMUSD-PERP",
      "m" : "4611686018432076259"
    }, {
      "d" : "1756455200310256142",
      "t" : 1756455200310,
      "tn" : 1756455200310256142,
      "q" : "0.1",
      "p" : "4.578",
      "s" : "sell",
      "i" : "ATOMUSD-PERP",
      "m" : "4611686018432076258"
    }, {
      "d" : "1756455192179427643",
      "t" : 1756455192179,
      "tn" : 1756455192179427641,
      "q" : "0.1",
      "p" : "4.578",
      "s" : "sell",
      "i" : "ATOMUSD-PERP",
      "m" : "4611686018432076257"
    }, {
      "d" : "1756455192179427642",
      "t" : 1756455192179,
      "tn" : 1756455192179427641,
      "q" : "25.0",
      "p" : "4.578",
      "s" : "sell",
      "i" : "ATOMUSD-PERP",
      "m" : "4611686018432076257"
    }, {
      "d" : "1756455192179427641",
      "t" : 1756455192179,
      "tn" : 1756455192179427641,
      "q" : "0.1",
      "p" : "4.578",
      "s" : "sell",
      "i" : "ATOMUSD-PERP",
      "m" : "4611686018432076257"
    }, {
      "d" : "1756455189190499203",
      "t" : 1756455189190,
      "tn" : 1756455189190499203,
      "q" : "0.1",
      "p" : "4.581",
      "s" : "sell",
      "i" : "ATOMUSD-PERP",
      "m" : "4611686018432076256"
    }, {
      "d" : "1756455117392911031",
      "t" : 1756455117392,
      "tn" : 1756455117392911031,
      "q" : "0.1",
      "p" : "4.578",
      "s" : "sell",
      "i" : "ATOMUSD-PERP",
      "m" : "4611686018432076255"
    }, {
      "d" : "1756455089068596316",
      "t" : 1756455089068,
      "tn" : 1756455089068596316,
      "q" : "0.1",
      "p" : "4.581",
      "s" : "sell",
      "i" : "ATOMUSD-PERP",
      "m" : "4611686018432076254"
    }, {
      "d" : "1756455088977237953",
      "t" : 1756455088977,
      "tn" : 1756455088977237953,
      "q" : "0.1",
      "p" : "4.581",
      "s" : "sell",
      "i" : "ATOMUSD-PERP",
      "m" : "4611686018432076253"
    }, {
      "d" : "1756455054229862473",
      "t" : 1756455054229,
      "tn" : 1756455054229862473,
      "q" : "0.1",
      "p" : "4.578",
      "s" : "sell",
      "i" : "ATOMUSD-PERP",
      "m" : "4611686018432076252"
    }, {
      "d" : "1756455046678797506",
      "t" : 1756455046678,
      "tn" : 1756455046678797506,
      "q" : "0.1",
      "p" : "4.581",
      "s" : "sell",
      "i" : "ATOMUSD-PERP",
      "m" : "4611686018432076251"
    }, {
      "d" : "1756455042243262018",
      "t" : 1756455042243,
      "tn" : 1756455042243262018,
      "q" : "0.1",
      "p" : "4.584",
      "s" : "sell",
      "i" : "ATOMUSD-PERP",
      "m" : "4611686018432076250"
    }, {
      "d" : "1756455027556012879",
      "t" : 1756455027556,
      "tn" : 1756455027556012879,
      "q" : "0.1",
      "p" : "4.587",
      "s" : "sell",
      "i" : "ATOMUSD-PERP",
      "m" : "4611686018432076249"
    }, {
      "d" : "1756455000650160449",
      "t" : 1756455000650,
      "tn" : 1756455000650160449,
      "q" : "0.1",
      "p" : "4.585",
      "s" : "sell",
      "i" : "ATOMUSD-PERP",
      "m" : "4611686018432076248"
    }, {
      "d" : "1756454990881116649",
      "t" : 1756454990881,
      "tn" : 1756454990881116649,
      "q" : "0.1",
      "p" : "4.586",
      "s" : "sell",
      "i" : "ATOMUSD-PERP",
      "m" : "4611686018432076247"
    }, {
      "d" : "1756454979059220595",
      "t" : 1756454979059,
      "tn" : 1756454979059220595,
      "q" : "3.1",
      "p" : "4.583",
      "s" : "sell",
      "i" : "ATOMUSD-PERP",
      "m" : "4611686018432076246"
    }, {
      "d" : "1756454979059218909",
      "t" : 1756454979059,
      "tn" : 1756454979059218909,
      "q" : "0.1",
      "p" : "4.584",
      "s" : "sell",
      "i" : "ATOMUSD-PERP",
      "m" : "4611686018432076245"
    }, {
      "d" : "1756454975406432846",
      "t" : 1756454975406,
      "tn" : 1756454975406432846,
      "q" : "27.6",
      "p" : "4.581",
      "s" : "sell",
      "i" : "ATOMUSD-PERP",
      "m" : "4611686018432076244"
    }, {
      "d" : "1756454975406431398",
      "t" : 1756454975406,
      "tn" : 1756454975406431398,
      "q" : "0.1",
      "p" : "4.582",
      "s" : "sell",
      "i" : "ATOMUSD-PERP",
      "m" : "4611686018432076243"
    }, {
      "d" : "1756454975404832013",
      "t" : 1756454975404,
      "tn" : 1756454975404832013,
      "q" : "0.1",
      "p" : "4.584",
      "s" : "sell",
      "i" : "ATOMUSD-PERP",
      "m" : "4611686018432076242"
    }, {
      "d" : "1756454973952942872",
      "t" : 1756454973952,
      "tn" : 1756454973952942871,
      "q" : "0.1",
      "p" : "4.590",
      "s" : "sell",
      "i" : "ATOMUSD-PERP",
      "m" : "4611686018432076241"
    }, {
      "d" : "1756454973952942871",
      "t" : 1756454973952,
      "tn" : 1756454973952942871,
      "q" : "0.5",
      "p" : "4.590",
      "s" : "sell",
      "i" : "ATOMUSD-PERP",
      "m" : "4611686018432076241"
    }, {
      "d" : "1756454973952939969",
      "t" : 1756454973952,
      "tn" : 1756454973952939969,
      "q" : "0.1",
      "p" : "4.593",
      "s" : "sell",
      "i" : "ATOMUSD-PERP",
      "m" : "4611686018432076240"
    }, {
      "d" : "1756452994697607202",
      "t" : 1756452994697,
      "tn" : 1756452994697607202,
      "q" : "35.6",
      "p" : "4.620",
      "s" : "sell",
      "i" : "ATOMUSD-PERP",
      "m" : "4611686018432076239"
    }, {
      "d" : "1756452994690537944",
      "t" : 1756452994690,
      "tn" : 1756452994690537944,
      "q" : "25.0",
      "p" : "4.622",
      "s" : "sell",
      "i" : "ATOMUSD-PERP",
      "m" : "4611686018432076238"
    }, {
      "d" : "1756452994678629964",
      "t" : 1756452994678,
      "tn" : 1756452994678629964,
      "q" : "0.1",
      "p" : "4.623",
      "s" : "sell",
      "i" : "ATOMUSD-PERP",
      "m" : "4611686018432076237"
    }, {
      "d" : "1756452994678235662",
      "t" : 1756452994678,
      "tn" : 1756452994678235662,
      "q" : "0.1",
      "p" : "4.624",
      "s" : "sell",
      "i" : "ATOMUSD-PERP",
      "m" : "4611686018432076236"
    }, {
      "d" : "1756452988717747238",
      "t" : 1756452988717,
      "tn" : 1756452988717747237,
      "q" : "0.1",
      "p" : "4.624",
      "s" : "sell",
      "i" : "ATOMUSD-PERP",
      "m" : "4611686018432076235"
    }, {
      "d" : "1756452988717747237",
      "t" : 1756452988717,
      "tn" : 1756452988717747237,
      "q" : "0.1",
      "p" : "4.624",
      "s" : "sell",
      "i" : "ATOMUSD-PERP",
      "m" : "4611686018432076235"
    }, {
      "d" : "1756452987305890444",
      "t" : 1756452987305,
      "tn" : 1756452987305890443,
      "q" : "0.1",
      "p" : "4.624",
      "s" : "sell",
      "i" : "ATOMUSD-PERP",
      "m" : "4611686018432076234"
    }, {
      "d" : "1756452987305890443",
      "t" : 1756452987305,
      "tn" : 1756452987305890443,
      "q" : "0.1",
      "p" : "4.624",
      "s" : "sell",
      "i" : "ATOMUSD-PERP",
      "m" : "4611686018432076234"
    }, {
      "d" : "1756452985413921488",
      "t" : 1756452985413,
      "tn" : 1756452985413921488,
      "q" : "0.1",
      "p" : "4.625",
      "s" : "sell",
      "i" : "ATOMUSD-PERP",
      "m" : "4611686018432076233"
    }, {
      "d" : "1756452957734760195",
      "t" : 1756452957734,
      "tn" : 1756452957734760195,
      "q" : "0.1",
      "p" : "4.627",
      "s" : "sell",
      "i" : "ATOMUSD-PERP",
      "m" : "4611686018432076232"
    }, {
      "d" : "1756452941380165983",
      "t" : 1756452941380,
      "tn" : 1756452941380165983,
      "q" : "0.1",
      "p" : "4.625",
      "s" : "sell",
      "i" : "ATOMUSD-PERP",
      "m" : "4611686018432076231"
    }, {
      "d" : "1756452938764797851",
      "t" : 1756452938764,
      "tn" : 1756452938764797851,
      "q" : "25.0",
      "p" : "4.622",
      "s" : "sell",
      "i" : "ATOMUSD-PERP",
      "m" : "4611686018432076230"
    }, {
      "d" : "1756452938735612443",
      "t" : 1756452938735,
      "tn" : 1756452938735612443,
      "q" : "0.1",
      "p" : "4.623",
      "s" : "sell",
      "i" : "ATOMUSD-PERP",
      "m" : "4611686018432076229"
    }, {
      "d" : "1756452921502973615",
      "t" : 1756452921502,
      "tn" : 1756452921502973615,
      "q" : "0.1",
      "p" : "4.620",
      "s" : "sell",
      "i" : "ATOMUSD-PERP",
      "m" : "4611686018432076228"
    } ]
  }
}