{
  "id" : -1,
  "method" : "public/get-trades",
  "code" : 0,
  "result" : {
    "data" : [ {
      "d" : "1756460005157091970",
      "t" : 1756460005157,
      "tn" : 1756460005157091970,
      "q" : "13",
      "p" : "0.06230",
      "s" : "buy",
      "i" : "AUDIO_USD",
      "m" : "4611686018430363664"
    }, {
      "d" : "1756460005154384481",
      "t" : 1756460005154,
      "tn" : 1756460005154384481,
      "q" : "321",
      "p" : "0.06230",
      "s" : "buy",
      "i" : "AUDIO_USD",
      "m" : "4611686018430363663"
    }, {
      "d" : "1756460005150388611",
      "t" : 1756460005150,
      "tn" : 1756460005150388611,
      "q" : "1066",
      "p" : "0.06230",
      "s" : "sell",
      "i" : "AUDIO_USD",
      "m" : "4611686018430363662"
    }, {
      "d" : "1756459089304158192",
      "t" : 1756459089304,
      "tn" : 1756459089304158192,
      "q" : "759",
      "p" : "0.06294",
      "s" : "sell",
      "i" : "AUDIO_USD",
      "m" : "4611686018430363661"
    }, {
      "d" : "1756459089301436556",
      "t" : 1756459089301,
      "tn" : 1756459089301436556,
      "q" : "3057",
      "p" : "0.06294",
      "s" : "buy",
      "i" : "AUDIO_USD",
      "m" : "4611686018430363660"
    }, {
      "d" : "1756459068701118586",
      "t" : 1756459068701,
      "tn" : 1756459068701118586,
      "q" : "15749",
      "p" : "0.06255",
      "s" : "sell",
      "i" : "AUDIO_USD",
      "m" : "4611686018430363659"
    }, {
      "d" : "1756459068701115976",
      "t" : 1756459068701,
      "tn" : 1756459068701115976,
      "q" : "3056",
      "p" : "0.06256",
      "s" : "sell",
      "i" : "AUDIO_USD",
      "m" : "4611686018430363658"
    }, {
      "d" : "1756456931605097939",
      "t" : 1756456931605,
      "tn" : 1756456931605097939,
      "q" : "6836",
      "p" : "0.06306",
      "s" : "buy",
      "i" : "AUDIO_USD",
      "m" : "4611686018430363657"
    }, {
      "d" : "1756456931605095384",
      "t" : 1756456931605,
      "tn" : 1756456931605095384,
      "q" : "3009",
      "p" : "0.06305",
      "s" : "buy",
      "i" : "AUDIO_USD",
      "m" : "4611686018430363656"
    }, {
      "d" : "1756456254686305532",
      "t" : 1756456254686,
      "tn" : 1756456254686305532,
      "q" : "47",
      "p" : "0.06304",
      "s" : "buy",
      "i" : "AUDIO_USD",
      "m" : "4611686018430363655"
    }, {
      "d" : "1756455069604807681",
      "t" : 1756455069604,
      "tn" : 1756455069604807681,
      "q" : "167",
      "p" : "0.06316",
      "s" : "sell",
      "i" : "AUDIO_USD",
      "m" : "4611686018430363654"
    }, {
      "d" : "1756452899043001227",
      "t" : 1756452899043,
      "tn" : 1756452899043001227,
      "q" : "19180",
      "p" : "0.06338",
      "s" : "sell",
      "i" : "AUDIO_USD",
      "m" : "4611686018430363653"
    }, {
      "d" : "1756452899042915736",
      "t" : 1756452899042,
      "tn" : 1756452899042915736,
      "q" : "95",
      "p" : "0.06338",
      "s" : "sell",
      "i" : "AUDIO_USD",
      "m" : "4611686018430363652"
    }, {
      "d" : "1756452829125409445",
      "t" : 1756452829125,
      "tn" : 1756452829125409445,
      "q" : "3056",
      "p" : "0.06349",
      "s" : "sell",
      "i" : "AUDIO_USD",
      "m" : "4611686018430363651"
    }, {
      "d" : "1756452147610851670",
      "t" : 1756452147610,
      "tn" : 1756452147610851670,
      "q" : "12487",
      "p" : "0.06358",
      "s" : "buy",
      "i" : "AUDIO_USD",
      "m" : "4611686018430363650"
    }, {
      "d" : "1756452147610444555",
      "t" : 1756452147610,
      "tn" : 1756452147610444555,
      "q" : "878",
      "p" : "0.06358",
      "s" : "buy",
      "i" : "AUDIO_USD",
      "m" : "4611686018430363649"
    }, {
      "d" : "1756452147610442418",
      "t" : 1756452147610,
      "tn" : 1756452147610442418,
      "q" : "2274",
      "p" : "0.06357",
      "s" : "buy",
      "i" : "AUDIO_USD",
      "m" : "4611686018430363648"
    }, {
      "d" : "1756451665622967435",
      "t" : 1756451665622,
      "tn" : 1756451665622967435,
      "q" : "326",
      "p" : "0.06356",
      "s" : "sell",
      "i" : "AUDIO_USD",
      "m" : "4611686018430363647"
    }, {
      "d" : "1756446084697603020",
      "t" : 1756446084697,
      "tn" : 1756446084697603020,
      "q" : "782",
      "p" : "0.06444",
      "s" : "buy",
      "i" : "AUDIO_USD",
      "m" : "4611686018430363646"
    }, {
      "d" : "1756444963448887790",
      "t" : 1756444963448,
      "tn" : 1756444963448887790,
      "q" : "7654",
      "p" : "0.06380",
      "s" : "sell",
      "i" : "AUDIO_USD",
      "m" : "4611686018430363645"
    }, {
      "d" : "1756444903309971547",
      "t" : 1756444903309,
      "tn" : 1756444903309971547,
      "q" : "3033",
      "p" : "0.06407",
      "s" : "sell",
      "i" : "AUDIO_USD",
      "m" : "4611686018430363644"
    }, {
      "d" : "1756444712663031672",
      "t" : 1756444712663,
      "tn" : 1756444712663031672,
      "q" : "100",
      "p" : "0.06438",
      "s" : "buy",
      "i" : "AUDIO_USD",
      "m" : "4611686018430363643"
    }, {
      "d" : "1756441995766346118",
      "t" : 1756441995766,
      "tn" : 1756441995766346118,
      "q" : "23",
      "p" : "0.06464",
      "s" : "sell",
      "i" : "AUDIO_USD",
      "m" : "4611686018430363642"
    }, {
      "d" : "1756441374009735220",
      "t" : 1756441374009,
      "tn" : 1756441374009735220,
      "q" : "20",
      "p" : "0.06525",
      "s" : "buy",
      "i" : "AUDIO_USD",
      "m" : "4611686018430363641"
    }, {
      "d" : "1756441312596275399",
      "t" : 1756441312596,
      "tn" : 1756441312596275399,
      "q" : "500",
      "p" : "0.06533",
      "s" : "buy",
      "i" : "AUDIO_USD",
      "m" : "4611686018430363640"
    }, {
      "d" : "1756437840071417343",
      "t" : 1756437840071,
      "tn" : 1756437840071417343,
      "q" : "1023",
      "p" : "0.06476",
      "s" : "buy",
      "i" : "AUDIO_USD",
      "m" : "4611686018430363639"
    }, {
      "d" : "1756436314842440509",
      "t" : 1756436314842,
      "tn" : 1756436314842440509,
      "q" : "374",
      "p" : "0.06516",
      "s" : "buy",
      "i" : "AUDIO_USD",
      "m" : "4611686018430363638"
    }, {
      "d" : "1756435870905931872",
      "t" : 1756435870905,
      "tn" : 1756435870905931872,
      "q" : "124",
      "p" : "0.06439",
      "s" : "sell",
      "i" : "AUDIO_USD",
      "m" : "4611686018430363637"
    }, {
      "d" : "1756434578259142845",
      "t" : 1756434578259,
      "tn" : 1756434578259142845,
      "q" : "347",
      "p" : "0.06456",
      "s" : "buy",
      "i" : "AUDIO_USD",
      "m" : "4611686018430363636"
    }, {
      "d" : "1756434578176664472",
      "t" : 1756434578176,
      "tn" : 1756434578176664472,
      "q" : "347",
      "p" : "0.06456",
      "s" : "buy",
      "i" : "AUDIO_USD",
      "m" : "4611686018430363635"
    }, {
      "d" : "1756434197854163310",
      "t" : 1756434197854,
      "tn" : 1756434197854163310,
      "q" : "213",
      "p" : "0.06417",
      "s" : "sell",
      "i" : "AUDIO_USD",
      "m" : "4611686018430363634"
    }, {
      "d" : "1756429721247626404",
      "t" : 1756429721247,
      "tn" : 1756429721247626404,
      "q" : "150",
      "p" : "0.06437",
      "s" : "sell",
      "i" : "AUDIO_USD",
      "m" : "4611686018430363633"
    }, {
      "d" : "1756429058248575644",
      "t" : 1756429058248,
      "tn" : 1756429058248575644,
      "q" : "953",
      "p" : "0.06487",
      "s" : "buy",
      "i" : "AUDIO_USD",
      "m" : "4611686018430363632"
    }, {
      "d" : "1756428717140057095",
      "t" : 1756428717140,
      "tn" : 1756428717140057095,
      "q" : "77",
      "p" : "0.06464",
      "s" : "sell",
      "i" : "AUDIO_USD",
      "m" : "4611686018430363631"
    }, {
      "d" : "1756428567284624113",
      "t" : 1756428567284,
      "tn" : 1756428567284624113,
      "q" : "77",
      "p" : "0.06492",
      "s" : "buy",
      "i" : "AUDIO_USD",
      "m" : "4611686018430363630"
    }, {
      "d" : "1756428041769366939",
      "t" : 1756428041769,
      "tn" : 1756428041769366939,
      "q" : "479",
      "p" : "0.06448",
      "s" : "sell",
      "i" : "AUDIO_USD",
      "m" : "4611686018430363629"
    }, {
      "d" : "1756426716478226506",
      "t" : 1756426716478,
      "tn" : 1756426716478226506,
      "q" : "464",
      "p" : "0.06461",
      "s" : "buy",
      "i" : "AUDIO_USD",
      "m" : "4611686018430363628"
    }, {
      "d" : "1756426716474545073",
      "t" : 1756426716474,
      "tn" : 1756426716474545073,
      "q" : "1125",
      "p" : "0.06461",
      "s" : "sell",
      "i" : "AUDIO_USD",
      "m" : "4611686018430363627"
    }, {
      "d" : "1756426667308126341",
      "t" : 1756426667308,
      "tn" : 1756426667308126341,
      "q" : "1589",
      "p" : "0.06530",
      "s" : "buy",
      "i" : "AUDIO_USD",
      "m" : "4611686018430363626"
    }, {
      "d" : "1756426115199373244",
      "t" : 1756426115199,
      "tn" : 1756426115199373244,
      "q" : "24",
      "p" : "0.06538",
      "s" : "buy",
      "i" : "AUDIO_USD",
      "m" : "4611686018430363625"
    }, {
      "d" : "1756425424995446127",
      "t" : 1756425424995,
      "tn" : 1756425424995446127,
      "q" : "467",
      "p" : "0.06510",
      "s" : "buy",
      "i" : "AUDIO_USD",
      "m" : "4611686018430363624"
    }, {
      "d" : "1756425424995443834",
      "t" : 1756425424995,
      "tn" : 1756425424995443834,
      "q" : "221",
      "p" : "0.06509",
      "s" : "buy",
      "i" : "AUDIO_USD",
      "m" : "4611686018430363623"
    }, {
      "d" : "1756424848928211674",
      "t" : 1756424848928,
      "tn" : 1756424848928211674,
      "q" : "337",
      "p" : "0.06535",
      "s" : "buy",
      "i" : "AUDIO_USD",
      "m" : "4611686018430363622"
    }, {
      "d" : "1756424845596680505",
      "t" : 1756424845596,
      "tn" : 1756424845596680505,
      "q" : "35",
      "p" : "0.06482",
      "s" : "buy",
      "i" : "AUDIO_USD",
      "m" : "4611686018430363621"
    }, {
      "d" : "1756424747255756384",
      "t" : 1756424747255,
      "tn" : 1756424747255756384,
      "q" : "825",
      "p" : "0.06450",
      "s" : "buy",
      "i" : "AUDIO_USD",
      "m" : "4611686018430363620"
    }, {
      "d" : "1756423375640321470",
      "t" : 1756423375640,
      "tn" : 1756423375640321470,
      "q" : "558",
      "p" : "0.06456",
      "s" : "sell",
      "i" : "AUDIO_USD",
      "m" : "4611686018430363619"
    }, {
      "d" : "1756423208024752088",
      "t" : 1756423208024,
      "tn" : 1756423208024752088,
      "q" : "288",
      "p" : "0.06529",
      "s" : "sell",
      "i" : "AUDIO_USD",
      "m" : "4611686018430363618"
    }, {
      "d" : "1756423208023722049",
      "t" : 1756423208023,
      "tn" : 1756423208023722049,
      "q" : "36",
      "p" : "0.06529",
      "s" : "sell",
      "i" : "AUDIO_USD",
      "m" : "4611686018430363617"
    }, {
      "d" : "1756423208021023301",
      "t" : 1756423208021,
      "tn" : 1756423208021023301,
      "q" : "138",
      "p" : "0.06529",
      "s" : "buy",
      "i" : "AUDIO_USD",
      "m" : "4611686018430363616"
    }, {
      "d" : "1756422638797939999",
      "t" : 1756422638797,
      "tn" : 1756422638797939999,
      "q" : "26",
      "p" : "0.06454",
      "s" : "sell",
      "i" : "AUDIO_USD",
      "m" : "4611686018430363615"
    }, {
      "d" : "1756422377592172156",
      "t" : 1756422377592,
      "tn" : 1756422377592172156,
      "q" : "385",
      "p" : "0.06486",
      "s" : "buy",
      "i" : "AUDIO_USD",
      "m" : "4611686018430363614"
    }, {
      "d" : "1756421575788466869",
      "t" : 1756421575788,
      "tn" : 1756421575788466869,
      "q" : "445",
      "p" : "0.06523",
      "s" : "buy",
      "i" : "AUDIO_USD",
      "m" : "4611686018430363613"
    }, {
      "d" : "1756418458638562466",
      "t" : 1756418458638,
      "tn" : 1756418458638562466,
      "q" : "267",
      "p" : "0.06390",
      "s" : "sell",
      "i" : "AUDIO_USD",
      "m" : "4611686018430363612"
    }, {
      "d" : "1756416726556042775",
      "t" : 1756416726556,
      "tn" : 1756416726556042775,
      "q" : "50",
      "p" : "0.06379",
      "s" : "sell",
      "i" : "AUDIO_USD",
      "m" : "4611686018430363611"
    }, {
      "d" : "1756415610446305031",
      "t" : 1756415610446,
      "tn" : 1756415610446305031,
      "q" : "200",
      "p" : "0.06427",
      "s" : "buy",
      "i" : "AUDIO_USD",
      "m" : "4611686018430363610"
    }, {
      "d" : "1756414930328106192",
      "t" : 1756414930328,
      "tn" : 1756414930328106192,
      "q" : "72",
      "p" : "0.06376",
      "s" : "sell",
      "i" : "AUDIO_USD",
      "m" : "4611686018430363609"
    }, {
      "d" : "1756413768675463324",
      "t" : 1756413768675,
      "tn" : 1756413768675463324,
      "q" : "350",
      "p" : "0.06368",
      "s" : "sell",
      "i" : "AUDIO_USD",
      "m" : "4611686018430363608"
    }, {
      "d" : "1756409637860340755",
      "t" : 1756409637860,
      "tn" : 1756409637860340755,
      "q" : "400",
      "p" : "0.06395",
      "s" : "sell",
      "i" : "AUDIO_USD",
      "m" : "4611686018430363607"
    }, {
      "d" : "1756409051081061210",
      "t" : 1756409051081,
      "tn" : 1756409051081061210,
      "q" : "250",
      "p" : "0.06463",
      "s" : "buy",
      "i" : "AUDIO_USD",
      "m" : "4611686018430363606"
    }, {
      "d" : "1756408745044797678",
      "t" : 1756408745044,
      "tn" : 1756408745044797678,
      "q" : "360",
      "p" : "0.06464",
      "s" : "buy",
      "i" : "AUDIO_USD",
      "m" : "4611686018430363605"
    }, {
      "d" : "1756407287992724143",
      "t" : 1756407287992,
      "tn" : 1756407287992724143,
      "q" : "87",
      "p" : "0.06459",
      "s" : "buy",
      "i" : "AUDIO_USD",
      "m" : "4611686018430363604"
    }, {
      "d" : "1756403322455058279",
      "t" : 1756403322455,
      "tn" : 1756403322455058279,
      "q" : "45",
      "p" : "0.06388",
      "s" : "sell",
      "i" : "AUDIO_USD",
      "m" : "4611686018430363603"
    }, {
      "d" : "1756401771541043272",
      "t" : 1756401771541,
      "tn" : 1756401771541043272,
      "q" : "35",
      "p" : "0.06397",
      "s" : "buy",
      "i" : "AUDIO_USD",
      "m" : "4611686018430363602"
    }, {
      "d" : "1756401702751111694",
      "t" : 1756401702751,
      "tn" : 1756401702751111694,
      "q" : "156",
      "p" : "0.06397",
      "s" : "buy",
      "i" : "AUDIO_USD",
      "m" : "4611686018430363601"
    }, {
      "d" : "1756401473545303350",
      "t" : 1756401473545,
      "tn" : 1756401473545303350,
      "q" : "6581",
      "p" : "0.06397",
      "s" : "buy",
      "i" : "AUDIO_USD",
      "m" : "4611686018430363600"
    }, {
      "d" : "1756400800189622809",
      "t" : 1756400800189,
      "tn" : 1756400800189622809,
      "q" : "45",
      "p" : "0.06381",
      "s" : "sell",
      "i" : "AUDIO_USD",
      "m" : "4611686018430363599"
    }, {
      "d" : "1756400647790053282",
      "t" : 1756400647790,
      "tn" : 1756400647790053282,
      "q" : "20",
      "p" : "0.06428",
      "s" : "buy",
      "i" : "AUDIO_USD",
      "m" : "4611686018430363598"
    }, {
      "d" : "1756399816344124871",
      "t" : 1756399816344,
      "tn" : 1756399816344124871,
      "q" : "1010",
      "p" : "0.06500",
      "s" : "buy",
      "i" : "AUDIO_USD",
      "m" : "4611686018430363597"
    }, {
      "d" : "1756399453850919035",
      "t" : 1756399453850,
      "tn" : 1756399453850919035,
      "q" : "17046",
      "p" : "0.06483",
      "s" : "buy",
      "i" : "AUDIO_USD",
      "m" : "4611686018430363596"
    }, {
      "d" : "1756398376593708093",
      "t" : 1756398376593,
      "tn" : 1756398376593708093,
      "q" : "950",
      "p" : "0.06496",
      "s" : "sell",
      "i" : "AUDIO_USD",
      "m" : "4611686018430363595"
    }, {
      "d" : "1756398376589875400",
      "t" : 1756398376589,
      "tn" : 1756398376589875400,
      "q" : "50",
      "p" : "0.06496",
      "s" : "buy",
      "i" : "AUDIO_USD",
      "m" : "4611686018430363594"
    }, {
      "d" : "1756397437611028639",
      "t" : 1756397437611,
      "tn" : 1756397437611028639,
      "q" : "50",
      "p" : "0.06397",
      "s" : "sell",
      "i" : "AUDIO_USD",
      "m" : "4611686018430363593"
    }, {
      "d" : "1756397292710559081",
      "t" : 1756397292710,
      "tn" : 1756397292710559081,
      "q" : "44",
      "p" : "0.06443",
      "s" : "sell",
      "i" : "AUDIO_USD",
      "m" : "4611686018430363592"
    }, {
      "d" : "1756397292702718381",
      "t" : 1756397292702,
      "tn" : 1756397292702718381,
      "q" : "31",
      "p" : "0.06443",
      "s" : "buy",
      "i" : "AUDIO_USD",
      "m" : "4611686018430363591"
    }, {
      "d" : "1756395262653623492",
      "t" : 1756395262653,
      "tn" : 1756395262653623492,
      "q" : "37",
      "p" : "0.06446",
      "s" : "buy",
      "i" : "AUDIO_USD",
      "m" : "4611686018430363590"
    }, {
      "d" : "1756394380983723462",
      "t" : 1756394380983,
      "tn" : 1756394380983723462,
      "q" : "68",
      "p" : "0.06449",
      "s" : "sell",
      "i" : "AUDIO_USD",
      "m" : "4611686018430363589"
    }, {
      "d" : "1756394033932383468",
      "t" : 1756394033932,
      "tn" : 1756394033932383468,
      "q" : "15",
      "p" : "0.06472",
      "s" : "sell",
      "i" : "AUDIO_USD",
      "m" : "4611686018430363588"
    }, {
      "d" : "1756394033923685201",
      "t" : 1756394033923,
      "tn" : 1756394033923685201,
      "q" : "3056",
      "p" : "0.06472",
      "s" : "buy",
      "i" : "AUDIO_USD",
      "m" : "4611686018430363587"
    }, {
      "d" : "1756393657641893511",
      "t" : 1756393657641,
      "tn" : 1756393657641893511,
      "q" : "3350",
      "p" : "0.06428",
      "s" : "sell",
      "i" : "AUDIO_USD",
      "m" : "4611686018430363586"
    }, {
      "d" : "1756391664596936435",
      "t" : 1756391664596,
      "tn" : 1756391664596936435,
      "q" : "358",
      "p" : "0.06410",
      "s" : "buy",
      "i" : "AUDIO_USD",
      "m" : "4611686018430363585"
    }, {
      "d" : "1756391664588648000",
      "t" : 1756391664588,
      "tn" : 1756391664588648000,
      "q" : "2642",
      "p" : "0.06410",
      "s" : "sell",
      "i" : "AUDIO_USD",
      "m" : "4611686018430363584"
    }, {
      "d" : "1756390889757639112",
      "t" : 1756390889757,
      "tn" : 1756390889757639112,
      "q" : "414",
      "p" : "0.06418",
      "s" : "sell",
      "i" : "AUDIO_USD",
      "m" : "4611686018430363583"
    }, {
      "d" : "1756390316906201957",
      "t" : 1756390316906,
      "tn" : 1756390316906201957,
      "q" : "2221",
      "p" : "0.06479",
      "s" : "buy",
      "i" : "AUDIO_USD",
      "m" : "4611686018430363582"
    }, {
      "d" : "1756389159455174019",
      "t" : 1756389159455,
      "tn" : 1756389159455174019,
      "q" : "7611",
      "p" : "0.06430",
      "s" : "buy",
      "i" : "AUDIO_USD",
      "m" : "4611686018430363581"
    }, {
      "d" : "1756389159455171867",
      "t" : 1756389159455,
      "tn" : 1756389159455171867,
      "q" : "3056",
      "p" : "0.06429",
      "s" : "buy",
      "i" : "AUDIO_USD",
      "m" : "4611686018430363580"
    }, {
      "d" : "1756388198927102693",
      "t" : 1756388198927,
      "tn" : 1756388198927102693,
      "q" : "16981",
      "p" : "0.06460",
      "s" : "sell",
      "i" : "AUDIO_USD",
      "m" : "4611686018430363579"
    }, {
      "d" : "1756388198927099938",
      "t" : 1756388198927,
      "tn" : 1756388198927099938,
      "q" : "1186",
      "p" : "0.06461",
      "s" : "sell",
      "i" : "AUDIO_USD",
      "m" : "4611686018430363578"
    }, {
      "d" : "1756388171504614692",
      "t" : 1756388171504,
      "tn" : 1756388171504614692,
      "q" : "6543",
      "p" : "0.06462",
      "s" : "sell",
      "i" : "AUDIO_USD",
      "m" : "4611686018430363577"
    }, {
      "d" : "1756388171484548504",
      "t" : 1756388171484,
      "tn" : 1756388171484548504,
      "q" : "448",
      "p" : "0.06461",
      "s" : "sell",
      "i" : "AUDIO_USD",
      "m" : "4611686018430363576"
    }, {
      "d" : "1756387872850033237",
      "t" : 1756387872850,
      "tn" : 1756387872850033237,
      "q" : "430",
      "p" : "0.06510",
      "s" : "buy",
      "i" : "AUDIO_USD",
      "m" : "4611686018430363575"
    }, {
      "d" : "1756387849955805641",
      "t" : 1756387849955,
      "tn" : 1756387849955805641,
      "q" : "100",
      "p" : "0.06447",
      "s" : "sell",
      "i" : "AUDIO_USD",
      "m" : "4611686018430363574"
    }, {
      "d" : "1756384090209187167",
      "t" : 1756384090209,
      "tn" : 1756384090209187167,
      "q" : "63",
      "p" : "0.06442",
      "s" : "sell",
      "i" : "AUDIO_USD",
      "m" : "4611686018430363573"
    }, {
      "d" : "1756384057115288384",
      "t" : 1756384057115,
      "tn" : 1756384057115288384,
      "q" : "195",
      "p" : "0.06470",
      "s" : "sell",
      "i" : "AUDIO_USD",
      "m" : "4611686018430363572"
    }, {
      "d" : "1756379526554945806",
      "t" : 1756379526554,
      "tn" : 1756379526554945806,
      "q" : "96",
      "p" : "0.06443",
      "s" : "sell",
      "i" : "AUDIO_USD",
      "m" : "4611686018430363571"
    }, {
      "d" : "1756376942728473174",
      "t" : 1756376942728,
      "tn" : 1756376942728473174,
      "q" : "700",
      "p" : "0.06436",
      "s" : "sell",
      "i" : "AUDIO_USD",
      "m" : "4611686018430363570"
    }, {
      "d" : "1756375424231487657",
      "t" : 1756375424231,
      "tn" : 1756375424231487657,
      "q" : "103",
      "p" : "0.06470",
      "s" : "buy",
      "i" : "AUDIO_USD",
      "m" : "4611686018430363569"
    }, {
      "d" : "1756375400235238191",
      "t" : 1756375400235,
      "tn" : 1756375400235238191,
      "q" : "2060",
      "p" : "0.06472",
      "s" : "buy",
      "i" : "AUDIO_USD",
      "m" : "4611686018430363568"
    }, {
      "d" : "1756374387209483939",
      "t" : 1756374387209,
      "tn" : 1756374387209483939,
      "q" : "2827",
      "p" : "0.06436",
      "s" : "sell",
      "i" : "AUDIO_USD",
      "m" : "4611686018430363567"
    } ]
  }
}