{
  "id" : -1,
  "method" : "public/get-trades",
  "code" : 0,
  "result" : {
    "data" : [ {
      "d" : "1756460185292467396",
      "t" : 1756460185292,
      "tn" : 1756460185292467396,
      "q" : "2429",
      "p" : "0.077595",
      "s" : "sell",
      "i" : "AURORA_USD",
      "m" : "4611686018430571987"
    }, {
      "d" : "1756460185292465608",
      "t" : 1756460185292,
      "tn" : 1756460185292465608,
      "q" : "235",
      "p" : "0.077891",
      "s" : "sell",
      "i" : "AURORA_USD",
      "m" : "4611686018430571986"
    }, {
      "d" : "1756460185267084966",
      "t" : 1756460185267,
      "tn" : 1756460185267084966,
      "q" : "568",
      "p" : "0.077892",
      "s" : "sell",
      "i" : "AURORA_USD",
      "m" : "4611686018430571985"
    }, {
      "d" : "1756460185267081162",
      "t" : 1756460185267,
      "tn" : 1756460185267081162,
      "q" : "32",
      "p" : "0.078118",
      "s" : "sell",
      "i" : "AURORA_USD",
      "m" : "4611686018430571984"
    }, {
      "d" : "1756459940664625912",
      "t" : 1756459940664,
      "tn" : 1756459940664625911,
      "q" : "31",
      "p" : "0.078421",
      "s" : "sell",
      "i" : "AURORA_USD",
      "m" : "4611686018430571983"
    }, {
      "d" : "1756459940664625911",
      "t" : 1756459940664,
      "tn" : 1756459940664625911,
      "q" : "31",
      "p" : "0.078421",
      "s" : "sell",
      "i" : "AURORA_USD",
      "m" : "4611686018430571983"
    }, {
      "d" : "1756459167230875828",
      "t" : 1756459167230,
      "tn" : 1756459167230875828,
      "q" : "607",
      "p" : "0.078421",
      "s" : "buy",
      "i" : "AURORA_USD",
      "m" : "4611686018430571982"
    }, {
      "d" : "1756458274676417722",
      "t" : 1756458274676,
      "tn" : 1756458274676417722,
      "q" : "240",
      "p" : "0.077939",
      "s" : "sell",
      "i" : "AURORA_USD",
      "m" : "4611686018430571981"
    }, {
      "d" : "1756457809637750549",
      "t" : 1756457809637,
      "tn" : 1756457809637750549,
      "q" : "62",
      "p" : "0.078825",
      "s" : "sell",
      "i" : "AURORA_USD",
      "m" : "4611686018430571980"
    }, {
      "d" : "1756457809637748828",
      "t" : 1756457809637,
      "tn" : 1756457809637748828,
      "q" : "158",
      "p" : "0.078826",
      "s" : "sell",
      "i" : "AURORA_USD",
      "m" : "4611686018430571979"
    }, {
      "d" : "1756457809624275946",
      "t" : 1756457809624,
      "tn" : 1756457809624275946,
      "q" : "384",
      "p" : "0.078826",
      "s" : "sell",
      "i" : "AURORA_USD",
      "m" : "4611686018430571978"
    }, {
      "d" : "1756457809614609693",
      "t" : 1756457809614,
      "tn" : 1756457809614609693,
      "q" : "250",
      "p" : "0.078826",
      "s" : "sell",
      "i" : "AURORA_USD",
      "m" : "4611686018430571977"
    }, {
      "d" : "1756457809581902308",
      "t" : 1756457809581,
      "tn" : 1756457809581902308,
      "q" : "255",
      "p" : "0.078825",
      "s" : "sell",
      "i" : "AURORA_USD",
      "m" : "4611686018430571976"
    }, {
      "d" : "1756457809581856866",
      "t" : 1756457809581,
      "tn" : 1756457809581856866,
      "q" : "250",
      "p" : "0.078825",
      "s" : "sell",
      "i" : "AURORA_USD",
      "m" : "4611686018430571975"
    }, {
      "d" : "1756457809564343161",
      "t" : 1756457809564,
      "tn" : 1756457809564343161,
      "q" : "243",
      "p" : "0.078825",
      "s" : "buy",
      "i" : "AURORA_USD",
      "m" : "4611686018430571974"
    }, {
      "d" : "1756456974649392289",
      "t" : 1756456974649,
      "tn" : 1756456974649392289,
      "q" : "208",
      "p" : "0.078672",
      "s" : "buy",
      "i" : "AURORA_USD",
      "m" : "4611686018430571973"
    }, {
      "d" : "1756456969112967372",
      "t" : 1756456969112,
      "tn" : 1756456969112967372,
      "q" : "792",
      "p" : "0.078666",
      "s" : "buy",
      "i" : "AURORA_USD",
      "m" : "4611686018430571972"
    }, {
      "d" : "1756456672962088519",
      "t" : 1756456672962,
      "tn" : 1756456672962088519,
      "q" : "86",
      "p" : "0.077840",
      "s" : "sell",
      "i" : "AURORA_USD",
      "m" : "4611686018430571971"
    }, {
      "d" : "1756456667167207223",
      "t" : 1756456667167,
      "tn" : 1756456667167207223,
      "q" : "14",
      "p" : "0.077841",
      "s" : "sell",
      "i" : "AURORA_USD",
      "m" : "4611686018430571970"
    }, {
      "d" : "1756456230595262767",
      "t" : 1756456230595,
      "tn" : 1756456230595262767,
      "q" : "14",
      "p" : "0.078723",
      "s" : "buy",
      "i" : "AURORA_USD",
      "m" : "4611686018430571969"
    }, {
      "d" : "1756455760204755915",
      "t" : 1756455760204,
      "tn" : 1756455760204755915,
      "q" : "112",
      "p" : "0.077940",
      "s" : "sell",
      "i" : "AURORA_USD",
      "m" : "4611686018430571968"
    }, {
      "d" : "1756455755955484608",
      "t" : 1756455755955,
      "tn" : 1756455755955484608,
      "q" : "21",
      "p" : "0.078147",
      "s" : "sell",
      "i" : "AURORA_USD",
      "m" : "4611686018430571967"
    }, {
      "d" : "1756455334452181214",
      "t" : 1756455334452,
      "tn" : 1756455334452181214,
      "q" : "512",
      "p" : "0.078147",
      "s" : "sell",
      "i" : "AURORA_USD",
      "m" : "4611686018430571966"
    }, {
      "d" : "1756455331742551890",
      "t" : 1756455331742,
      "tn" : 1756455331742551890,
      "q" : "1892",
      "p" : "0.078290",
      "s" : "sell",
      "i" : "AURORA_USD",
      "m" : "4611686018430571965"
    }, {
      "d" : "1756455331742550121",
      "t" : 1756455331742,
      "tn" : 1756455331742550121,
      "q" : "108",
      "p" : "0.078291",
      "s" : "sell",
      "i" : "AURORA_USD",
      "m" : "4611686018430571964"
    }, {
      "d" : "1756455331701027226",
      "t" : 1756455331701,
      "tn" : 1756455331701027226,
      "q" : "133",
      "p" : "0.078291",
      "s" : "sell",
      "i" : "AURORA_USD",
      "m" : "4611686018430571963"
    }, {
      "d" : "1756455331701025346",
      "t" : 1756455331701,
      "tn" : 1756455331701025346,
      "q" : "235",
      "p" : "0.078340",
      "s" : "sell",
      "i" : "AURORA_USD",
      "m" : "4611686018430571962"
    }, {
      "d" : "1756455331701022843",
      "t" : 1756455331701,
      "tn" : 1756455331701022843,
      "q" : "128",
      "p" : "0.078341",
      "s" : "sell",
      "i" : "AURORA_USD",
      "m" : "4611686018430571961"
    }, {
      "d" : "1756455331678585591",
      "t" : 1756455331678,
      "tn" : 1756455331678585591,
      "q" : "1648",
      "p" : "0.078431",
      "s" : "sell",
      "i" : "AURORA_USD",
      "m" : "4611686018430571960"
    }, {
      "d" : "1756455331586465188",
      "t" : 1756455331586,
      "tn" : 1756455331586465188,
      "q" : "1102",
      "p" : "0.078431",
      "s" : "sell",
      "i" : "AURORA_USD",
      "m" : "4611686018430571959"
    }, {
      "d" : "1756455331568527565",
      "t" : 1756455331568,
      "tn" : 1756455331568527565,
      "q" : "2115",
      "p" : "0.078431",
      "s" : "sell",
      "i" : "AURORA_USD",
      "m" : "4611686018430571958"
    }, {
      "d" : "1756455331568524692",
      "t" : 1756455331568,
      "tn" : 1756455331568524692,
      "q" : "1056",
      "p" : "0.078431",
      "s" : "sell",
      "i" : "AURORA_USD",
      "m" : "4611686018430571957"
    }, {
      "d" : "1756455331568522010",
      "t" : 1756455331568,
      "tn" : 1756455331568522010,
      "q" : "19",
      "p" : "0.078432",
      "s" : "sell",
      "i" : "AURORA_USD",
      "m" : "4611686018430571956"
    }, {
      "d" : "1756455331485802819",
      "t" : 1756455331485,
      "tn" : 1756455331485802819,
      "q" : "872",
      "p" : "0.078432",
      "s" : "sell",
      "i" : "AURORA_USD",
      "m" : "4611686018430571955"
    }, {
      "d" : "1756455331485799599",
      "t" : 1756455331485,
      "tn" : 1756455331485799599,
      "q" : "128",
      "p" : "0.078433",
      "s" : "sell",
      "i" : "AURORA_USD",
      "m" : "4611686018430571954"
    }, {
      "d" : "1756453803783647233",
      "t" : 1756453803783,
      "tn" : 1756453803783647233,
      "q" : "183",
      "p" : "0.078843",
      "s" : "sell",
      "i" : "AURORA_USD",
      "m" : "4611686018430571953"
    }, {
      "d" : "1756453673033096372",
      "t" : 1756453673033,
      "tn" : 1756453673033096372,
      "q" : "242",
      "p" : "0.078814",
      "s" : "sell",
      "i" : "AURORA_USD",
      "m" : "4611686018430571952"
    }, {
      "d" : "1756453673033093639",
      "t" : 1756453673033,
      "tn" : 1756453673033093639,
      "q" : "127",
      "p" : "0.078815",
      "s" : "sell",
      "i" : "AURORA_USD",
      "m" : "4611686018430571951"
    }, {
      "d" : "1756453673033090505",
      "t" : 1756453673033,
      "tn" : 1756453673033090505,
      "q" : "243",
      "p" : "0.079189",
      "s" : "sell",
      "i" : "AURORA_USD",
      "m" : "4611686018430571950"
    }, {
      "d" : "1756453551449246301",
      "t" : 1756453551449,
      "tn" : 1756453551449246301,
      "q" : "127",
      "p" : "0.079190",
      "s" : "sell",
      "i" : "AURORA_USD",
      "m" : "4611686018430571949"
    }, {
      "d" : "1756453551449243109",
      "t" : 1756453551449,
      "tn" : 1756453551449243109,
      "q" : "189",
      "p" : "0.079194",
      "s" : "sell",
      "i" : "AURORA_USD",
      "m" : "4611686018430571948"
    }, {
      "d" : "1756453203613084917",
      "t" : 1756453203613,
      "tn" : 1756453203613084917,
      "q" : "78",
      "p" : "0.080137",
      "s" : "buy",
      "i" : "AURORA_USD",
      "m" : "4611686018430571947"
    }, {
      "d" : "1756452869028170662",
      "t" : 1756452869028,
      "tn" : 1756452869028170662,
      "q" : "197",
      "p" : "0.079290",
      "s" : "sell",
      "i" : "AURORA_USD",
      "m" : "4611686018430571946"
    }, {
      "d" : "1756452395487045004",
      "t" : 1756452395487,
      "tn" : 1756452395487045004,
      "q" : "240",
      "p" : "0.079374",
      "s" : "sell",
      "i" : "AURORA_USD",
      "m" : "4611686018430571945"
    }, {
      "d" : "1756452394366450115",
      "t" : 1756452394366,
      "tn" : 1756452394366450115,
      "q" : "244",
      "p" : "0.079374",
      "s" : "sell",
      "i" : "AURORA_USD",
      "m" : "4611686018430571944"
    }, {
      "d" : "1756450896683535240",
      "t" : 1756450896683,
      "tn" : 1756450896683535240,
      "q" : "231",
      "p" : "0.080213",
      "s" : "sell",
      "i" : "AURORA_USD",
      "m" : "4611686018430571943"
    }, {
      "d" : "1756450896677117809",
      "t" : 1756450896677,
      "tn" : 1756450896677117808,
      "q" : "288",
      "p" : "0.080213",
      "s" : "sell",
      "i" : "AURORA_USD",
      "m" : "4611686018430571942"
    }, {
      "d" : "1756450896677117808",
      "t" : 1756450896677,
      "tn" : 1756450896677117808,
      "q" : "52",
      "p" : "0.080213",
      "s" : "sell",
      "i" : "AURORA_USD",
      "m" : "4611686018430571942"
    }, {
      "d" : "1756450896656222756",
      "t" : 1756450896656,
      "tn" : 1756450896656222756,
      "q" : "467",
      "p" : "0.080213",
      "s" : "sell",
      "i" : "AURORA_USD",
      "m" : "4611686018430571941"
    }, {
      "d" : "1756449972841070014",
      "t" : 1756449972841,
      "tn" : 1756449972841070014,
      "q" : "1049",
      "p" : "0.080214",
      "s" : "sell",
      "i" : "AURORA_USD",
      "m" : "4611686018430571940"
    }, {
      "d" : "1756449775356498377",
      "t" : 1756449775356,
      "tn" : 1756449775356498377,
      "q" : "22",
      "p" : "0.081651",
      "s" : "sell",
      "i" : "AURORA_USD",
      "m" : "4611686018430571939"
    }, {
      "d" : "1756449761586220467",
      "t" : 1756449761586,
      "tn" : 1756449761586220467,
      "q" : "248",
      "p" : "0.080777",
      "s" : "sell",
      "i" : "AURORA_USD",
      "m" : "4611686018430571938"
    }, {
      "d" : "1756449759965230654",
      "t" : 1756449759965,
      "tn" : 1756449759965230654,
      "q" : "244",
      "p" : "0.080777",
      "s" : "buy",
      "i" : "AURORA_USD",
      "m" : "4611686018430571937"
    }, {
      "d" : "1756449659191964506",
      "t" : 1756449659191,
      "tn" : 1756449659191964506,
      "q" : "39",
      "p" : "0.082276",
      "s" : "buy",
      "i" : "AURORA_USD",
      "m" : "4611686018430571936"
    }, {
      "d" : "1756449659190744887",
      "t" : 1756449659190,
      "tn" : 1756449659190744887,
      "q" : "500",
      "p" : "0.082276",
      "s" : "buy",
      "i" : "AURORA_USD",
      "m" : "4611686018430571935"
    }, {
      "d" : "1756449659169519204",
      "t" : 1756449659169,
      "tn" : 1756449659169519204,
      "q" : "642",
      "p" : "0.082109",
      "s" : "buy",
      "i" : "AURORA_USD",
      "m" : "4611686018430571934"
    }, {
      "d" : "1756449659166428601",
      "t" : 1756449659166,
      "tn" : 1756449659166428601,
      "q" : "459",
      "p" : "0.082109",
      "s" : "buy",
      "i" : "AURORA_USD",
      "m" : "4611686018430571933"
    }, {
      "d" : "1756449659166426382",
      "t" : 1756449659166,
      "tn" : 1756449659166426382,
      "q" : "126",
      "p" : "0.081372",
      "s" : "buy",
      "i" : "AURORA_USD",
      "m" : "4611686018430571932"
    }, {
      "d" : "1756449653280182147",
      "t" : 1756449653280,
      "tn" : 1756449653280182147,
      "q" : "117",
      "p" : "0.081372",
      "s" : "buy",
      "i" : "AURORA_USD",
      "m" : "4611686018430571931"
    }, {
      "d" : "1756449653280177615",
      "t" : 1756449653280,
      "tn" : 1756449653280177615,
      "q" : "63",
      "p" : "0.081223",
      "s" : "buy",
      "i" : "AURORA_USD",
      "m" : "4611686018430571930"
    }, {
      "d" : "1756449638671510061",
      "t" : 1756449638671,
      "tn" : 1756449638671510061,
      "q" : "180",
      "p" : "0.081223",
      "s" : "buy",
      "i" : "AURORA_USD",
      "m" : "4611686018430571929"
    }, {
      "d" : "1756449614095527400",
      "t" : 1756449614095,
      "tn" : 1756449614095527400,
      "q" : "55",
      "p" : "0.080725",
      "s" : "buy",
      "i" : "AURORA_USD",
      "m" : "4611686018430571928"
    }, {
      "d" : "1756449613934901239",
      "t" : 1756449613934,
      "tn" : 1756449613934901239,
      "q" : "180",
      "p" : "0.080725",
      "s" : "buy",
      "i" : "AURORA_USD",
      "m" : "4611686018430571927"
    }, {
      "d" : "1756449613283798959",
      "t" : 1756449613283,
      "tn" : 1756449613283798959,
      "q" : "530",
      "p" : "0.081217",
      "s" : "buy",
      "i" : "AURORA_USD",
      "m" : "4611686018430571926"
    }, {
      "d" : "1756449613283795709",
      "t" : 1756449613283,
      "tn" : 1756449613283795709,
      "q" : "442",
      "p" : "0.081216",
      "s" : "buy",
      "i" : "AURORA_USD",
      "m" : "4611686018430571925"
    }, {
      "d" : "1756449613283693496",
      "t" : 1756449613283,
      "tn" : 1756449613283693496,
      "q" : "500",
      "p" : "0.081216",
      "s" : "buy",
      "i" : "AURORA_USD",
      "m" : "4611686018430571924"
    }, {
      "d" : "1756449613261825381",
      "t" : 1756449613261,
      "tn" : 1756449613261825381,
      "q" : "700",
      "p" : "0.081216",
      "s" : "buy",
      "i" : "AURORA_USD",
      "m" : "4611686018430571923"
    }, {
      "d" : "1756449613229768495",
      "t" : 1756449613229,
      "tn" : 1756449613229768495,
      "q" : "1000",
      "p" : "0.081216",
      "s" : "buy",
      "i" : "AURORA_USD",
      "m" : "4611686018430571922"
    }, {
      "d" : "1756449613207186716",
      "t" : 1756449613207,
      "tn" : 1756449613207186716,
      "q" : "1500",
      "p" : "0.081216",
      "s" : "buy",
      "i" : "AURORA_USD",
      "m" : "4611686018430571921"
    }, {
      "d" : "1756449613165212827",
      "t" : 1756449613165,
      "tn" : 1756449613165212827,
      "q" : "1603",
      "p" : "0.081216",
      "s" : "buy",
      "i" : "AURORA_USD",
      "m" : "4611686018430571920"
    }, {
      "d" : "1756449603234071723",
      "t" : 1756449603234,
      "tn" : 1756449603234071723,
      "q" : "56",
      "p" : "0.080325",
      "s" : "buy",
      "i" : "AURORA_USD",
      "m" : "4611686018430571919"
    }, {
      "d" : "1756449594860723165",
      "t" : 1756449594860,
      "tn" : 1756449594860723165,
      "q" : "180",
      "p" : "0.080325",
      "s" : "buy",
      "i" : "AURORA_USD",
      "m" : "4611686018430571918"
    }, {
      "d" : "1756449575557360189",
      "t" : 1756449575557,
      "tn" : 1756449575557360189,
      "q" : "5",
      "p" : "0.080483",
      "s" : "buy",
      "i" : "AURORA_USD",
      "m" : "4611686018430571917"
    }, {
      "d" : "1756449575540579068",
      "t" : 1756449575540,
      "tn" : 1756449575540579068,
      "q" : "522",
      "p" : "0.080483",
      "s" : "buy",
      "i" : "AURORA_USD",
      "m" : "4611686018430571916"
    }, {
      "d" : "1756449575520258500",
      "t" : 1756449575520,
      "tn" : 1756449575520258500,
      "q" : "4",
      "p" : "0.080483",
      "s" : "buy",
      "i" : "AURORA_USD",
      "m" : "4611686018430571915"
    }, {
      "d" : "1756449575520255894",
      "t" : 1756449575520,
      "tn" : 1756449575520255894,
      "q" : "525",
      "p" : "0.080468",
      "s" : "buy",
      "i" : "AURORA_USD",
      "m" : "4611686018430571914"
    }, {
      "d" : "1756449575520252969",
      "t" : 1756449575520,
      "tn" : 1756449575520252969,
      "q" : "62",
      "p" : "0.080467",
      "s" : "buy",
      "i" : "AURORA_USD",
      "m" : "4611686018430571913"
    }, {
      "d" : "1756449575509585436",
      "t" : 1756449575509,
      "tn" : 1756449575509585436,
      "q" : "400",
      "p" : "0.080467",
      "s" : "buy",
      "i" : "AURORA_USD",
      "m" : "4611686018430571912"
    }, {
      "d" : "1756449575439190442",
      "t" : 1756449575439,
      "tn" : 1756449575439190442,
      "q" : "69",
      "p" : "0.080467",
      "s" : "buy",
      "i" : "AURORA_USD",
      "m" : "4611686018430571911"
    }, {
      "d" : "1756449575439189125",
      "t" : 1756449575439,
      "tn" : 1756449575439189125,
      "q" : "126",
      "p" : "0.080466",
      "s" : "buy",
      "i" : "AURORA_USD",
      "m" : "4611686018430571910"
    }, {
      "d" : "1756449575409349101",
      "t" : 1756449575409,
      "tn" : 1756449575409349101,
      "q" : "411",
      "p" : "0.080467",
      "s" : "buy",
      "i" : "AURORA_USD",
      "m" : "4611686018430571909"
    }, {
      "d" : "1756449575409347183",
      "t" : 1756449575409,
      "tn" : 1756449575409347183,
      "q" : "126",
      "p" : "0.080466",
      "s" : "buy",
      "i" : "AURORA_USD",
      "m" : "4611686018430571908"
    }, {
      "d" : "1756449575299167356",
      "t" : 1756449575299,
      "tn" : 1756449575299167356,
      "q" : "488",
      "p" : "0.080467",
      "s" : "buy",
      "i" : "AURORA_USD",
      "m" : "4611686018430571907"
    }, {
      "d" : "1756449575299164826",
      "t" : 1756449575299,
      "tn" : 1756449575299164826,
      "q" : "264",
      "p" : "0.080464",
      "s" : "buy",
      "i" : "AURORA_USD",
      "m" : "4611686018430571906"
    }, {
      "d" : "1756449575100232483",
      "t" : 1756449575100,
      "tn" : 1756449575100232483,
      "q" : "107",
      "p" : "0.080464",
      "s" : "buy",
      "i" : "AURORA_USD",
      "m" : "4611686018430571905"
    }, {
      "d" : "1756449575100230482",
      "t" : 1756449575100,
      "tn" : 1756449575100230482,
      "q" : "109",
      "p" : "0.079970",
      "s" : "buy",
      "i" : "AURORA_USD",
      "m" : "4611686018430571904"
    }, {
      "d" : "1756449574014862575",
      "t" : 1756449574014,
      "tn" : 1756449574014862575,
      "q" : "134",
      "p" : "0.079970",
      "s" : "buy",
      "i" : "AURORA_USD",
      "m" : "4611686018430571903"
    }, {
      "d" : "1756449574014860518",
      "t" : 1756449574014,
      "tn" : 1756449574014860518,
      "q" : "46",
      "p" : "0.079599",
      "s" : "buy",
      "i" : "AURORA_USD",
      "m" : "4611686018430571902"
    }, {
      "d" : "1756449564096876732",
      "t" : 1756449564096,
      "tn" : 1756449564096876732,
      "q" : "190",
      "p" : "0.079599",
      "s" : "buy",
      "i" : "AURORA_USD",
      "m" : "4611686018430571901"
    }, {
      "d" : "1756449401634625777",
      "t" : 1756449401634,
      "tn" : 1756449401634625777,
      "q" : "242",
      "p" : "0.078674",
      "s" : "buy",
      "i" : "AURORA_USD",
      "m" : "4611686018430571900"
    }, {
      "d" : "1756448135296273012",
      "t" : 1756448135296,
      "tn" : 1756448135296273012,
      "q" : "371",
      "p" : "0.078333",
      "s" : "sell",
      "i" : "AURORA_USD",
      "m" : "4611686018430571899"
    }, {
      "d" : "1756447634737641418",
      "t" : 1756447634737,
      "tn" : 1756447634737641418,
      "q" : "29",
      "p" : "0.080277",
      "s" : "sell",
      "i" : "AURORA_USD",
      "m" : "4611686018430571898"
    }, {
      "d" : "1756447617590725384",
      "t" : 1756447617590,
      "tn" : 1756447617590725384,
      "q" : "315",
      "p" : "0.079430",
      "s" : "sell",
      "i" : "AURORA_USD",
      "m" : "4611686018430571897"
    }, {
      "d" : "1756447617296963239",
      "t" : 1756447617296,
      "tn" : 1756447617296963238,
      "q" : "240",
      "p" : "0.079430",
      "s" : "buy",
      "i" : "AURORA_USD",
      "m" : "4611686018430571896"
    }, {
      "d" : "1756447617296963238",
      "t" : 1756447617296,
      "tn" : 1756447617296963238,
      "q" : "792",
      "p" : "0.079430",
      "s" : "buy",
      "i" : "AURORA_USD",
      "m" : "4611686018430571896"
    }, {
      "d" : "1756446115807167136",
      "t" : 1756446115807,
      "tn" : 1756446115807167136,
      "q" : "8",
      "p" : "0.078590",
      "s" : "sell",
      "i" : "AURORA_USD",
      "m" : "4611686018430571895"
    }, {
      "d" : "1756446115801132080",
      "t" : 1756446115801,
      "tn" : 1756446115801132080,
      "q" : "231",
      "p" : "0.078590",
      "s" : "sell",
      "i" : "AURORA_USD",
      "m" : "4611686018430571894"
    }, {
      "d" : "1756446115801129811",
      "t" : 1756446115801,
      "tn" : 1756446115801129811,
      "q" : "23",
      "p" : "0.078591",
      "s" : "sell",
      "i" : "AURORA_USD",
      "m" : "4611686018430571893"
    }, {
      "d" : "1756445611377534036",
      "t" : 1756445611377,
      "tn" : 1756445611377534036,
      "q" : "254",
      "p" : "0.078726",
      "s" : "sell",
      "i" : "AURORA_USD",
      "m" : "4611686018430571892"
    }, {
      "d" : "1756445611325853003",
      "t" : 1756445611325,
      "tn" : 1756445611325853003,
      "q" : "508",
      "p" : "0.078726",
      "s" : "sell",
      "i" : "AURORA_USD",
      "m" : "4611686018430571891"
    }, {
      "d" : "1756445192545450956",
      "t" : 1756445192545,
      "tn" : 1756445192545450956,
      "q" : "359",
      "p" : "0.079483",
      "s" : "buy",
      "i" : "AURORA_USD",
      "m" : "4611686018430571890"
    }, {
      "d" : "1756445188680203798",
      "t" : 1756445188680,
      "tn" : 1756445188680203798,
      "q" : "366",
      "p" : "0.079482",
      "s" : "sell",
      "i" : "AURORA_USD",
      "m" : "4611686018430571889"
    }, {
      "d" : "1756445188419215002",
      "t" : 1756445188419,
      "tn" : 1756445188419215002,
      "q" : "241",
      "p" : "0.079481",
      "s" : "buy",
      "i" : "AURORA_USD",
      "m" : "4611686018430571888"
    }, {
      "d" : "1756445185124092964",
      "t" : 1756445185124,
      "tn" : 1756445185124092964,
      "q" : "913",
      "p" : "0.079473",
      "s" : "buy",
      "i" : "AURORA_USD",
      "m" : "4611686018430571887"
    }, {
      "d" : "1756445123260985966",
      "t" : 1756445123260,
      "tn" : 1756445123260985966,
      "q" : "146",
      "p" : "0.079787",
      "s" : "buy",
      "i" : "AURORA_USD",
      "m" : "4611686018430571886"
    }, {
      "d" : "1756445120076992619",
      "t" : 1756445120076,
      "tn" : 1756445120076992619,
      "q" : "1007",
      "p" : "0.079442",
      "s" : "sell",
      "i" : "AURORA_USD",
      "m" : "4611686018430571885"
    }, {
      "d" : "1756445118236920803",
      "t" : 1756445118236,
      "tn" : 1756445118236920803,
      "q" : "270",
      "p" : "0.079442",
      "s" : "sell",
      "i" : "AURORA_USD",
      "m" : "4611686018430571884"
    }, {
      "d" : "1756445118227274972",
      "t" : 1756445118227,
      "tn" : 1756445118227274972,
      "q" : "395",
      "p" : "0.079442",
      "s" : "sell",
      "i" : "AURORA_USD",
      "m" : "4611686018430571883"
    }, {
      "d" : "1756445118223691365",
      "t" : 1756445118223,
      "tn" : 1756445118223691365,
      "q" : "236",
      "p" : "0.079442",
      "s" : "buy",
      "i" : "AURORA_USD",
      "m" : "4611686018430571882"
    }, {
      "d" : "1756445056064756560",
      "t" : 1756445056064,
      "tn" : 1756445056064756560,
      "q" : "50",
      "p" : "0.079379",
      "s" : "buy",
      "i" : "AURORA_USD",
      "m" : "4611686018430571881"
    }, {
      "d" : "1756445053009790154",
      "t" : 1756445053009,
      "tn" : 1756445053009790154,
      "q" : "3780",
      "p" : "0.079367",
      "s" : "sell",
      "i" : "AURORA_USD",
      "m" : "4611686018430571880"
    }, {
      "d" : "1756445052982704548",
      "t" : 1756445052982,
      "tn" : 1756445052982704548,
      "q" : "6300",
      "p" : "0.079367",
      "s" : "sell",
      "i" : "AURORA_USD",
      "m" : "4611686018430571879"
    }, {
      "d" : "1756445052844168591",
      "t" : 1756445052844,
      "tn" : 1756445052844168591,
      "q" : "194",
      "p" : "0.079367",
      "s" : "sell",
      "i" : "AURORA_USD",
      "m" : "4611686018430571878"
    }, {
      "d" : "1756445052823026240",
      "t" : 1756445052823,
      "tn" : 1756445052823026240,
      "q" : "323",
      "p" : "0.079367",
      "s" : "sell",
      "i" : "AURORA_USD",
      "m" : "4611686018430571877"
    }, {
      "d" : "1756445052800875644",
      "t" : 1756445052800,
      "tn" : 1756445052800875644,
      "q" : "539",
      "p" : "0.079367",
      "s" : "sell",
      "i" : "AURORA_USD",
      "m" : "4611686018430571876"
    }, {
      "d" : "1756445052780405749",
      "t" : 1756445052780,
      "tn" : 1756445052780405749,
      "q" : "593",
      "p" : "0.079367",
      "s" : "buy",
      "i" : "AURORA_USD",
      "m" : "4611686018430571875"
    }, {
      "d" : "1756444914900604280",
      "t" : 1756444914900,
      "tn" : 1756444914900604280,
      "q" : "200",
      "p" : "0.079871",
      "s" : "buy",
      "i" : "AURORA_USD",
      "m" : "4611686018430571874"
    }, {
      "d" : "1756444911374233502",
      "t" : 1756444911374,
      "tn" : 1756444911374233502,
      "q" : "235",
      "p" : "0.079004",
      "s" : "buy",
      "i" : "AURORA_USD",
      "m" : "4611686018430571873"
    }, {
      "d" : "1756444762532901153",
      "t" : 1756444762532,
      "tn" : 1756444762532901153,
      "q" : "52",
      "p" : "0.078988",
      "s" : "buy",
      "i" : "AURORA_USD",
      "m" : "4611686018430571872"
    }, {
      "d" : "1756443948416307155",
      "t" : 1756443948416,
      "tn" : 1756443948416307155,
      "q" : "11",
      "p" : "0.078639",
      "s" : "sell",
      "i" : "AURORA_USD",
      "m" : "4611686018430571871"
    }, {
      "d" : "1756443948416303672",
      "t" : 1756443948416,
      "tn" : 1756443948416303672,
      "q" : "243",
      "p" : "0.078640",
      "s" : "sell",
      "i" : "AURORA_USD",
      "m" : "4611686018430571870"
    }, {
      "d" : "1756443942588499629",
      "t" : 1756443942588,
      "tn" : 1756443942588499629,
      "q" : "216",
      "p" : "0.078639",
      "s" : "sell",
      "i" : "AURORA_USD",
      "m" : "4611686018430571869"
    }, {
      "d" : "1756443942588495798",
      "t" : 1756443942588,
      "tn" : 1756443942588495798,
      "q" : "277",
      "p" : "0.078640",
      "s" : "sell",
      "i" : "AURORA_USD",
      "m" : "4611686018430571868"
    }, {
      "d" : "1756443769348379545",
      "t" : 1756443769348,
      "tn" : 1756443769348379545,
      "q" : "515",
      "p" : "0.078590",
      "s" : "sell",
      "i" : "AURORA_USD",
      "m" : "4611686018430571867"
    }, {
      "d" : "1756443746563062523",
      "t" : 1756443746563,
      "tn" : 1756443746563062523,
      "q" : "52",
      "p" : "0.079277",
      "s" : "sell",
      "i" : "AURORA_USD",
      "m" : "4611686018430571866"
    }, {
      "d" : "1756443746560386153",
      "t" : 1756443746560,
      "tn" : 1756443746560386153,
      "q" : "200",
      "p" : "0.079277",
      "s" : "sell",
      "i" : "AURORA_USD",
      "m" : "4611686018430571865"
    }, {
      "d" : "1756443746560366564",
      "t" : 1756443746560,
      "tn" : 1756443746560366564,
      "q" : "205",
      "p" : "0.079277",
      "s" : "sell",
      "i" : "AURORA_USD",
      "m" : "4611686018430571864"
    }, {
      "d" : "1756443746547268579",
      "t" : 1756443746547,
      "tn" : 1756443746547268579,
      "q" : "505",
      "p" : "0.079277",
      "s" : "sell",
      "i" : "AURORA_USD",
      "m" : "4611686018430571863"
    }, {
      "d" : "1756443746540868036",
      "t" : 1756443746540,
      "tn" : 1756443746540868036,
      "q" : "41",
      "p" : "0.079277",
      "s" : "buy",
      "i" : "AURORA_USD",
      "m" : "4611686018430571862"
    }, {
      "d" : "1756442700050362004",
      "t" : 1756442700050,
      "tn" : 1756442700050362004,
      "q" : "41",
      "p" : "0.078075",
      "s" : "sell",
      "i" : "AURORA_USD",
      "m" : "4611686018430571861"
    }, {
      "d" : "1756440443272101950",
      "t" : 1756440443272,
      "tn" : 1756440443272101950,
      "q" : "12",
      "p" : "0.077123",
      "s" : "buy",
      "i" : "AURORA_USD",
      "m" : "4611686018430571860"
    }, {
      "d" : "1756440443272099496",
      "t" : 1756440443272,
      "tn" : 1756440443272099496,
      "q" : "287",
      "p" : "0.077122",
      "s" : "buy",
      "i" : "AURORA_USD",
      "m" : "4611686018430571859"
    }, {
      "d" : "1756440443260575973",
      "t" : 1756440443260,
      "tn" : 1756440443260575973,
      "q" : "505",
      "p" : "0.077122",
      "s" : "buy",
      "i" : "AURORA_USD",
      "m" : "4611686018430571858"
    }, {
      "d" : "1756440443209051041",
      "t" : 1756440443209,
      "tn" : 1756440443209051041,
      "q" : "548",
      "p" : "0.077123",
      "s" : "sell",
      "i" : "AURORA_USD",
      "m" : "4611686018430571857"
    }, {
      "d" : "1756440437230335517",
      "t" : 1756440437230,
      "tn" : 1756440437230335517,
      "q" : "238",
      "p" : "0.077989",
      "s" : "sell",
      "i" : "AURORA_USD",
      "m" : "4611686018430571856"
    }, {
      "d" : "1756439496287838564",
      "t" : 1756439496287,
      "tn" : 1756439496287838564,
      "q" : "605",
      "p" : "0.077732",
      "s" : "sell",
      "i" : "AURORA_USD",
      "m" : "4611686018430571855"
    }, {
      "d" : "1756439496287833918",
      "t" : 1756439496287,
      "tn" : 1756439496287833918,
      "q" : "240",
      "p" : "0.077740",
      "s" : "sell",
      "i" : "AURORA_USD",
      "m" : "4611686018430571854"
    }, {
      "d" : "1756439496287829557",
      "t" : 1756439496287,
      "tn" : 1756439496287829557,
      "q" : "200",
      "p" : "0.077741",
      "s" : "sell",
      "i" : "AURORA_USD",
      "m" : "4611686018430571853"
    }, {
      "d" : "1756439081459858575",
      "t" : 1756439081459,
      "tn" : 1756439081459858575,
      "q" : "200",
      "p" : "0.078495",
      "s" : "buy",
      "i" : "AURORA_USD",
      "m" : "4611686018430571852"
    }, {
      "d" : "1756438982262205876",
      "t" : 1756438982262,
      "tn" : 1756438982262205876,
      "q" : "55",
      "p" : "0.077592",
      "s" : "sell",
      "i" : "AURORA_USD",
      "m" : "4611686018430571851"
    }, {
      "d" : "1756438451818985152",
      "t" : 1756438451818,
      "tn" : 1756438451818985152,
      "q" : "322",
      "p" : "0.076779",
      "s" : "sell",
      "i" : "AURORA_USD",
      "m" : "4611686018430571850"
    }, {
      "d" : "1756438446955325459",
      "t" : 1756438446955,
      "tn" : 1756438446955325459,
      "q" : "322",
      "p" : "0.077640",
      "s" : "buy",
      "i" : "AURORA_USD",
      "m" : "4611686018430571849"
    }, {
      "d" : "1756438445563476292",
      "t" : 1756438445563,
      "tn" : 1756438445563476292,
      "q" : "244",
      "p" : "0.077641",
      "s" : "sell",
      "i" : "AURORA_USD",
      "m" : "4611686018430571848"
    }, {
      "d" : "1756437806667732242",
      "t" : 1756437806667,
      "tn" : 1756437806667732242,
      "q" : "236",
      "p" : "0.077840",
      "s" : "sell",
      "i" : "AURORA_USD",
      "m" : "4611686018430571847"
    }, {
      "d" : "1756435543548114902",
      "t" : 1756435543548,
      "tn" : 1756435543548114902,
      "q" : "235",
      "p" : "0.077991",
      "s" : "sell",
      "i" : "AURORA_USD",
      "m" : "4611686018430571846"
    }, {
      "d" : "1756435543548110592",
      "t" : 1756435543548,
      "tn" : 1756435543548110592,
      "q" : "438",
      "p" : "0.077992",
      "s" : "sell",
      "i" : "AURORA_USD",
      "m" : "4611686018430571845"
    }, {
      "d" : "1756435473220267351",
      "t" : 1756435473220,
      "tn" : 1756435473220267351,
      "q" : "438",
      "p" : "0.078773",
      "s" : "buy",
      "i" : "AURORA_USD",
      "m" : "4611686018430571844"
    }, {
      "d" : "1756434263559905787",
      "t" : 1756434263559,
      "tn" : 1756434263559905787,
      "q" : "23",
      "p" : "0.078091",
      "s" : "sell",
      "i" : "AURORA_USD",
      "m" : "4611686018430571843"
    }, {
      "d" : "1756434231078142813",
      "t" : 1756434231078,
      "tn" : 1756434231078142813,
      "q" : "12",
      "p" : "0.077821",
      "s" : "sell",
      "i" : "AURORA_USD",
      "m" : "4611686018430571842"
    }, {
      "d" : "1756434231078139570",
      "t" : 1756434231078,
      "tn" : 1756434231078139570,
      "q" : "237",
      "p" : "0.078091",
      "s" : "sell",
      "i" : "AURORA_USD",
      "m" : "4611686018430571841"
    } ]
  }
}