{
  "id" : -1,
  "method" : "public/get-trades",
  "code" : 0,
  "result" : {
    "data" : [ {
      "d" : "1756460281212250081",
      "t" : 1756460281212,
      "tn" : 1756460281212250081,
      "q" : "0.1",
      "p" : "23.673",
      "s" : "buy",
      "i" : "AVAXUSD-PERP",
      "m" : "4611686018434056426"
    }, {
      "d" : "1756460268295712078",
      "t" : 1756460268295,
      "tn" : 1756460268295712078,
      "q" : "0.1",
      "p" : "23.678",
      "s" : "sell",
      "i" : "AVAXUSD-PERP",
      "m" : "4611686018434056425"
    }, {
      "d" : "1756460265490333089",
      "t" : 1756460265490,
      "tn" : 1756460265490333089,
      "q" : "0.1",
      "p" : "23.675",
      "s" : "buy",
      "i" : "AVAXUSD-PERP",
      "m" : "4611686018434056424"
    }, {
      "d" : "1756460248914370730",
      "t" : 1756460248914,
      "tn" : 1756460248914370730,
      "q" : "0.1",
      "p" : "23.692",
      "s" : "sell",
      "i" : "AVAXUSD-PERP",
      "m" : "4611686018434056423"
    }, {
      "d" : "1756460248772980417",
      "t" : 1756460248772,
      "tn" : 1756460248772980417,
      "q" : "0.1",
      "p" : "23.688",
      "s" : "buy",
      "i" : "AVAXUSD-PERP",
      "m" : "4611686018434056422"
    }, {
      "d" : "1756460206904298073",
      "t" : 1756460206904,
      "tn" : 1756460206904298073,
      "q" : "0.1",
      "p" : "23.672",
      "s" : "sell",
      "i" : "AVAXUSD-PERP",
      "m" : "4611686018434056421"
    }, {
      "d" : "1756460194815165756",
      "t" : 1756460194815,
      "tn" : 1756460194815165756,
      "q" : "0.1",
      "p" : "23.693",
      "s" : "sell",
      "i" : "AVAXUSD-PERP",
      "m" : "4611686018434056420"
    }, {
      "d" : "1756460189163801447",
      "t" : 1756460189163,
      "tn" : 1756460189163801447,
      "q" : "0.1",
      "p" : "23.700",
      "s" : "sell",
      "i" : "AVAXUSD-PERP",
      "m" : "4611686018434056419"
    }, {
      "d" : "1756460185406522223",
      "t" : 1756460185406,
      "tn" : 1756460185406522223,
      "q" : "0.1",
      "p" : "23.687",
      "s" : "buy",
      "i" : "AVAXUSD-PERP",
      "m" : "4611686018434056418"
    }, {
      "d" : "1756460184328367996",
      "t" : 1756460184328,
      "tn" : 1756460184328367996,
      "q" : "0.1",
      "p" : "23.674",
      "s" : "buy",
      "i" : "AVAXUSD-PERP",
      "m" : "4611686018434056417"
    }, {
      "d" : "1756460183732518364",
      "t" : 1756460183732,
      "tn" : 1756460183732518364,
      "q" : "0.1",
      "p" : "23.681",
      "s" : "sell",
      "i" : "AVAXUSD-PERP",
      "m" : "4611686018434056416"
    }, {
      "d" : "1756460183235930222",
      "t" : 1756460183235,
      "tn" : 1756460183235930222,
      "q" : "0.1",
      "p" : "23.692",
      "s" : "sell",
      "i" : "AVAXUSD-PERP",
      "m" : "4611686018434056415"
    }, {
      "d" : "1756460182403137018",
      "t" : 1756460182403,
      "tn" : 1756460182403137018,
      "q" : "0.1",
      "p" : "23.678",
      "s" : "buy",
      "i" : "AVAXUSD-PERP",
      "m" : "4611686018434056414"
    }, {
      "d" : "1756460182145208164",
      "t" : 1756460182145,
      "tn" : 1756460182145208164,
      "q" : "0.1",
      "p" : "23.675",
      "s" : "buy",
      "i" : "AVAXUSD-PERP",
      "m" : "4611686018434056413"
    }, {
      "d" : "1756460169350831916",
      "t" : 1756460169350,
      "tn" : 1756460169350831916,
      "q" : "0.1",
      "p" : "23.674",
      "s" : "buy",
      "i" : "AVAXUSD-PERP",
      "m" : "4611686018434056412"
    }, {
      "d" : "1756460168990707826",
      "t" : 1756460168990,
      "tn" : 1756460168990707826,
      "q" : "0.1",
      "p" : "23.684",
      "s" : "sell",
      "i" : "AVAXUSD-PERP",
      "m" : "4611686018434056411"
    }, {
      "d" : "1756460149056768237",
      "t" : 1756460149056,
      "tn" : 1756460149056768237,
      "q" : "0.1",
      "p" : "23.709",
      "s" : "sell",
      "i" : "AVAXUSD-PERP",
      "m" : "4611686018434056410"
    }, {
      "d" : "1756460148867584888",
      "t" : 1756460148867,
      "tn" : 1756460148867584888,
      "q" : "0.1",
      "p" : "23.710",
      "s" : "buy",
      "i" : "AVAXUSD-PERP",
      "m" : "4611686018434056409"
    }, {
      "d" : "1756460138417654782",
      "t" : 1756460138417,
      "tn" : 1756460138417654781,
      "q" : "6.4",
      "p" : "23.721",
      "s" : "sell",
      "i" : "AVAXUSD-PERP",
      "m" : "4611686018434056408"
    }, {
      "d" : "1756460138417654781",
      "t" : 1756460138417,
      "tn" : 1756460138417654781,
      "q" : "1.5",
      "p" : "23.721",
      "s" : "sell",
      "i" : "AVAXUSD-PERP",
      "m" : "4611686018434056408"
    }, {
      "d" : "1756460136560221623",
      "t" : 1756460136560,
      "tn" : 1756460136560221623,
      "q" : "0.1",
      "p" : "23.728",
      "s" : "sell",
      "i" : "AVAXUSD-PERP",
      "m" : "4611686018434056407"
    }, {
      "d" : "1756460132086011126",
      "t" : 1756460132086,
      "tn" : 1756460132086011126,
      "q" : "0.1",
      "p" : "23.704",
      "s" : "buy",
      "i" : "AVAXUSD-PERP",
      "m" : "4611686018434056406"
    }, {
      "d" : "1756460131595502566",
      "t" : 1756460131595,
      "tn" : 1756460131595502566,
      "q" : "1.2",
      "p" : "23.705",
      "s" : "sell",
      "i" : "AVAXUSD-PERP",
      "m" : "4611686018434056405"
    }, {
      "d" : "1756460130042215212",
      "t" : 1756460130042,
      "tn" : 1756460130042215212,
      "q" : "0.1",
      "p" : "23.714",
      "s" : "sell",
      "i" : "AVAXUSD-PERP",
      "m" : "4611686018434056404"
    }, {
      "d" : "1756460129757274825",
      "t" : 1756460129757,
      "tn" : 1756460129757274824,
      "q" : "0.1",
      "p" : "23.708",
      "s" : "buy",
      "i" : "AVAXUSD-PERP",
      "m" : "4611686018434056403"
    }, {
      "d" : "1756460129757274824",
      "t" : 1756460129757,
      "tn" : 1756460129757274824,
      "q" : "1.5",
      "p" : "23.708",
      "s" : "buy",
      "i" : "AVAXUSD-PERP",
      "m" : "4611686018434056403"
    }, {
      "d" : "1756460129756979162",
      "t" : 1756460129756,
      "tn" : 1756460129756979162,
      "q" : "18.8",
      "p" : "23.707",
      "s" : "buy",
      "i" : "AVAXUSD-PERP",
      "m" : "4611686018434056402"
    }, {
      "d" : "1756460129756975882",
      "t" : 1756460129756,
      "tn" : 1756460129756975882,
      "q" : "0.1",
      "p" : "23.704",
      "s" : "buy",
      "i" : "AVAXUSD-PERP",
      "m" : "4611686018434056401"
    }, {
      "d" : "1756459944913213011",
      "t" : 1756459944913,
      "tn" : 1756459944913213011,
      "q" : "1.1",
      "p" : "23.676",
      "s" : "sell",
      "i" : "AVAXUSD-PERP",
      "m" : "4611686018434056400"
    }, {
      "d" : "1756459926268932969",
      "t" : 1756459926268,
      "tn" : 1756459926268932969,
      "q" : "0.1",
      "p" : "23.703",
      "s" : "sell",
      "i" : "AVAXUSD-PERP",
      "m" : "4611686018434056399"
    }, {
      "d" : "1756459925596928858",
      "t" : 1756459925596,
      "tn" : 1756459925596928858,
      "q" : "0.1",
      "p" : "23.710",
      "s" : "sell",
      "i" : "AVAXUSD-PERP",
      "m" : "4611686018434056398"
    }, {
      "d" : "1756459917282163418",
      "t" : 1756459917282,
      "tn" : 1756459917282163418,
      "q" : "0.1",
      "p" : "23.703",
      "s" : "buy",
      "i" : "AVAXUSD-PERP",
      "m" : "4611686018434056397"
    }, {
      "d" : "1756459915334824451",
      "t" : 1756459915334,
      "tn" : 1756459915334824451,
      "q" : "0.1",
      "p" : "23.703",
      "s" : "sell",
      "i" : "AVAXUSD-PERP",
      "m" : "4611686018434056396"
    }, {
      "d" : "1756459913231345179",
      "t" : 1756459913231,
      "tn" : 1756459913231345179,
      "q" : "0.1",
      "p" : "23.695",
      "s" : "buy",
      "i" : "AVAXUSD-PERP",
      "m" : "4611686018434056395"
    }, {
      "d" : "1756459911675730428",
      "t" : 1756459911675,
      "tn" : 1756459911675730428,
      "q" : "0.1",
      "p" : "23.685",
      "s" : "buy",
      "i" : "AVAXUSD-PERP",
      "m" : "4611686018434056394"
    }, {
      "d" : "1756459887221244097",
      "t" : 1756459887221,
      "tn" : 1756459887221244097,
      "q" : "0.1",
      "p" : "23.709",
      "s" : "sell",
      "i" : "AVAXUSD-PERP",
      "m" : "4611686018434056393"
    }, {
      "d" : "1756459885132557804",
      "t" : 1756459885132,
      "tn" : 1756459885132557804,
      "q" : "0.1",
      "p" : "23.717",
      "s" : "sell",
      "i" : "AVAXUSD-PERP",
      "m" : "4611686018434056392"
    }, {
      "d" : "1756459882637593354",
      "t" : 1756459882637,
      "tn" : 1756459882637593354,
      "q" : "0.1",
      "p" : "23.709",
      "s" : "buy",
      "i" : "AVAXUSD-PERP",
      "m" : "4611686018434056391"
    }, {
      "d" : "1756459880741983259",
      "t" : 1756459880741,
      "tn" : 1756459880741983259,
      "q" : "0.1",
      "p" : "23.706",
      "s" : "buy",
      "i" : "AVAXUSD-PERP",
      "m" : "4611686018434056390"
    }, {
      "d" : "1756459869852744490",
      "t" : 1756459869852,
      "tn" : 1756459869852744490,
      "q" : "0.1",
      "p" : "23.739",
      "s" : "sell",
      "i" : "AVAXUSD-PERP",
      "m" : "4611686018434056389"
    }, {
      "d" : "1756459863974252489",
      "t" : 1756459863974,
      "tn" : 1756459863974252489,
      "q" : "0.1",
      "p" : "23.744",
      "s" : "sell",
      "i" : "AVAXUSD-PERP",
      "m" : "4611686018434056388"
    }, {
      "d" : "1756459863402521406",
      "t" : 1756459863402,
      "tn" : 1756459863402521406,
      "q" : "0.1",
      "p" : "23.739",
      "s" : "buy",
      "i" : "AVAXUSD-PERP",
      "m" : "4611686018434056387"
    }, {
      "d" : "1756459860603321768",
      "t" : 1756459860603,
      "tn" : 1756459860603321768,
      "q" : "0.1",
      "p" : "23.730",
      "s" : "buy",
      "i" : "AVAXUSD-PERP",
      "m" : "4611686018434056386"
    }, {
      "d" : "1756459855663120516",
      "t" : 1756459855663,
      "tn" : 1756459855663120516,
      "q" : "0.1",
      "p" : "23.732",
      "s" : "sell",
      "i" : "AVAXUSD-PERP",
      "m" : "4611686018434056385"
    }, {
      "d" : "1756459848141487275",
      "t" : 1756459848141,
      "tn" : 1756459848141487275,
      "q" : "0.1",
      "p" : "23.717",
      "s" : "buy",
      "i" : "AVAXUSD-PERP",
      "m" : "4611686018434056384"
    }, {
      "d" : "1756459834766301065",
      "t" : 1756459834766,
      "tn" : 1756459834766301065,
      "q" : "0.1",
      "p" : "23.729",
      "s" : "sell",
      "i" : "AVAXUSD-PERP",
      "m" : "4611686018434056383"
    }, {
      "d" : "1756459834748744300",
      "t" : 1756459834748,
      "tn" : 1756459834748744299,
      "q" : "14.7",
      "p" : "23.728",
      "s" : "sell",
      "i" : "AVAXUSD-PERP",
      "m" : "4611686018434056382"
    }, {
      "d" : "1756459834748744299",
      "t" : 1756459834748,
      "tn" : 1756459834748744299,
      "q" : "0.9",
      "p" : "23.728",
      "s" : "sell",
      "i" : "AVAXUSD-PERP",
      "m" : "4611686018434056382"
    }, {
      "d" : "1756459832806816435",
      "t" : 1756459832806,
      "tn" : 1756459832806816435,
      "q" : "0.1",
      "p" : "23.726",
      "s" : "buy",
      "i" : "AVAXUSD-PERP",
      "m" : "4611686018434056381"
    }, {
      "d" : "1756459809213648617",
      "t" : 1756459809213,
      "tn" : 1756459809213648617,
      "q" : "0.1",
      "p" : "23.720",
      "s" : "sell",
      "i" : "AVAXUSD-PERP",
      "m" : "4611686018434056380"
    }, {
      "d" : "1756459808850763329",
      "t" : 1756459808850,
      "tn" : 1756459808850763329,
      "q" : "0.1",
      "p" : "23.709",
      "s" : "buy",
      "i" : "AVAXUSD-PERP",
      "m" : "4611686018434056379"
    }, {
      "d" : "1756459802070975247",
      "t" : 1756459802070,
      "tn" : 1756459802070975247,
      "q" : "0.1",
      "p" : "23.726",
      "s" : "sell",
      "i" : "AVAXUSD-PERP",
      "m" : "4611686018434056378"
    }, {
      "d" : "1756459792678117127",
      "t" : 1756459792678,
      "tn" : 1756459792678117127,
      "q" : "0.1",
      "p" : "23.712",
      "s" : "buy",
      "i" : "AVAXUSD-PERP",
      "m" : "4611686018434056377"
    }, {
      "d" : "1756459751524221463",
      "t" : 1756459751524,
      "tn" : 1756459751524221463,
      "q" : "0.1",
      "p" : "23.716",
      "s" : "sell",
      "i" : "AVAXUSD-PERP",
      "m" : "4611686018434056376"
    }, {
      "d" : "1756459746493629395",
      "t" : 1756459746493,
      "tn" : 1756459746493629395,
      "q" : "0.1",
      "p" : "23.711",
      "s" : "buy",
      "i" : "AVAXUSD-PERP",
      "m" : "4611686018434056375"
    }, {
      "d" : "1756459733324326830",
      "t" : 1756459733324,
      "tn" : 1756459733324326830,
      "q" : "1.2",
      "p" : "23.705",
      "s" : "sell",
      "i" : "AVAXUSD-PERP",
      "m" : "4611686018434056374"
    }, {
      "d" : "1756459730885744696",
      "t" : 1756459730885,
      "tn" : 1756459730885744696,
      "q" : "0.1",
      "p" : "23.711",
      "s" : "sell",
      "i" : "AVAXUSD-PERP",
      "m" : "4611686018434056373"
    }, {
      "d" : "1756459719814430671",
      "t" : 1756459719814,
      "tn" : 1756459719814430671,
      "q" : "0.1",
      "p" : "23.697",
      "s" : "buy",
      "i" : "AVAXUSD-PERP",
      "m" : "4611686018434056372"
    }, {
      "d" : "1756459700016751534",
      "t" : 1756459700016,
      "tn" : 1756459700016751534,
      "q" : "0.1",
      "p" : "23.709",
      "s" : "sell",
      "i" : "AVAXUSD-PERP",
      "m" : "4611686018434056371"
    }, {
      "d" : "1756459695805987787",
      "t" : 1756459695805,
      "tn" : 1756459695805987787,
      "q" : "0.1",
      "p" : "23.708",
      "s" : "sell",
      "i" : "AVAXUSD-PERP",
      "m" : "4611686018434056370"
    }, {
      "d" : "1756459694652432513",
      "t" : 1756459694652,
      "tn" : 1756459694652432513,
      "q" : "0.1",
      "p" : "23.706",
      "s" : "buy",
      "i" : "AVAXUSD-PERP",
      "m" : "4611686018434056369"
    }, {
      "d" : "1756459688200799992",
      "t" : 1756459688200,
      "tn" : 1756459688200799992,
      "q" : "0.1",
      "p" : "23.709",
      "s" : "sell",
      "i" : "AVAXUSD-PERP",
      "m" : "4611686018434056368"
    }, {
      "d" : "1756459685555811862",
      "t" : 1756459685555,
      "tn" : 1756459685555811862,
      "q" : "0.1",
      "p" : "23.710",
      "s" : "sell",
      "i" : "AVAXUSD-PERP",
      "m" : "4611686018434056367"
    }, {
      "d" : "1756459685305131692",
      "t" : 1756459685305,
      "tn" : 1756459685305131692,
      "q" : "0.1",
      "p" : "23.715",
      "s" : "sell",
      "i" : "AVAXUSD-PERP",
      "m" : "4611686018434056366"
    }, {
      "d" : "1756459685194907389",
      "t" : 1756459685194,
      "tn" : 1756459685194907389,
      "q" : "0.1",
      "p" : "23.717",
      "s" : "sell",
      "i" : "AVAXUSD-PERP",
      "m" : "4611686018434056365"
    }, {
      "d" : "1756459684784658482",
      "t" : 1756459684784,
      "tn" : 1756459684784658481,
      "q" : "0.1",
      "p" : "23.712",
      "s" : "buy",
      "i" : "AVAXUSD-PERP",
      "m" : "4611686018434056364"
    }, {
      "d" : "1756459684784658481",
      "t" : 1756459684784,
      "tn" : 1756459684784658481,
      "q" : "0.1",
      "p" : "23.712",
      "s" : "buy",
      "i" : "AVAXUSD-PERP",
      "m" : "4611686018434056364"
    }, {
      "d" : "1756459684773177272",
      "t" : 1756459684773,
      "tn" : 1756459684773177272,
      "q" : "25.9",
      "p" : "23.710",
      "s" : "buy",
      "i" : "AVAXUSD-PERP",
      "m" : "4611686018434056363"
    }, {
      "d" : "1756459684773171296",
      "t" : 1756459684773,
      "tn" : 1756459684773171296,
      "q" : "39.5",
      "p" : "23.710",
      "s" : "buy",
      "i" : "AVAXUSD-PERP",
      "m" : "4611686018434056362"
    }, {
      "d" : "1756459681573291961",
      "t" : 1756459681573,
      "tn" : 1756459681573291961,
      "q" : "10.9",
      "p" : "23.697",
      "s" : "buy",
      "i" : "AVAXUSD-PERP",
      "m" : "4611686018434056361"
    }, {
      "d" : "1756459681573290261",
      "t" : 1756459681573,
      "tn" : 1756459681573290261,
      "q" : "0.1",
      "p" : "23.696",
      "s" : "buy",
      "i" : "AVAXUSD-PERP",
      "m" : "4611686018434056360"
    }, {
      "d" : "1756459579553505529",
      "t" : 1756459579553,
      "tn" : 1756459579553505529,
      "q" : "0.1",
      "p" : "23.740",
      "s" : "buy",
      "i" : "AVAXUSD-PERP",
      "m" : "4611686018434056359"
    }, {
      "d" : "1756459577647986928",
      "t" : 1756459577647,
      "tn" : 1756459577647986928,
      "q" : "0.1",
      "p" : "23.738",
      "s" : "buy",
      "i" : "AVAXUSD-PERP",
      "m" : "4611686018434056358"
    }, {
      "d" : "1756459576792848576",
      "t" : 1756459576792,
      "tn" : 1756459576792848576,
      "q" : "0.1",
      "p" : "23.731",
      "s" : "buy",
      "i" : "AVAXUSD-PERP",
      "m" : "4611686018434056357"
    }, {
      "d" : "1756459570687051561",
      "t" : 1756459570687,
      "tn" : 1756459570687051561,
      "q" : "18.9",
      "p" : "23.745",
      "s" : "sell",
      "i" : "AVAXUSD-PERP",
      "m" : "4611686018434056356"
    }, {
      "d" : "1756459570686485447",
      "t" : 1756459570686,
      "tn" : 1756459570686485447,
      "q" : "5.0",
      "p" : "23.746",
      "s" : "sell",
      "i" : "AVAXUSD-PERP",
      "m" : "4611686018434056355"
    }, {
      "d" : "1756459570686483288",
      "t" : 1756459570686,
      "tn" : 1756459570686483288,
      "q" : "0.1",
      "p" : "23.751",
      "s" : "sell",
      "i" : "AVAXUSD-PERP",
      "m" : "4611686018434056354"
    }, {
      "d" : "1756459560172485242",
      "t" : 1756459560172,
      "tn" : 1756459560172485242,
      "q" : "0.1",
      "p" : "23.758",
      "s" : "buy",
      "i" : "AVAXUSD-PERP",
      "m" : "4611686018434056353"
    }, {
      "d" : "1756459545356704946",
      "t" : 1756459545356,
      "tn" : 1756459545356704946,
      "q" : "0.1",
      "p" : "23.724",
      "s" : "buy",
      "i" : "AVAXUSD-PERP",
      "m" : "4611686018434056352"
    }, {
      "d" : "1756459508276317400",
      "t" : 1756459508276,
      "tn" : 1756459508276317399,
      "q" : "1.1",
      "p" : "23.695",
      "s" : "sell",
      "i" : "AVAXUSD-PERP",
      "m" : "4611686018434056351"
    }, {
      "d" : "1756459508276317399",
      "t" : 1756459508276,
      "tn" : 1756459508276317399,
      "q" : "12.6",
      "p" : "23.695",
      "s" : "sell",
      "i" : "AVAXUSD-PERP",
      "m" : "4611686018434056351"
    }, {
      "d" : "1756459475353251265",
      "t" : 1756459475353,
      "tn" : 1756459475353251265,
      "q" : "1.8",
      "p" : "23.695",
      "s" : "sell",
      "i" : "AVAXUSD-PERP",
      "m" : "4611686018434056350"
    }, {
      "d" : "1756459475352749460",
      "t" : 1756459475352,
      "tn" : 1756459475352749459,
      "q" : "10.8",
      "p" : "23.695",
      "s" : "sell",
      "i" : "AVAXUSD-PERP",
      "m" : "4611686018434056349"
    }, {
      "d" : "1756459475352749459",
      "t" : 1756459475352,
      "tn" : 1756459475352749459,
      "q" : "1.1",
      "p" : "23.695",
      "s" : "sell",
      "i" : "AVAXUSD-PERP",
      "m" : "4611686018434056349"
    }, {
      "d" : "1756459446758421275",
      "t" : 1756459446758,
      "tn" : 1756459446758421275,
      "q" : "4.6",
      "p" : "23.713",
      "s" : "sell",
      "i" : "AVAXUSD-PERP",
      "m" : "4611686018434056348"
    }, {
      "d" : "1756459446758407002",
      "t" : 1756459446758,
      "tn" : 1756459446758407001,
      "q" : "10.1",
      "p" : "23.713",
      "s" : "sell",
      "i" : "AVAXUSD-PERP",
      "m" : "4611686018434056347"
    }, {
      "d" : "1756459446758407001",
      "t" : 1756459446758,
      "tn" : 1756459446758407001,
      "q" : "1.2",
      "p" : "23.713",
      "s" : "sell",
      "i" : "AVAXUSD-PERP",
      "m" : "4611686018434056347"
    }, {
      "d" : "1756459432340357443",
      "t" : 1756459432340,
      "tn" : 1756459432340357442,
      "q" : "1.0",
      "p" : "23.719",
      "s" : "sell",
      "i" : "AVAXUSD-PERP",
      "m" : "4611686018434056346"
    }, {
      "d" : "1756459432340357442",
      "t" : 1756459432340,
      "tn" : 1756459432340357442,
      "q" : "1.2",
      "p" : "23.719",
      "s" : "sell",
      "i" : "AVAXUSD-PERP",
      "m" : "4611686018434056346"
    }, {
      "d" : "1756459413723195142",
      "t" : 1756459413723,
      "tn" : 1756459413723195142,
      "q" : "0.1",
      "p" : "23.735",
      "s" : "sell",
      "i" : "AVAXUSD-PERP",
      "m" : "4611686018434056345"
    }, {
      "d" : "1756459411484011063",
      "t" : 1756459411484,
      "tn" : 1756459411484011063,
      "q" : "0.1",
      "p" : "23.735",
      "s" : "buy",
      "i" : "AVAXUSD-PERP",
      "m" : "4611686018434056344"
    }, {
      "d" : "1756459401769622823",
      "t" : 1756459401769,
      "tn" : 1756459401769622823,
      "q" : "0.1",
      "p" : "23.733",
      "s" : "buy",
      "i" : "AVAXUSD-PERP",
      "m" : "4611686018434056343"
    }, {
      "d" : "1756459401031515845",
      "t" : 1756459401031,
      "tn" : 1756459401031515845,
      "q" : "0.1",
      "p" : "23.740",
      "s" : "sell",
      "i" : "AVAXUSD-PERP",
      "m" : "4611686018434056342"
    }, {
      "d" : "1756459364899834171",
      "t" : 1756459364899,
      "tn" : 1756459364899834171,
      "q" : "0.1",
      "p" : "23.762",
      "s" : "buy",
      "i" : "AVAXUSD-PERP",
      "m" : "4611686018434056341"
    }, {
      "d" : "1756459364770550808",
      "t" : 1756459364770,
      "tn" : 1756459364770550808,
      "q" : "0.1",
      "p" : "23.771",
      "s" : "sell",
      "i" : "AVAXUSD-PERP",
      "m" : "4611686018434056340"
    }, {
      "d" : "1756459363712402452",
      "t" : 1756459363712,
      "tn" : 1756459363712402452,
      "q" : "0.1",
      "p" : "23.784",
      "s" : "sell",
      "i" : "AVAXUSD-PERP",
      "m" : "4611686018434056339"
    }, {
      "d" : "1756459360408667145",
      "t" : 1756459360408,
      "tn" : 1756459360408667145,
      "q" : "0.1",
      "p" : "23.785",
      "s" : "sell",
      "i" : "AVAXUSD-PERP",
      "m" : "4611686018434056338"
    }, {
      "d" : "1756459356244170795",
      "t" : 1756459356244,
      "tn" : 1756459356244170795,
      "q" : "0.1",
      "p" : "23.775",
      "s" : "buy",
      "i" : "AVAXUSD-PERP",
      "m" : "4611686018434056337"
    }, {
      "d" : "1756459352744413232",
      "t" : 1756459352744,
      "tn" : 1756459352744413232,
      "q" : "0.1",
      "p" : "23.768",
      "s" : "buy",
      "i" : "AVAXUSD-PERP",
      "m" : "4611686018434056336"
    }, {
      "d" : "1756459335213706432",
      "t" : 1756459335213,
      "tn" : 1756459335213706432,
      "q" : "0.1",
      "p" : "23.756",
      "s" : "sell",
      "i" : "AVAXUSD-PERP",
      "m" : "4611686018434056335"
    }, {
      "d" : "1756459333235028530",
      "t" : 1756459333235,
      "tn" : 1756459333235028530,
      "q" : "0.1",
      "p" : "23.753",
      "s" : "buy",
      "i" : "AVAXUSD-PERP",
      "m" : "4611686018434056334"
    }, {
      "d" : "1756459332719702908",
      "t" : 1756459332719,
      "tn" : 1756459332719702908,
      "q" : "21.3",
      "p" : "23.755",
      "s" : "sell",
      "i" : "AVAXUSD-PERP",
      "m" : "4611686018434056333"
    }, {
      "d" : "1756459332316341990",
      "t" : 1756459332316,
      "tn" : 1756459332316341990,
      "q" : "0.1",
      "p" : "23.764",
      "s" : "sell",
      "i" : "AVAXUSD-PERP",
      "m" : "4611686018434056332"
    }, {
      "d" : "1756459332254261942",
      "t" : 1756459332254,
      "tn" : 1756459332254261942,
      "q" : "1.4",
      "p" : "23.765",
      "s" : "sell",
      "i" : "AVAXUSD-PERP",
      "m" : "4611686018434056331"
    }, {
      "d" : "1756459331420254571",
      "t" : 1756459331420,
      "tn" : 1756459331420254571,
      "q" : "0.1",
      "p" : "23.764",
      "s" : "buy",
      "i" : "AVAXUSD-PERP",
      "m" : "4611686018434056330"
    }, {
      "d" : "1756459324868502769",
      "t" : 1756459324868,
      "tn" : 1756459324868502769,
      "q" : "0.1",
      "p" : "23.778",
      "s" : "sell",
      "i" : "AVAXUSD-PERP",
      "m" : "4611686018434056329"
    }, {
      "d" : "1756459312253373603",
      "t" : 1756459312253,
      "tn" : 1756459312253373603,
      "q" : "0.1",
      "p" : "23.779",
      "s" : "buy",
      "i" : "AVAXUSD-PERP",
      "m" : "4611686018434056328"
    }, {
      "d" : "1756459296467656542",
      "t" : 1756459296467,
      "tn" : 1756459296467656542,
      "q" : "1.5",
      "p" : "23.763",
      "s" : "sell",
      "i" : "AVAXUSD-PERP",
      "m" : "4611686018434056327"
    }, {
      "d" : "1756459290641263112",
      "t" : 1756459290641,
      "tn" : 1756459290641263112,
      "q" : "1.5",
      "p" : "23.758",
      "s" : "sell",
      "i" : "AVAXUSD-PERP",
      "m" : "4611686018434056326"
    }, {
      "d" : "1756459258160848122",
      "t" : 1756459258160,
      "tn" : 1756459258160848122,
      "q" : "0.1",
      "p" : "23.768",
      "s" : "sell",
      "i" : "AVAXUSD-PERP",
      "m" : "4611686018434056325"
    }, {
      "d" : "1756459254861461109",
      "t" : 1756459254861,
      "tn" : 1756459254861461109,
      "q" : "0.1",
      "p" : "23.766",
      "s" : "buy",
      "i" : "AVAXUSD-PERP",
      "m" : "4611686018434056324"
    }, {
      "d" : "1756459243617401133",
      "t" : 1756459243617,
      "tn" : 1756459243617401133,
      "q" : "0.1",
      "p" : "23.784",
      "s" : "sell",
      "i" : "AVAXUSD-PERP",
      "m" : "4611686018434056323"
    }, {
      "d" : "1756459238810307178",
      "t" : 1756459238810,
      "tn" : 1756459238810307178,
      "q" : "0.1",
      "p" : "23.776",
      "s" : "buy",
      "i" : "AVAXUSD-PERP",
      "m" : "4611686018434056322"
    }, {
      "d" : "1756459221500672806",
      "t" : 1756459221500,
      "tn" : 1756459221500672806,
      "q" : "0.1",
      "p" : "23.767",
      "s" : "sell",
      "i" : "AVAXUSD-PERP",
      "m" : "4611686018434056321"
    }, {
      "d" : "1756459220184046180",
      "t" : 1756459220184,
      "tn" : 1756459220184046180,
      "q" : "0.1",
      "p" : "23.761",
      "s" : "buy",
      "i" : "AVAXUSD-PERP",
      "m" : "4611686018434056320"
    }, {
      "d" : "1756459216482192811",
      "t" : 1756459216482,
      "tn" : 1756459216482192811,
      "q" : "0.1",
      "p" : "23.764",
      "s" : "sell",
      "i" : "AVAXUSD-PERP",
      "m" : "4611686018434056319"
    }, {
      "d" : "1756459215466025749",
      "t" : 1756459215466,
      "tn" : 1756459215466025749,
      "q" : "0.1",
      "p" : "23.762",
      "s" : "buy",
      "i" : "AVAXUSD-PERP",
      "m" : "4611686018434056318"
    }, {
      "d" : "1756459204135956655",
      "t" : 1756459204135,
      "tn" : 1756459204135956655,
      "q" : "0.1",
      "p" : "23.762",
      "s" : "sell",
      "i" : "AVAXUSD-PERP",
      "m" : "4611686018434056317"
    }, {
      "d" : "1756459200348216293",
      "t" : 1756459200348,
      "tn" : 1756459200348216293,
      "q" : "0.1",
      "p" : "23.749",
      "s" : "sell",
      "i" : "AVAXUSD-PERP",
      "m" : "4611686018434056316"
    }, {
      "d" : "1756459189064285814",
      "t" : 1756459189064,
      "tn" : 1756459189064285814,
      "q" : "0.1",
      "p" : "23.754",
      "s" : "buy",
      "i" : "AVAXUSD-PERP",
      "m" : "4611686018434056315"
    }, {
      "d" : "1756459185098160098",
      "t" : 1756459185098,
      "tn" : 1756459185098160098,
      "q" : "0.1",
      "p" : "23.754",
      "s" : "sell",
      "i" : "AVAXUSD-PERP",
      "m" : "4611686018434056314"
    }, {
      "d" : "1756459179874823969",
      "t" : 1756459179874,
      "tn" : 1756459179874823969,
      "q" : "0.1",
      "p" : "23.730",
      "s" : "buy",
      "i" : "AVAXUSD-PERP",
      "m" : "4611686018434056313"
    }, {
      "d" : "1756459171296216020",
      "t" : 1756459171296,
      "tn" : 1756459171296216020,
      "q" : "0.1",
      "p" : "23.709",
      "s" : "buy",
      "i" : "AVAXUSD-PERP",
      "m" : "4611686018434056312"
    }, {
      "d" : "1756459116921970621",
      "t" : 1756459116921,
      "tn" : 1756459116921970621,
      "q" : "0.1",
      "p" : "23.689",
      "s" : "sell",
      "i" : "AVAXUSD-PERP",
      "m" : "4611686018434056311"
    }, {
      "d" : "1756459111972791895",
      "t" : 1756459111972,
      "tn" : 1756459111972791895,
      "q" : "0.1",
      "p" : "23.683",
      "s" : "buy",
      "i" : "AVAXUSD-PERP",
      "m" : "4611686018434056310"
    }, {
      "d" : "1756459109893705112",
      "t" : 1756459109893,
      "tn" : 1756459109893705112,
      "q" : "0.1",
      "p" : "23.687",
      "s" : "sell",
      "i" : "AVAXUSD-PERP",
      "m" : "4611686018434056309"
    }, {
      "d" : "1756459105345039084",
      "t" : 1756459105345,
      "tn" : 1756459105345039084,
      "q" : "0.1",
      "p" : "23.691",
      "s" : "sell",
      "i" : "AVAXUSD-PERP",
      "m" : "4611686018434056308"
    }, {
      "d" : "1756459102694616730",
      "t" : 1756459102694,
      "tn" : 1756459102694616730,
      "q" : "0.1",
      "p" : "23.688",
      "s" : "buy",
      "i" : "AVAXUSD-PERP",
      "m" : "4611686018434056307"
    }, {
      "d" : "1756459102694614488",
      "t" : 1756459102694,
      "tn" : 1756459102694614488,
      "q" : "0.1",
      "p" : "23.686",
      "s" : "buy",
      "i" : "AVAXUSD-PERP",
      "m" : "4611686018434056306"
    }, {
      "d" : "1756459102513457002",
      "t" : 1756459102513,
      "tn" : 1756459102513457002,
      "q" : "0.1",
      "p" : "23.688",
      "s" : "sell",
      "i" : "AVAXUSD-PERP",
      "m" : "4611686018434056305"
    }, {
      "d" : "1756459099747592320",
      "t" : 1756459099747,
      "tn" : 1756459099747592320,
      "q" : "0.1",
      "p" : "23.683",
      "s" : "buy",
      "i" : "AVAXUSD-PERP",
      "m" : "4611686018434056304"
    }, {
      "d" : "1756459087475863042",
      "t" : 1756459087475,
      "tn" : 1756459087475863042,
      "q" : "0.1",
      "p" : "23.676",
      "s" : "buy",
      "i" : "AVAXUSD-PERP",
      "m" : "4611686018434056303"
    }, {
      "d" : "1756459087462680477",
      "t" : 1756459087462,
      "tn" : 1756459087462680477,
      "q" : "36.9",
      "p" : "23.678",
      "s" : "buy",
      "i" : "AVAXUSD-PERP",
      "m" : "4611686018434056302"
    }, {
      "d" : "1756459052792997877",
      "t" : 1756459052792,
      "tn" : 1756459052792997876,
      "q" : "21.1",
      "p" : "23.630",
      "s" : "sell",
      "i" : "AVAXUSD-PERP",
      "m" : "4611686018434056301"
    }, {
      "d" : "1756459052792997876",
      "t" : 1756459052792,
      "tn" : 1756459052792997876,
      "q" : "1.2",
      "p" : "23.630",
      "s" : "sell",
      "i" : "AVAXUSD-PERP",
      "m" : "4611686018434056301"
    }, {
      "d" : "1756459043568096948",
      "t" : 1756459043568,
      "tn" : 1756459043568096948,
      "q" : "0.1",
      "p" : "23.635",
      "s" : "buy",
      "i" : "AVAXUSD-PERP",
      "m" : "4611686018434056300"
    }, {
      "d" : "1756459043086222069",
      "t" : 1756459043086,
      "tn" : 1756459043086222069,
      "q" : "0.1",
      "p" : "23.642",
      "s" : "sell",
      "i" : "AVAXUSD-PERP",
      "m" : "4611686018434056299"
    }, {
      "d" : "1756459043084196422",
      "t" : 1756459043084,
      "tn" : 1756459043084196422,
      "q" : "0.1",
      "p" : "23.644",
      "s" : "sell",
      "i" : "AVAXUSD-PERP",
      "m" : "4611686018434056298"
    }, {
      "d" : "1756459043079496597",
      "t" : 1756459043079,
      "tn" : 1756459043079496597,
      "q" : "1.4",
      "p" : "23.646",
      "s" : "sell",
      "i" : "AVAXUSD-PERP",
      "m" : "4611686018434056297"
    }, {
      "d" : "1756459040900501458",
      "t" : 1756459040900,
      "tn" : 1756459040900501458,
      "q" : "0.1",
      "p" : "23.656",
      "s" : "sell",
      "i" : "AVAXUSD-PERP",
      "m" : "4611686018434056296"
    }, {
      "d" : "1756459039896517853",
      "t" : 1756459039896,
      "tn" : 1756459039896517853,
      "q" : "0.1",
      "p" : "23.649",
      "s" : "buy",
      "i" : "AVAXUSD-PERP",
      "m" : "4611686018434056295"
    }, {
      "d" : "1756459019613494363",
      "t" : 1756459019613,
      "tn" : 1756459019613494363,
      "q" : "1.5",
      "p" : "23.669",
      "s" : "sell",
      "i" : "AVAXUSD-PERP",
      "m" : "4611686018434056294"
    }, {
      "d" : "1756459008211199278",
      "t" : 1756459008211,
      "tn" : 1756459008211199278,
      "q" : "0.1",
      "p" : "23.665",
      "s" : "sell",
      "i" : "AVAXUSD-PERP",
      "m" : "4611686018434056293"
    }, {
      "d" : "1756459006743341388",
      "t" : 1756459006743,
      "tn" : 1756459006743341388,
      "q" : "0.1",
      "p" : "23.661",
      "s" : "buy",
      "i" : "AVAXUSD-PERP",
      "m" : "4611686018434056292"
    }, {
      "d" : "1756458998572544871",
      "t" : 1756458998572,
      "tn" : 1756458998572544871,
      "q" : "0.1",
      "p" : "23.660",
      "s" : "sell",
      "i" : "AVAXUSD-PERP",
      "m" : "4611686018434056291"
    }, {
      "d" : "1756458992413016021",
      "t" : 1756458992413,
      "tn" : 1756458992413016021,
      "q" : "0.1",
      "p" : "23.649",
      "s" : "buy",
      "i" : "AVAXUSD-PERP",
      "m" : "4611686018434056290"
    }, {
      "d" : "1756458985579246490",
      "t" : 1756458985579,
      "tn" : 1756458985579246490,
      "q" : "0.1",
      "p" : "23.648",
      "s" : "sell",
      "i" : "AVAXUSD-PERP",
      "m" : "4611686018434056289"
    }, {
      "d" : "1756458980327151873",
      "t" : 1756458980327,
      "tn" : 1756458980327151873,
      "q" : "0.1",
      "p" : "23.640",
      "s" : "buy",
      "i" : "AVAXUSD-PERP",
      "m" : "4611686018434056288"
    }, {
      "d" : "1756458980327070988",
      "t" : 1756458980327,
      "tn" : 1756458980327070988,
      "q" : "0.1",
      "p" : "23.636",
      "s" : "buy",
      "i" : "AVAXUSD-PERP",
      "m" : "4611686018434056287"
    }, {
      "d" : "1756458929173412810",
      "t" : 1756458929173,
      "tn" : 1756458929173412810,
      "q" : "0.1",
      "p" : "23.611",
      "s" : "sell",
      "i" : "AVAXUSD-PERP",
      "m" : "4611686018434056286"
    } ]
  }
}