{
  "id" : -1,
  "method" : "public/get-trades",
  "code" : 0,
  "result" : {
    "data" : [ {
      "d" : "1756460261884651088",
      "t" : 1756460261884,
      "tn" : 1756460261884651086,
      "q" : "1.90",
      "p" : "23.676",
      "s" : "sell",
      "i" : "AVAX_USDT",
      "m" : "4611686018436130774"
    }, {
      "d" : "1756460261884651087",
      "t" : 1756460261884,
      "tn" : 1756460261884651086,
      "q" : "7.39",
      "p" : "23.676",
      "s" : "sell",
      "i" : "AVAX_USDT",
      "m" : "4611686018436130774"
    }, {
      "d" : "1756460261884651086",
      "t" : 1756460261884,
      "tn" : 1756460261884651086,
      "q" : "0.08",
      "p" : "23.676",
      "s" : "sell",
      "i" : "AVAX_USDT",
      "m" : "4611686018436130774"
    }, {
      "d" : "1756460197923440983",
      "t" : 1756460197923,
      "tn" : 1756460197923440983,
      "q" : "0.08",
      "p" : "23.686",
      "s" : "sell",
      "i" : "AVAX_USDT",
      "m" : "4611686018436130773"
    }, {
      "d" : "1756460183242585249",
      "t" : 1756460183242,
      "tn" : 1756460183242585249,
      "q" : "0.49",
      "p" : "23.686",
      "s" : "sell",
      "i" : "AVAX_USDT",
      "m" : "4611686018436130772"
    }, {
      "d" : "1756460182400987619",
      "t" : 1756460182400,
      "tn" : 1756460182400987619,
      "q" : "32.29",
      "p" : "23.675",
      "s" : "buy",
      "i" : "AVAX_USDT",
      "m" : "4611686018436130771"
    }, {
      "d" : "1756460182397633449",
      "t" : 1756460182397,
      "tn" : 1756460182397633448,
      "q" : "20.34",
      "p" : "23.675",
      "s" : "buy",
      "i" : "AVAX_USDT",
      "m" : "4611686018436130770"
    }, {
      "d" : "1756460182397633448",
      "t" : 1756460182397,
      "tn" : 1756460182397633448,
      "q" : "0.08",
      "p" : "23.675",
      "s" : "buy",
      "i" : "AVAX_USDT",
      "m" : "4611686018436130770"
    }, {
      "d" : "1756460175256141393",
      "t" : 1756460175256,
      "tn" : 1756460175256141393,
      "q" : "0.08",
      "p" : "23.674",
      "s" : "sell",
      "i" : "AVAX_USDT",
      "m" : "4611686018436130769"
    }, {
      "d" : "1756460166962335696",
      "t" : 1756460166962,
      "tn" : 1756460166962335696,
      "q" : "21.09",
      "p" : "23.696",
      "s" : "sell",
      "i" : "AVAX_USDT",
      "m" : "4611686018436130768"
    }, {
      "d" : "1756460161010344335",
      "t" : 1756460161010,
      "tn" : 1756460161010344335,
      "q" : "10.55",
      "p" : "23.701",
      "s" : "sell",
      "i" : "AVAX_USDT",
      "m" : "4611686018436130767"
    }, {
      "d" : "1756460160712612056",
      "t" : 1756460160712,
      "tn" : 1756460160712612056,
      "q" : "0.08",
      "p" : "23.705",
      "s" : "sell",
      "i" : "AVAX_USDT",
      "m" : "4611686018436130766"
    }, {
      "d" : "1756460149056671528",
      "t" : 1756460149056,
      "tn" : 1756460149056671528,
      "q" : "0.05",
      "p" : "23.714",
      "s" : "sell",
      "i" : "AVAX_USDT",
      "m" : "4611686018436130765"
    }, {
      "d" : "1756460146290428521",
      "t" : 1756460146290,
      "tn" : 1756460146290428521,
      "q" : "0.05",
      "p" : "23.714",
      "s" : "sell",
      "i" : "AVAX_USDT",
      "m" : "4611686018436130764"
    }, {
      "d" : "1756460141891459944",
      "t" : 1756460141891,
      "tn" : 1756460141891459944,
      "q" : "0.05",
      "p" : "23.720",
      "s" : "sell",
      "i" : "AVAX_USDT",
      "m" : "4611686018436130763"
    }, {
      "d" : "1756460141800820248",
      "t" : 1756460141800,
      "tn" : 1756460141800820248,
      "q" : "0.05",
      "p" : "23.720",
      "s" : "sell",
      "i" : "AVAX_USDT",
      "m" : "4611686018436130762"
    }, {
      "d" : "1756460141721652218",
      "t" : 1756460141721,
      "tn" : 1756460141721652218,
      "q" : "0.05",
      "p" : "23.722",
      "s" : "sell",
      "i" : "AVAX_USDT",
      "m" : "4611686018436130761"
    }, {
      "d" : "1756460141568615007",
      "t" : 1756460141568,
      "tn" : 1756460141568615007,
      "q" : "0.05",
      "p" : "23.722",
      "s" : "sell",
      "i" : "AVAX_USDT",
      "m" : "4611686018436130760"
    }, {
      "d" : "1756460141209119774",
      "t" : 1756460141209,
      "tn" : 1756460141209119774,
      "q" : "0.05",
      "p" : "23.722",
      "s" : "sell",
      "i" : "AVAX_USDT",
      "m" : "4611686018436130759"
    }, {
      "d" : "1756460140972920343",
      "t" : 1756460140972,
      "tn" : 1756460140972920343,
      "q" : "0.05",
      "p" : "23.722",
      "s" : "sell",
      "i" : "AVAX_USDT",
      "m" : "4611686018436130758"
    }, {
      "d" : "1756460140933076153",
      "t" : 1756460140933,
      "tn" : 1756460140933076153,
      "q" : "0.05",
      "p" : "23.722",
      "s" : "sell",
      "i" : "AVAX_USDT",
      "m" : "4611686018436130757"
    }, {
      "d" : "1756460140674318787",
      "t" : 1756460140674,
      "tn" : 1756460140674318787,
      "q" : "0.05",
      "p" : "23.722",
      "s" : "sell",
      "i" : "AVAX_USDT",
      "m" : "4611686018436130756"
    }, {
      "d" : "1756460140589202042",
      "t" : 1756460140589,
      "tn" : 1756460140589202042,
      "q" : "0.05",
      "p" : "23.722",
      "s" : "sell",
      "i" : "AVAX_USDT",
      "m" : "4611686018436130755"
    }, {
      "d" : "1756460140574157272",
      "t" : 1756460140574,
      "tn" : 1756460140574157272,
      "q" : "0.05",
      "p" : "23.722",
      "s" : "sell",
      "i" : "AVAX_USDT",
      "m" : "4611686018436130754"
    }, {
      "d" : "1756460140518985444",
      "t" : 1756460140518,
      "tn" : 1756460140518985444,
      "q" : "0.05",
      "p" : "23.722",
      "s" : "sell",
      "i" : "AVAX_USDT",
      "m" : "4611686018436130753"
    }, {
      "d" : "1756460140474050051",
      "t" : 1756460140474,
      "tn" : 1756460140474050051,
      "q" : "0.05",
      "p" : "23.722",
      "s" : "sell",
      "i" : "AVAX_USDT",
      "m" : "4611686018436130752"
    }, {
      "d" : "1756460140428718444",
      "t" : 1756460140428,
      "tn" : 1756460140428718444,
      "q" : "0.05",
      "p" : "23.722",
      "s" : "sell",
      "i" : "AVAX_USDT",
      "m" : "4611686018436130751"
    }, {
      "d" : "1756460140388968206",
      "t" : 1756460140388,
      "tn" : 1756460140388968206,
      "q" : "0.05",
      "p" : "23.722",
      "s" : "sell",
      "i" : "AVAX_USDT",
      "m" : "4611686018436130750"
    }, {
      "d" : "1756460140373925131",
      "t" : 1756460140373,
      "tn" : 1756460140373925131,
      "q" : "0.05",
      "p" : "23.722",
      "s" : "sell",
      "i" : "AVAX_USDT",
      "m" : "4611686018436130749"
    }, {
      "d" : "1756460140313853049",
      "t" : 1756460140313,
      "tn" : 1756460140313853049,
      "q" : "0.05",
      "p" : "23.722",
      "s" : "sell",
      "i" : "AVAX_USDT",
      "m" : "4611686018436130748"
    }, {
      "d" : "1756460140298895213",
      "t" : 1756460140298,
      "tn" : 1756460140298895213,
      "q" : "0.05",
      "p" : "23.722",
      "s" : "sell",
      "i" : "AVAX_USDT",
      "m" : "4611686018436130747"
    }, {
      "d" : "1756460140292770001",
      "t" : 1756460140292,
      "tn" : 1756460140292770001,
      "q" : "0.05",
      "p" : "23.722",
      "s" : "sell",
      "i" : "AVAX_USDT",
      "m" : "4611686018436130746"
    }, {
      "d" : "1756460140290721509",
      "t" : 1756460140290,
      "tn" : 1756460140290721509,
      "q" : "0.05",
      "p" : "23.722",
      "s" : "sell",
      "i" : "AVAX_USDT",
      "m" : "4611686018436130745"
    }, {
      "d" : "1756460140288717463",
      "t" : 1756460140288,
      "tn" : 1756460140288717463,
      "q" : "0.05",
      "p" : "23.722",
      "s" : "sell",
      "i" : "AVAX_USDT",
      "m" : "4611686018436130744"
    }, {
      "d" : "1756460140287310284",
      "t" : 1756460140287,
      "tn" : 1756460140287310284,
      "q" : "0.05",
      "p" : "23.722",
      "s" : "sell",
      "i" : "AVAX_USDT",
      "m" : "4611686018436130743"
    }, {
      "d" : "1756460140286507729",
      "t" : 1756460140286,
      "tn" : 1756460140286507729,
      "q" : "0.05",
      "p" : "23.722",
      "s" : "sell",
      "i" : "AVAX_USDT",
      "m" : "4611686018436130742"
    }, {
      "d" : "1756460140283735369",
      "t" : 1756460140283,
      "tn" : 1756460140283735369,
      "q" : "0.05",
      "p" : "23.722",
      "s" : "sell",
      "i" : "AVAX_USDT",
      "m" : "4611686018436130741"
    }, {
      "d" : "1756460140278720214",
      "t" : 1756460140278,
      "tn" : 1756460140278720214,
      "q" : "0.05",
      "p" : "23.722",
      "s" : "sell",
      "i" : "AVAX_USDT",
      "m" : "4611686018436130740"
    }, {
      "d" : "1756460140174985868",
      "t" : 1756460140174,
      "tn" : 1756460140174985868,
      "q" : "0.05",
      "p" : "23.722",
      "s" : "sell",
      "i" : "AVAX_USDT",
      "m" : "4611686018436130739"
    }, {
      "d" : "1756460140094724176",
      "t" : 1756460140094,
      "tn" : 1756460140094724176,
      "q" : "0.05",
      "p" : "23.722",
      "s" : "sell",
      "i" : "AVAX_USDT",
      "m" : "4611686018436130738"
    }, {
      "d" : "1756460139978751424",
      "t" : 1756460139978,
      "tn" : 1756460139978751424,
      "q" : "0.05",
      "p" : "23.722",
      "s" : "sell",
      "i" : "AVAX_USDT",
      "m" : "4611686018436130737"
    }, {
      "d" : "1756460139969322238",
      "t" : 1756460139969,
      "tn" : 1756460139969322238,
      "q" : "0.05",
      "p" : "23.722",
      "s" : "sell",
      "i" : "AVAX_USDT",
      "m" : "4611686018436130736"
    }, {
      "d" : "1756460139934254995",
      "t" : 1756460139934,
      "tn" : 1756460139934254995,
      "q" : "0.05",
      "p" : "23.722",
      "s" : "sell",
      "i" : "AVAX_USDT",
      "m" : "4611686018436130735"
    }, {
      "d" : "1756460139924255723",
      "t" : 1756460139924,
      "tn" : 1756460139924255723,
      "q" : "0.05",
      "p" : "23.722",
      "s" : "sell",
      "i" : "AVAX_USDT",
      "m" : "4611686018436130734"
    }, {
      "d" : "1756460139785288555",
      "t" : 1756460139785,
      "tn" : 1756460139785288555,
      "q" : "0.05",
      "p" : "23.722",
      "s" : "sell",
      "i" : "AVAX_USDT",
      "m" : "4611686018436130733"
    }, {
      "d" : "1756460139555629348",
      "t" : 1756460139555,
      "tn" : 1756460139555629348,
      "q" : "0.05",
      "p" : "23.722",
      "s" : "sell",
      "i" : "AVAX_USDT",
      "m" : "4611686018436130732"
    }, {
      "d" : "1756460139517743962",
      "t" : 1756460139517,
      "tn" : 1756460139517743962,
      "q" : "0.05",
      "p" : "23.722",
      "s" : "sell",
      "i" : "AVAX_USDT",
      "m" : "4611686018436130731"
    }, {
      "d" : "1756460139479104552",
      "t" : 1756460139479,
      "tn" : 1756460139479104552,
      "q" : "0.05",
      "p" : "23.722",
      "s" : "sell",
      "i" : "AVAX_USDT",
      "m" : "4611686018436130730"
    }, {
      "d" : "1756460139437126806",
      "t" : 1756460139437,
      "tn" : 1756460139437126806,
      "q" : "0.05",
      "p" : "23.722",
      "s" : "sell",
      "i" : "AVAX_USDT",
      "m" : "4611686018436130729"
    }, {
      "d" : "1756460139422711944",
      "t" : 1756460139422,
      "tn" : 1756460139422711944,
      "q" : "0.05",
      "p" : "23.722",
      "s" : "sell",
      "i" : "AVAX_USDT",
      "m" : "4611686018436130728"
    }, {
      "d" : "1756460139408664503",
      "t" : 1756460139408,
      "tn" : 1756460139408664503,
      "q" : "0.05",
      "p" : "23.722",
      "s" : "sell",
      "i" : "AVAX_USDT",
      "m" : "4611686018436130727"
    }, {
      "d" : "1756460139396819701",
      "t" : 1756460139396,
      "tn" : 1756460139396819701,
      "q" : "0.05",
      "p" : "23.722",
      "s" : "sell",
      "i" : "AVAX_USDT",
      "m" : "4611686018436130726"
    }, {
      "d" : "1756460139371485977",
      "t" : 1756460139371,
      "tn" : 1756460139371485977,
      "q" : "0.05",
      "p" : "23.722",
      "s" : "sell",
      "i" : "AVAX_USDT",
      "m" : "4611686018436130725"
    }, {
      "d" : "1756460139348905030",
      "t" : 1756460139348,
      "tn" : 1756460139348905030,
      "q" : "0.05",
      "p" : "23.722",
      "s" : "sell",
      "i" : "AVAX_USDT",
      "m" : "4611686018436130724"
    }, {
      "d" : "1756460139318843027",
      "t" : 1756460139318,
      "tn" : 1756460139318843027,
      "q" : "0.05",
      "p" : "23.722",
      "s" : "sell",
      "i" : "AVAX_USDT",
      "m" : "4611686018436130723"
    }, {
      "d" : "1756460139300963661",
      "t" : 1756460139300,
      "tn" : 1756460139300963661,
      "q" : "0.05",
      "p" : "23.722",
      "s" : "sell",
      "i" : "AVAX_USDT",
      "m" : "4611686018436130722"
    }, {
      "d" : "1756460139289076733",
      "t" : 1756460139289,
      "tn" : 1756460139289076733,
      "q" : "0.05",
      "p" : "23.722",
      "s" : "sell",
      "i" : "AVAX_USDT",
      "m" : "4611686018436130721"
    }, {
      "d" : "1756460139281314504",
      "t" : 1756460139281,
      "tn" : 1756460139281314504,
      "q" : "0.05",
      "p" : "23.722",
      "s" : "sell",
      "i" : "AVAX_USDT",
      "m" : "4611686018436130720"
    }, {
      "d" : "1756460139267355000",
      "t" : 1756460139267,
      "tn" : 1756460139267355000,
      "q" : "0.05",
      "p" : "23.722",
      "s" : "sell",
      "i" : "AVAX_USDT",
      "m" : "4611686018436130719"
    }, {
      "d" : "1756460139191938526",
      "t" : 1756460139191,
      "tn" : 1756460139191938526,
      "q" : "0.05",
      "p" : "23.722",
      "s" : "sell",
      "i" : "AVAX_USDT",
      "m" : "4611686018436130718"
    }, {
      "d" : "1756460138417708960",
      "t" : 1756460138417,
      "tn" : 1756460138417708960,
      "q" : "0.05",
      "p" : "23.724",
      "s" : "sell",
      "i" : "AVAX_USDT",
      "m" : "4611686018436130717"
    }, {
      "d" : "1756460135739064962",
      "t" : 1756460135739,
      "tn" : 1756460135739064962,
      "q" : "38.20",
      "p" : "23.717",
      "s" : "buy",
      "i" : "AVAX_USDT",
      "m" : "4611686018436130716"
    }, {
      "d" : "1756460135734421386",
      "t" : 1756460135734,
      "tn" : 1756460135734421385,
      "q" : "1.89",
      "p" : "23.715",
      "s" : "buy",
      "i" : "AVAX_USDT",
      "m" : "4611686018436130715"
    }, {
      "d" : "1756460135734421385",
      "t" : 1756460135734,
      "tn" : 1756460135734421385,
      "q" : "0.08",
      "p" : "23.715",
      "s" : "buy",
      "i" : "AVAX_USDT",
      "m" : "4611686018436130715"
    }, {
      "d" : "1756460131588718181",
      "t" : 1756460131588,
      "tn" : 1756460131588718181,
      "q" : "0.05",
      "p" : "23.711",
      "s" : "sell",
      "i" : "AVAX_USDT",
      "m" : "4611686018436130714"
    }, {
      "d" : "1756460131581301109",
      "t" : 1756460131581,
      "tn" : 1756460131581301109,
      "q" : "0.05",
      "p" : "23.711",
      "s" : "sell",
      "i" : "AVAX_USDT",
      "m" : "4611686018436130713"
    }, {
      "d" : "1756460131520033471",
      "t" : 1756460131520,
      "tn" : 1756460131520033471,
      "q" : "0.05",
      "p" : "23.713",
      "s" : "sell",
      "i" : "AVAX_USDT",
      "m" : "4611686018436130712"
    }, {
      "d" : "1756460130770702506",
      "t" : 1756460130770,
      "tn" : 1756460130770702506,
      "q" : "0.05",
      "p" : "23.713",
      "s" : "sell",
      "i" : "AVAX_USDT",
      "m" : "4611686018436130711"
    }, {
      "d" : "1756460130608390942",
      "t" : 1756460130608,
      "tn" : 1756460130608390942,
      "q" : "0.05",
      "p" : "23.713",
      "s" : "sell",
      "i" : "AVAX_USDT",
      "m" : "4611686018436130710"
    }, {
      "d" : "1756460130444195745",
      "t" : 1756460130444,
      "tn" : 1756460130444195745,
      "q" : "0.05",
      "p" : "23.713",
      "s" : "sell",
      "i" : "AVAX_USDT",
      "m" : "4611686018436130709"
    }, {
      "d" : "1756460130146614003",
      "t" : 1756460130146,
      "tn" : 1756460130146614003,
      "q" : "0.05",
      "p" : "23.713",
      "s" : "sell",
      "i" : "AVAX_USDT",
      "m" : "4611686018436130708"
    }, {
      "d" : "1756460130136615956",
      "t" : 1756460130136,
      "tn" : 1756460130136615956,
      "q" : "0.05",
      "p" : "23.713",
      "s" : "sell",
      "i" : "AVAX_USDT",
      "m" : "4611686018436130707"
    }, {
      "d" : "1756460130119717014",
      "t" : 1756460130119,
      "tn" : 1756460130119717014,
      "q" : "0.05",
      "p" : "23.714",
      "s" : "sell",
      "i" : "AVAX_USDT",
      "m" : "4611686018436130706"
    }, {
      "d" : "1756460130109101940",
      "t" : 1756460130109,
      "tn" : 1756460130109101940,
      "q" : "0.05",
      "p" : "23.714",
      "s" : "sell",
      "i" : "AVAX_USDT",
      "m" : "4611686018436130705"
    }, {
      "d" : "1756460130055495404",
      "t" : 1756460130055,
      "tn" : 1756460130055495404,
      "q" : "0.05",
      "p" : "23.714",
      "s" : "sell",
      "i" : "AVAX_USDT",
      "m" : "4611686018436130704"
    }, {
      "d" : "1756460130043698420",
      "t" : 1756460130043,
      "tn" : 1756460130043698420,
      "q" : "0.05",
      "p" : "23.714",
      "s" : "sell",
      "i" : "AVAX_USDT",
      "m" : "4611686018436130703"
    }, {
      "d" : "1756460129792457163",
      "t" : 1756460129792,
      "tn" : 1756460129792457163,
      "q" : "0.05",
      "p" : "23.714",
      "s" : "sell",
      "i" : "AVAX_USDT",
      "m" : "4611686018436130702"
    }, {
      "d" : "1756460129762970565",
      "t" : 1756460129762,
      "tn" : 1756460129762970565,
      "q" : "12.39",
      "p" : "23.709",
      "s" : "buy",
      "i" : "AVAX_USDT",
      "m" : "4611686018436130701"
    }, {
      "d" : "1756460129756903953",
      "t" : 1756460129756,
      "tn" : 1756460129756903953,
      "q" : "45.97",
      "p" : "23.707",
      "s" : "buy",
      "i" : "AVAX_USDT",
      "m" : "4611686018436130700"
    }, {
      "d" : "1756460129756901652",
      "t" : 1756460129756,
      "tn" : 1756460129756901652,
      "q" : "0.08",
      "p" : "23.706",
      "s" : "buy",
      "i" : "AVAX_USDT",
      "m" : "4611686018436130699"
    }, {
      "d" : "1756460129756899220",
      "t" : 1756460129756,
      "tn" : 1756460129756899220,
      "q" : "26.32",
      "p" : "23.705",
      "s" : "buy",
      "i" : "AVAX_USDT",
      "m" : "4611686018436130698"
    }, {
      "d" : "1756460125514808989",
      "t" : 1756460125514,
      "tn" : 1756460125514808989,
      "q" : "10.55",
      "p" : "23.704",
      "s" : "buy",
      "i" : "AVAX_USDT",
      "m" : "4611686018436130697"
    }, {
      "d" : "1756460122919135504",
      "t" : 1756460122919,
      "tn" : 1756460122919135504,
      "q" : "0.05",
      "p" : "23.703",
      "s" : "sell",
      "i" : "AVAX_USDT",
      "m" : "4611686018436130696"
    }, {
      "d" : "1756460122388804528",
      "t" : 1756460122388,
      "tn" : 1756460122388804528,
      "q" : "10.56",
      "p" : "23.694",
      "s" : "buy",
      "i" : "AVAX_USDT",
      "m" : "4611686018436130695"
    }, {
      "d" : "1756460122388802861",
      "t" : 1756460122388,
      "tn" : 1756460122388802861,
      "q" : "0.49",
      "p" : "23.693",
      "s" : "buy",
      "i" : "AVAX_USDT",
      "m" : "4611686018436130694"
    }, {
      "d" : "1756460119748809563",
      "t" : 1756460119748,
      "tn" : 1756460119748809563,
      "q" : "0.08",
      "p" : "23.687",
      "s" : "buy",
      "i" : "AVAX_USDT",
      "m" : "4611686018436130693"
    }, {
      "d" : "1756460119748807471",
      "t" : 1756460119748,
      "tn" : 1756460119748807471,
      "q" : "0.49",
      "p" : "23.686",
      "s" : "buy",
      "i" : "AVAX_USDT",
      "m" : "4611686018436130692"
    }, {
      "d" : "1756460102484723906",
      "t" : 1756460102484,
      "tn" : 1756460102484723906,
      "q" : "0.05",
      "p" : "23.693",
      "s" : "sell",
      "i" : "AVAX_USDT",
      "m" : "4611686018436130691"
    }, {
      "d" : "1756460087409720273",
      "t" : 1756460087409,
      "tn" : 1756460087409720273,
      "q" : "0.49",
      "p" : "23.674",
      "s" : "buy",
      "i" : "AVAX_USDT",
      "m" : "4611686018436130690"
    }, {
      "d" : "1756460087409718372",
      "t" : 1756460087409,
      "tn" : 1756460087409718372,
      "q" : "0.08",
      "p" : "23.671",
      "s" : "buy",
      "i" : "AVAX_USDT",
      "m" : "4611686018436130689"
    }, {
      "d" : "1756460081986120941",
      "t" : 1756460081986,
      "tn" : 1756460081986120941,
      "q" : "0.05",
      "p" : "23.668",
      "s" : "sell",
      "i" : "AVAX_USDT",
      "m" : "4611686018436130688"
    }, {
      "d" : "1756460055482779866",
      "t" : 1756460055482,
      "tn" : 1756460055482779866,
      "q" : "0.05",
      "p" : "23.670",
      "s" : "sell",
      "i" : "AVAX_USDT",
      "m" : "4611686018436130687"
    }, {
      "d" : "1756460052984497986",
      "t" : 1756460052984,
      "tn" : 1756460052984497986,
      "q" : "0.05",
      "p" : "23.682",
      "s" : "sell",
      "i" : "AVAX_USDT",
      "m" : "4611686018436130686"
    }, {
      "d" : "1756460052978302514",
      "t" : 1756460052978,
      "tn" : 1756460052978302514,
      "q" : "0.05",
      "p" : "23.682",
      "s" : "sell",
      "i" : "AVAX_USDT",
      "m" : "4611686018436130685"
    }, {
      "d" : "1756460052968289882",
      "t" : 1756460052968,
      "tn" : 1756460052968289882,
      "q" : "0.05",
      "p" : "23.682",
      "s" : "sell",
      "i" : "AVAX_USDT",
      "m" : "4611686018436130684"
    }, {
      "d" : "1756460052948153325",
      "t" : 1756460052948,
      "tn" : 1756460052948153325,
      "q" : "0.05",
      "p" : "23.682",
      "s" : "sell",
      "i" : "AVAX_USDT",
      "m" : "4611686018436130683"
    }, {
      "d" : "1756460052883639002",
      "t" : 1756460052883,
      "tn" : 1756460052883639002,
      "q" : "0.05",
      "p" : "23.682",
      "s" : "sell",
      "i" : "AVAX_USDT",
      "m" : "4611686018436130682"
    }, {
      "d" : "1756460052873197982",
      "t" : 1756460052873,
      "tn" : 1756460052873197982,
      "q" : "0.05",
      "p" : "23.682",
      "s" : "sell",
      "i" : "AVAX_USDT",
      "m" : "4611686018436130681"
    }, {
      "d" : "1756460052828057066",
      "t" : 1756460052828,
      "tn" : 1756460052828057066,
      "q" : "0.05",
      "p" : "23.682",
      "s" : "sell",
      "i" : "AVAX_USDT",
      "m" : "4611686018436130680"
    }, {
      "d" : "1756460052809906804",
      "t" : 1756460052809,
      "tn" : 1756460052809906804,
      "q" : "0.05",
      "p" : "23.682",
      "s" : "sell",
      "i" : "AVAX_USDT",
      "m" : "4611686018436130679"
    }, {
      "d" : "1756460052560273046",
      "t" : 1756460052560,
      "tn" : 1756460052560273046,
      "q" : "0.05",
      "p" : "23.682",
      "s" : "sell",
      "i" : "AVAX_USDT",
      "m" : "4611686018436130678"
    }, {
      "d" : "1756460052536472876",
      "t" : 1756460052536,
      "tn" : 1756460052536472876,
      "q" : "0.05",
      "p" : "23.682",
      "s" : "sell",
      "i" : "AVAX_USDT",
      "m" : "4611686018436130677"
    }, {
      "d" : "1756460044012610275",
      "t" : 1756460044012,
      "tn" : 1756460044012610275,
      "q" : "0.05",
      "p" : "23.684",
      "s" : "sell",
      "i" : "AVAX_USDT",
      "m" : "4611686018436130676"
    }, {
      "d" : "1756460040578514255",
      "t" : 1756460040578,
      "tn" : 1756460040578514255,
      "q" : "0.05",
      "p" : "23.684",
      "s" : "sell",
      "i" : "AVAX_USDT",
      "m" : "4611686018436130675"
    }, {
      "d" : "1756460040543403412",
      "t" : 1756460040543,
      "tn" : 1756460040543403412,
      "q" : "0.05",
      "p" : "23.684",
      "s" : "sell",
      "i" : "AVAX_USDT",
      "m" : "4611686018436130674"
    }, {
      "d" : "1756460040533338445",
      "t" : 1756460040533,
      "tn" : 1756460040533338445,
      "q" : "0.05",
      "p" : "23.684",
      "s" : "sell",
      "i" : "AVAX_USDT",
      "m" : "4611686018436130673"
    }, {
      "d" : "1756460040518225718",
      "t" : 1756460040518,
      "tn" : 1756460040518225718,
      "q" : "0.05",
      "p" : "23.684",
      "s" : "sell",
      "i" : "AVAX_USDT",
      "m" : "4611686018436130672"
    }, {
      "d" : "1756460040457529759",
      "t" : 1756460040457,
      "tn" : 1756460040457529759,
      "q" : "0.05",
      "p" : "23.684",
      "s" : "sell",
      "i" : "AVAX_USDT",
      "m" : "4611686018436130671"
    }, {
      "d" : "1756460040408313708",
      "t" : 1756460040408,
      "tn" : 1756460040408313708,
      "q" : "0.05",
      "p" : "23.687",
      "s" : "sell",
      "i" : "AVAX_USDT",
      "m" : "4611686018436130670"
    }, {
      "d" : "1756460040343169732",
      "t" : 1756460040343,
      "tn" : 1756460040343169732,
      "q" : "0.05",
      "p" : "23.690",
      "s" : "sell",
      "i" : "AVAX_USDT",
      "m" : "4611686018436130669"
    }, {
      "d" : "1756460040333154360",
      "t" : 1756460040333,
      "tn" : 1756460040333154360,
      "q" : "0.05",
      "p" : "23.690",
      "s" : "sell",
      "i" : "AVAX_USDT",
      "m" : "4611686018436130668"
    }, {
      "d" : "1756460040326259971",
      "t" : 1756460040326,
      "tn" : 1756460040326259971,
      "q" : "0.03",
      "p" : "23.687",
      "s" : "sell",
      "i" : "AVAX_USDT",
      "m" : "4611686018436130667"
    }, {
      "d" : "1756460040326258400",
      "t" : 1756460040326,
      "tn" : 1756460040326258400,
      "q" : "0.05",
      "p" : "23.690",
      "s" : "sell",
      "i" : "AVAX_USDT",
      "m" : "4611686018436130666"
    }, {
      "d" : "1756460040289403660",
      "t" : 1756460040289,
      "tn" : 1756460040289403660,
      "q" : "0.05",
      "p" : "23.690",
      "s" : "sell",
      "i" : "AVAX_USDT",
      "m" : "4611686018436130665"
    }, {
      "d" : "1756460027722153812",
      "t" : 1756460027722,
      "tn" : 1756460027722153812,
      "q" : "0.05",
      "p" : "23.692",
      "s" : "sell",
      "i" : "AVAX_USDT",
      "m" : "4611686018436130664"
    }, {
      "d" : "1756460020345301278",
      "t" : 1756460020345,
      "tn" : 1756460020345301278,
      "q" : "0.08",
      "p" : "23.684",
      "s" : "buy",
      "i" : "AVAX_USDT",
      "m" : "4611686018436130663"
    }, {
      "d" : "1756460018868998991",
      "t" : 1756460018868,
      "tn" : 1756460018868998991,
      "q" : "41.65",
      "p" : "23.683",
      "s" : "buy",
      "i" : "AVAX_USDT",
      "m" : "4611686018436130662"
    }, {
      "d" : "1756460018839261598",
      "t" : 1756460018839,
      "tn" : 1756460018839261598,
      "q" : "10.55",
      "p" : "23.683",
      "s" : "buy",
      "i" : "AVAX_USDT",
      "m" : "4611686018436130661"
    }, {
      "d" : "1756460014273605666",
      "t" : 1756460014273,
      "tn" : 1756460014273605666,
      "q" : "0.05",
      "p" : "23.684",
      "s" : "sell",
      "i" : "AVAX_USDT",
      "m" : "4611686018436130660"
    }, {
      "d" : "1756460014078349528",
      "t" : 1756460014078,
      "tn" : 1756460014078349528,
      "q" : "0.05",
      "p" : "23.684",
      "s" : "sell",
      "i" : "AVAX_USDT",
      "m" : "4611686018436130659"
    }, {
      "d" : "1756460013978171805",
      "t" : 1756460013978,
      "tn" : 1756460013978171805,
      "q" : "0.05",
      "p" : "23.684",
      "s" : "sell",
      "i" : "AVAX_USDT",
      "m" : "4611686018436130658"
    }, {
      "d" : "1756460013933117865",
      "t" : 1756460013933,
      "tn" : 1756460013933117865,
      "q" : "0.05",
      "p" : "23.684",
      "s" : "sell",
      "i" : "AVAX_USDT",
      "m" : "4611686018436130657"
    }, {
      "d" : "1756460013923104279",
      "t" : 1756460013923,
      "tn" : 1756460013923104279,
      "q" : "0.05",
      "p" : "23.684",
      "s" : "sell",
      "i" : "AVAX_USDT",
      "m" : "4611686018436130656"
    }, {
      "d" : "1756460013913000472",
      "t" : 1756460013913,
      "tn" : 1756460013913000472,
      "q" : "0.05",
      "p" : "23.684",
      "s" : "sell",
      "i" : "AVAX_USDT",
      "m" : "4611686018436130655"
    }, {
      "d" : "1756460013887949734",
      "t" : 1756460013887,
      "tn" : 1756460013887949734,
      "q" : "0.05",
      "p" : "23.684",
      "s" : "sell",
      "i" : "AVAX_USDT",
      "m" : "4611686018436130654"
    }, {
      "d" : "1756460013877912415",
      "t" : 1756460013877,
      "tn" : 1756460013877912415,
      "q" : "0.05",
      "p" : "23.684",
      "s" : "sell",
      "i" : "AVAX_USDT",
      "m" : "4611686018436130653"
    }, {
      "d" : "1756460013837900833",
      "t" : 1756460013837,
      "tn" : 1756460013837900833,
      "q" : "0.05",
      "p" : "23.684",
      "s" : "sell",
      "i" : "AVAX_USDT",
      "m" : "4611686018436130652"
    }, {
      "d" : "1756460013780116174",
      "t" : 1756460013780,
      "tn" : 1756460013780116174,
      "q" : "0.05",
      "p" : "23.684",
      "s" : "sell",
      "i" : "AVAX_USDT",
      "m" : "4611686018436130651"
    }, {
      "d" : "1756460013678572758",
      "t" : 1756460013678,
      "tn" : 1756460013678572758,
      "q" : "0.05",
      "p" : "23.684",
      "s" : "sell",
      "i" : "AVAX_USDT",
      "m" : "4611686018436130650"
    }, {
      "d" : "1756460013594650052",
      "t" : 1756460013594,
      "tn" : 1756460013594650052,
      "q" : "0.05",
      "p" : "23.684",
      "s" : "sell",
      "i" : "AVAX_USDT",
      "m" : "4611686018436130649"
    }, {
      "d" : "1756460013579622400",
      "t" : 1756460013579,
      "tn" : 1756460013579622400,
      "q" : "0.05",
      "p" : "23.684",
      "s" : "sell",
      "i" : "AVAX_USDT",
      "m" : "4611686018436130648"
    }, {
      "d" : "1756460013569589675",
      "t" : 1756460013569,
      "tn" : 1756460013569589675,
      "q" : "0.05",
      "p" : "23.684",
      "s" : "sell",
      "i" : "AVAX_USDT",
      "m" : "4611686018436130647"
    }, {
      "d" : "1756460013519470605",
      "t" : 1756460013519,
      "tn" : 1756460013519470605,
      "q" : "0.05",
      "p" : "23.684",
      "s" : "sell",
      "i" : "AVAX_USDT",
      "m" : "4611686018436130646"
    }, {
      "d" : "1756460012905240817",
      "t" : 1756460012905,
      "tn" : 1756460012905240817,
      "q" : "0.05",
      "p" : "23.684",
      "s" : "sell",
      "i" : "AVAX_USDT",
      "m" : "4611686018436130645"
    }, {
      "d" : "1756460012875193875",
      "t" : 1756460012875,
      "tn" : 1756460012875193875,
      "q" : "0.05",
      "p" : "23.684",
      "s" : "sell",
      "i" : "AVAX_USDT",
      "m" : "4611686018436130644"
    }, {
      "d" : "1756460012779820381",
      "t" : 1756460012779,
      "tn" : 1756460012779820381,
      "q" : "0.05",
      "p" : "23.684",
      "s" : "sell",
      "i" : "AVAX_USDT",
      "m" : "4611686018436130643"
    }, {
      "d" : "1756460012729735031",
      "t" : 1756460012729,
      "tn" : 1756460012729735031,
      "q" : "0.05",
      "p" : "23.684",
      "s" : "sell",
      "i" : "AVAX_USDT",
      "m" : "4611686018436130642"
    }, {
      "d" : "1756460012709708479",
      "t" : 1756460012709,
      "tn" : 1756460012709708479,
      "q" : "0.05",
      "p" : "23.684",
      "s" : "sell",
      "i" : "AVAX_USDT",
      "m" : "4611686018436130641"
    }, {
      "d" : "1756460012679659025",
      "t" : 1756460012679,
      "tn" : 1756460012679659025,
      "q" : "0.05",
      "p" : "23.684",
      "s" : "sell",
      "i" : "AVAX_USDT",
      "m" : "4611686018436130640"
    }, {
      "d" : "1756460012438345008",
      "t" : 1756460012438,
      "tn" : 1756460012438345008,
      "q" : "0.08",
      "p" : "23.683",
      "s" : "sell",
      "i" : "AVAX_USDT",
      "m" : "4611686018436130639"
    }, {
      "d" : "1756460012185346913",
      "t" : 1756460012185,
      "tn" : 1756460012185346913,
      "q" : "0.05",
      "p" : "23.688",
      "s" : "sell",
      "i" : "AVAX_USDT",
      "m" : "4611686018436130638"
    }, {
      "d" : "1756460012129267687",
      "t" : 1756460012129,
      "tn" : 1756460012129267687,
      "q" : "0.05",
      "p" : "23.688",
      "s" : "sell",
      "i" : "AVAX_USDT",
      "m" : "4611686018436130637"
    }, {
      "d" : "1756460011447336561",
      "t" : 1756460011447,
      "tn" : 1756460011447336561,
      "q" : "0.05",
      "p" : "23.688",
      "s" : "sell",
      "i" : "AVAX_USDT",
      "m" : "4611686018436130636"
    }, {
      "d" : "1756460009934351358",
      "t" : 1756460009934,
      "tn" : 1756460009934351357,
      "q" : "0.05",
      "p" : "23.691",
      "s" : "sell",
      "i" : "AVAX_USDT",
      "m" : "4611686018436130635"
    }, {
      "d" : "1756460009934351357",
      "t" : 1756460009934,
      "tn" : 1756460009934351357,
      "q" : "10.56",
      "p" : "23.691",
      "s" : "sell",
      "i" : "AVAX_USDT",
      "m" : "4611686018436130635"
    }, {
      "d" : "1756459990303856283",
      "t" : 1756459990303,
      "tn" : 1756459990303856283,
      "q" : "0.05",
      "p" : "23.694",
      "s" : "sell",
      "i" : "AVAX_USDT",
      "m" : "4611686018436130634"
    }, {
      "d" : "1756459956487887039",
      "t" : 1756459956487,
      "tn" : 1756459956487887039,
      "q" : "0.05",
      "p" : "23.683",
      "s" : "sell",
      "i" : "AVAX_USDT",
      "m" : "4611686018436130633"
    }, {
      "d" : "1756459945110474697",
      "t" : 1756459945110,
      "tn" : 1756459945110474697,
      "q" : "0.05",
      "p" : "23.674",
      "s" : "sell",
      "i" : "AVAX_USDT",
      "m" : "4611686018436130632"
    }, {
      "d" : "1756459940802135163",
      "t" : 1756459940802,
      "tn" : 1756459940802135163,
      "q" : "0.05",
      "p" : "23.684",
      "s" : "sell",
      "i" : "AVAX_USDT",
      "m" : "4611686018436130631"
    }, {
      "d" : "1756459940264691218",
      "t" : 1756459940264,
      "tn" : 1756459940264691218,
      "q" : "0.05",
      "p" : "23.684",
      "s" : "sell",
      "i" : "AVAX_USDT",
      "m" : "4611686018436130630"
    } ]
  }
}