{
  "id" : -1,
  "method" : "public/get-trades",
  "code" : 0,
  "result" : {
    "data" : [ {
      "d" : "1756460171417571625",
      "t" : 1756460171417,
      "tn" : 1756460171417571625,
      "q" : "0.08",
      "p" : "0.00021590",
      "s" : "sell",
      "i" : "AVAX_BTC",
      "m" : "4611686018429386828"
    }, {
      "d" : "1756459940836653855",
      "t" : 1756459940836,
      "tn" : 1756459940836653855,
      "q" : "0.08",
      "p" : "0.00021585",
      "s" : "sell",
      "i" : "AVAX_BTC",
      "m" : "4611686018429386827"
    }, {
      "d" : "1756459877281070588",
      "t" : 1756459877281,
      "tn" : 1756459877281070588,
      "q" : "0.08",
      "p" : "0.00021607",
      "s" : "sell",
      "i" : "AVAX_BTC",
      "m" : "4611686018429386826"
    }, {
      "d" : "1756459403540892518",
      "t" : 1756459403540,
      "tn" : 1756459403540892518,
      "q" : "0.08",
      "p" : "0.00021633",
      "s" : "sell",
      "i" : "AVAX_BTC",
      "m" : "4611686018429386825"
    }, {
      "d" : "1756459403540890290",
      "t" : 1756459403540,
      "tn" : 1756459403540890290,
      "q" : "26.02",
      "p" : "0.00021634",
      "s" : "sell",
      "i" : "AVAX_BTC",
      "m" : "4611686018429386824"
    }, {
      "d" : "1756459172477396073",
      "t" : 1756459172477,
      "tn" : 1756459172477396073,
      "q" : "0.08",
      "p" : "0.00021609",
      "s" : "buy",
      "i" : "AVAX_BTC",
      "m" : "4611686018429386823"
    }, {
      "d" : "1756459172477393633",
      "t" : 1756459172477,
      "tn" : 1756459172477393633,
      "q" : "0.08",
      "p" : "0.00021608",
      "s" : "buy",
      "i" : "AVAX_BTC",
      "m" : "4611686018429386822"
    }, {
      "d" : "1756458980401828393",
      "t" : 1756458980401,
      "tn" : 1756458980401828393,
      "q" : "0.08",
      "p" : "0.00021558",
      "s" : "buy",
      "i" : "AVAX_BTC",
      "m" : "4611686018429386821"
    }, {
      "d" : "1756458980401826303",
      "t" : 1756458980401,
      "tn" : 1756458980401826303,
      "q" : "0.08",
      "p" : "0.00021557",
      "s" : "buy",
      "i" : "AVAX_BTC",
      "m" : "4611686018429386820"
    }, {
      "d" : "1756458179536352752",
      "t" : 1756458179536,
      "tn" : 1756458179536352752,
      "q" : "0.08",
      "p" : "0.00021492",
      "s" : "sell",
      "i" : "AVAX_BTC",
      "m" : "4611686018429386819"
    }, {
      "d" : "1756458116868322955",
      "t" : 1756458116868,
      "tn" : 1756458116868322955,
      "q" : "0.08",
      "p" : "0.00021514",
      "s" : "sell",
      "i" : "AVAX_BTC",
      "m" : "4611686018429386818"
    }, {
      "d" : "1756457811481163777",
      "t" : 1756457811481,
      "tn" : 1756457811481163777,
      "q" : "0.08",
      "p" : "0.00021562",
      "s" : "sell",
      "i" : "AVAX_BTC",
      "m" : "4611686018429386817"
    }, {
      "d" : "1756457791358196084",
      "t" : 1756457791358,
      "tn" : 1756457791358196084,
      "q" : "0.08",
      "p" : "0.00021581",
      "s" : "sell",
      "i" : "AVAX_BTC",
      "m" : "4611686018429386816"
    }, {
      "d" : "1756457593217854927",
      "t" : 1756457593217,
      "tn" : 1756457593217854927,
      "q" : "0.14",
      "p" : "0.00021694",
      "s" : "sell",
      "i" : "AVAX_BTC",
      "m" : "4611686018429386815"
    }, {
      "d" : "1756457589259463598",
      "t" : 1756457589259,
      "tn" : 1756457589259463598,
      "q" : "0.10",
      "p" : "0.00021726",
      "s" : "sell",
      "i" : "AVAX_BTC",
      "m" : "4611686018429386814"
    }, {
      "d" : "1756457583548392344",
      "t" : 1756457583548,
      "tn" : 1756457583548392344,
      "q" : "0.08",
      "p" : "0.00021763",
      "s" : "sell",
      "i" : "AVAX_BTC",
      "m" : "4611686018429386813"
    }, {
      "d" : "1756456778927588498",
      "t" : 1756456778927,
      "tn" : 1756456778927588498,
      "q" : "0.08",
      "p" : "0.00021752",
      "s" : "sell",
      "i" : "AVAX_BTC",
      "m" : "4611686018429386812"
    }, {
      "d" : "1756456536979169941",
      "t" : 1756456536979,
      "tn" : 1756456536979169941,
      "q" : "0.08",
      "p" : "0.00021713",
      "s" : "sell",
      "i" : "AVAX_BTC",
      "m" : "4611686018429386811"
    }, {
      "d" : "1756456536979167654",
      "t" : 1756456536979,
      "tn" : 1756456536979167654,
      "q" : "0.08",
      "p" : "0.00021714",
      "s" : "sell",
      "i" : "AVAX_BTC",
      "m" : "4611686018429386810"
    }, {
      "d" : "1756456513780866367",
      "t" : 1756456513780,
      "tn" : 1756456513780866367,
      "q" : "6.85",
      "p" : "0.00021700",
      "s" : "sell",
      "i" : "AVAX_BTC",
      "m" : "4611686018429386809"
    }, {
      "d" : "1756456513780864490",
      "t" : 1756456513780,
      "tn" : 1756456513780864490,
      "q" : "0.08",
      "p" : "0.00021711",
      "s" : "sell",
      "i" : "AVAX_BTC",
      "m" : "4611686018429386808"
    }, {
      "d" : "1756456436982920071",
      "t" : 1756456436982,
      "tn" : 1756456436982920071,
      "q" : "0.08",
      "p" : "0.00021722",
      "s" : "sell",
      "i" : "AVAX_BTC",
      "m" : "4611686018429386807"
    }, {
      "d" : "1756456436982917900",
      "t" : 1756456436982,
      "tn" : 1756456436982917900,
      "q" : "0.08",
      "p" : "0.00021723",
      "s" : "sell",
      "i" : "AVAX_BTC",
      "m" : "4611686018429386806"
    }, {
      "d" : "1756455832178201250",
      "t" : 1756455832178,
      "tn" : 1756455832178201250,
      "q" : "0.08",
      "p" : "0.00021751",
      "s" : "sell",
      "i" : "AVAX_BTC",
      "m" : "4611686018429386805"
    }, {
      "d" : "1756455832178198966",
      "t" : 1756455832178,
      "tn" : 1756455832178198966,
      "q" : "0.08",
      "p" : "0.00021752",
      "s" : "sell",
      "i" : "AVAX_BTC",
      "m" : "4611686018429386804"
    }, {
      "d" : "1756455399164920110",
      "t" : 1756455399164,
      "tn" : 1756455399164920110,
      "q" : "0.22",
      "p" : "0.00021723",
      "s" : "sell",
      "i" : "AVAX_BTC",
      "m" : "4611686018429386803"
    }, {
      "d" : "1756455388321509872",
      "t" : 1756455388321,
      "tn" : 1756455388321509872,
      "q" : "0.08",
      "p" : "0.00021753",
      "s" : "sell",
      "i" : "AVAX_BTC",
      "m" : "4611686018429386802"
    }, {
      "d" : "1756455388321507174",
      "t" : 1756455388321,
      "tn" : 1756455388321507174,
      "q" : "0.08",
      "p" : "0.00021754",
      "s" : "sell",
      "i" : "AVAX_BTC",
      "m" : "4611686018429386801"
    }, {
      "d" : "1756455303091214135",
      "t" : 1756455303091,
      "tn" : 1756455303091214135,
      "q" : "0.08",
      "p" : "0.00021781",
      "s" : "buy",
      "i" : "AVAX_BTC",
      "m" : "4611686018429386800"
    }, {
      "d" : "1756455214226464190",
      "t" : 1756455214226,
      "tn" : 1756455214226464190,
      "q" : "0.08",
      "p" : "0.00021798",
      "s" : "buy",
      "i" : "AVAX_BTC",
      "m" : "4611686018429386799"
    }, {
      "d" : "1756455214226461743",
      "t" : 1756455214226,
      "tn" : 1756455214226461743,
      "q" : "21.39",
      "p" : "0.00021797",
      "s" : "buy",
      "i" : "AVAX_BTC",
      "m" : "4611686018429386798"
    }, {
      "d" : "1756455122906010472",
      "t" : 1756455122906,
      "tn" : 1756455122906010472,
      "q" : "0.08",
      "p" : "0.00021782",
      "s" : "buy",
      "i" : "AVAX_BTC",
      "m" : "4611686018429386797"
    }, {
      "d" : "1756455122906008072",
      "t" : 1756455122906,
      "tn" : 1756455122906008072,
      "q" : "0.08",
      "p" : "0.00021781",
      "s" : "buy",
      "i" : "AVAX_BTC",
      "m" : "4611686018429386796"
    }, {
      "d" : "1756455068691681908",
      "t" : 1756455068691,
      "tn" : 1756455068691681908,
      "q" : "0.08",
      "p" : "0.00021756",
      "s" : "sell",
      "i" : "AVAX_BTC",
      "m" : "4611686018429386795"
    }, {
      "d" : "1756455054629918848",
      "t" : 1756455054629,
      "tn" : 1756455054629918848,
      "q" : "0.19",
      "p" : "0.00021770",
      "s" : "sell",
      "i" : "AVAX_BTC",
      "m" : "4611686018429386794"
    }, {
      "d" : "1756455050266119180",
      "t" : 1756455050266,
      "tn" : 1756455050266119180,
      "q" : "0.08",
      "p" : "0.00021803",
      "s" : "sell",
      "i" : "AVAX_BTC",
      "m" : "4611686018429386793"
    }, {
      "d" : "1756454530497413062",
      "t" : 1756454530497,
      "tn" : 1756454530497413062,
      "q" : "0.08",
      "p" : "0.00021967",
      "s" : "buy",
      "i" : "AVAX_BTC",
      "m" : "4611686018429386792"
    }, {
      "d" : "1756454530497410549",
      "t" : 1756454530497,
      "tn" : 1756454530497410549,
      "q" : "0.08",
      "p" : "0.00021966",
      "s" : "buy",
      "i" : "AVAX_BTC",
      "m" : "4611686018429386791"
    }, {
      "d" : "1756454435672687377",
      "t" : 1756454435672,
      "tn" : 1756454435672687377,
      "q" : "0.08",
      "p" : "0.00021948",
      "s" : "buy",
      "i" : "AVAX_BTC",
      "m" : "4611686018429386790"
    }, {
      "d" : "1756454354579884548",
      "t" : 1756454354579,
      "tn" : 1756454354579884548,
      "q" : "0.10",
      "p" : "0.00021959",
      "s" : "buy",
      "i" : "AVAX_BTC",
      "m" : "4611686018429386789"
    }, {
      "d" : "1756454354579882367",
      "t" : 1756454354579,
      "tn" : 1756454354579882367,
      "q" : "57.92",
      "p" : "0.00021958",
      "s" : "buy",
      "i" : "AVAX_BTC",
      "m" : "4611686018429386788"
    }, {
      "d" : "1756453794410789263",
      "t" : 1756453794410,
      "tn" : 1756453794410789263,
      "q" : "34.08",
      "p" : "0.00021985",
      "s" : "sell",
      "i" : "AVAX_BTC",
      "m" : "4611686018429386787"
    }, {
      "d" : "1756453648207963805",
      "t" : 1756453648207,
      "tn" : 1756453648207963805,
      "q" : "0.08",
      "p" : "0.00021967",
      "s" : "sell",
      "i" : "AVAX_BTC",
      "m" : "4611686018429386786"
    }, {
      "d" : "1756453464017994685",
      "t" : 1756453464017,
      "tn" : 1756453464017994685,
      "q" : "0.08",
      "p" : "0.00021945",
      "s" : "sell",
      "i" : "AVAX_BTC",
      "m" : "4611686018429386785"
    }, {
      "d" : "1756453464017992016",
      "t" : 1756453464017,
      "tn" : 1756453464017992016,
      "q" : "0.08",
      "p" : "0.00021946",
      "s" : "sell",
      "i" : "AVAX_BTC",
      "m" : "4611686018429386784"
    }, {
      "d" : "1756453385847953323",
      "t" : 1756453385847,
      "tn" : 1756453385847953323,
      "q" : "0.08",
      "p" : "0.00021951",
      "s" : "sell",
      "i" : "AVAX_BTC",
      "m" : "4611686018429386783"
    }, {
      "d" : "1756453385847950582",
      "t" : 1756453385847,
      "tn" : 1756453385847950582,
      "q" : "0.08",
      "p" : "0.00021952",
      "s" : "sell",
      "i" : "AVAX_BTC",
      "m" : "4611686018429386782"
    }, {
      "d" : "1756453344918439661",
      "t" : 1756453344918,
      "tn" : 1756453344918439661,
      "q" : "0.08",
      "p" : "0.00021981",
      "s" : "sell",
      "i" : "AVAX_BTC",
      "m" : "4611686018429386781"
    }, {
      "d" : "1756453344918437087",
      "t" : 1756453344918,
      "tn" : 1756453344918437087,
      "q" : "0.08",
      "p" : "0.00021982",
      "s" : "sell",
      "i" : "AVAX_BTC",
      "m" : "4611686018429386780"
    }, {
      "d" : "1756453093586905113",
      "t" : 1756453093586,
      "tn" : 1756453093586905113,
      "q" : "0.08",
      "p" : "0.00021974",
      "s" : "buy",
      "i" : "AVAX_BTC",
      "m" : "4611686018429386779"
    }, {
      "d" : "1756452771469660042",
      "t" : 1756452771469,
      "tn" : 1756452771469660042,
      "q" : "0.08",
      "p" : "0.00021981",
      "s" : "buy",
      "i" : "AVAX_BTC",
      "m" : "4611686018429386778"
    }, {
      "d" : "1756452771469657901",
      "t" : 1756452771469,
      "tn" : 1756452771469657901,
      "q" : "0.08",
      "p" : "0.00021980",
      "s" : "buy",
      "i" : "AVAX_BTC",
      "m" : "4611686018429386777"
    }, {
      "d" : "1756452730462577048",
      "t" : 1756452730462,
      "tn" : 1756452730462577048,
      "q" : "0.08",
      "p" : "0.00021939",
      "s" : "buy",
      "i" : "AVAX_BTC",
      "m" : "4611686018429386776"
    }, {
      "d" : "1756452730462575170",
      "t" : 1756452730462,
      "tn" : 1756452730462575170,
      "q" : "0.08",
      "p" : "0.00021938",
      "s" : "buy",
      "i" : "AVAX_BTC",
      "m" : "4611686018429386775"
    }, {
      "d" : "1756452617858007145",
      "t" : 1756452617858,
      "tn" : 1756452617858007145,
      "q" : "0.08",
      "p" : "0.00021876",
      "s" : "sell",
      "i" : "AVAX_BTC",
      "m" : "4611686018429386774"
    }, {
      "d" : "1756452617858004826",
      "t" : 1756452617858,
      "tn" : 1756452617858004826,
      "q" : "0.08",
      "p" : "0.00021877",
      "s" : "sell",
      "i" : "AVAX_BTC",
      "m" : "4611686018429386773"
    }, {
      "d" : "1756452494373077886",
      "t" : 1756452494373,
      "tn" : 1756452494373077886,
      "q" : "0.08",
      "p" : "0.00021896",
      "s" : "buy",
      "i" : "AVAX_BTC",
      "m" : "4611686018429386772"
    }, {
      "d" : "1756452387653933917",
      "t" : 1756452387653,
      "tn" : 1756452387653933917,
      "q" : "0.24",
      "p" : "0.00021864",
      "s" : "sell",
      "i" : "AVAX_BTC",
      "m" : "4611686018429386771"
    }, {
      "d" : "1756452387653931954",
      "t" : 1756452387653,
      "tn" : 1756452387653931954,
      "q" : "0.08",
      "p" : "0.00021865",
      "s" : "sell",
      "i" : "AVAX_BTC",
      "m" : "4611686018429386770"
    }, {
      "d" : "1756452369935879749",
      "t" : 1756452369935,
      "tn" : 1756452369935879749,
      "q" : "0.08",
      "p" : "0.00021893",
      "s" : "sell",
      "i" : "AVAX_BTC",
      "m" : "4611686018429386769"
    }, {
      "d" : "1756452345016913061",
      "t" : 1756452345016,
      "tn" : 1756452345016913061,
      "q" : "0.08",
      "p" : "0.00021911",
      "s" : "sell",
      "i" : "AVAX_BTC",
      "m" : "4611686018429386768"
    }, {
      "d" : "1756452345016910713",
      "t" : 1756452345016,
      "tn" : 1756452345016910713,
      "q" : "0.08",
      "p" : "0.00021912",
      "s" : "sell",
      "i" : "AVAX_BTC",
      "m" : "4611686018429386767"
    }, {
      "d" : "1756452195979191163",
      "t" : 1756452195979,
      "tn" : 1756452195979191163,
      "q" : "0.08",
      "p" : "0.00021931",
      "s" : "buy",
      "i" : "AVAX_BTC",
      "m" : "4611686018429386766"
    }, {
      "d" : "1756452195979188676",
      "t" : 1756452195979,
      "tn" : 1756452195979188676,
      "q" : "0.08",
      "p" : "0.00021930",
      "s" : "buy",
      "i" : "AVAX_BTC",
      "m" : "4611686018429386765"
    }, {
      "d" : "1756452071364530700",
      "t" : 1756452071364,
      "tn" : 1756452071364530700,
      "q" : "0.08",
      "p" : "0.00021947",
      "s" : "sell",
      "i" : "AVAX_BTC",
      "m" : "4611686018429386764"
    }, {
      "d" : "1756452071364528713",
      "t" : 1756452071364,
      "tn" : 1756452071364528713,
      "q" : "0.08",
      "p" : "0.00021948",
      "s" : "sell",
      "i" : "AVAX_BTC",
      "m" : "4611686018429386763"
    }, {
      "d" : "1756452011728815800",
      "t" : 1756452011728,
      "tn" : 1756452011728815800,
      "q" : "0.49",
      "p" : "0.00021966",
      "s" : "sell",
      "i" : "AVAX_BTC",
      "m" : "4611686018429386762"
    }, {
      "d" : "1756451840706379837",
      "t" : 1756451840706,
      "tn" : 1756451840706379837,
      "q" : "0.08",
      "p" : "0.00021934",
      "s" : "sell",
      "i" : "AVAX_BTC",
      "m" : "4611686018429386761"
    }, {
      "d" : "1756451720781644818",
      "t" : 1756451720781,
      "tn" : 1756451720781644818,
      "q" : "0.08",
      "p" : "0.00021920",
      "s" : "sell",
      "i" : "AVAX_BTC",
      "m" : "4611686018429386760"
    }, {
      "d" : "1756451720781642566",
      "t" : 1756451720781,
      "tn" : 1756451720781642566,
      "q" : "0.08",
      "p" : "0.00021921",
      "s" : "sell",
      "i" : "AVAX_BTC",
      "m" : "4611686018429386759"
    }, {
      "d" : "1756451662478297970",
      "t" : 1756451662478,
      "tn" : 1756451662478297970,
      "q" : "0.08",
      "p" : "0.00021940",
      "s" : "sell",
      "i" : "AVAX_BTC",
      "m" : "4611686018429386758"
    }, {
      "d" : "1756451662478295838",
      "t" : 1756451662478,
      "tn" : 1756451662478295838,
      "q" : "0.08",
      "p" : "0.00021941",
      "s" : "sell",
      "i" : "AVAX_BTC",
      "m" : "4611686018429386757"
    }, {
      "d" : "1756451400279372783",
      "t" : 1756451400279,
      "tn" : 1756451400279372783,
      "q" : "0.08",
      "p" : "0.00021981",
      "s" : "sell",
      "i" : "AVAX_BTC",
      "m" : "4611686018429386756"
    }, {
      "d" : "1756451288383070028",
      "t" : 1756451288383,
      "tn" : 1756451288383070028,
      "q" : "0.08",
      "p" : "0.00022026",
      "s" : "sell",
      "i" : "AVAX_BTC",
      "m" : "4611686018429386755"
    }, {
      "d" : "1756451288383067272",
      "t" : 1756451288383,
      "tn" : 1756451288383067272,
      "q" : "5.98",
      "p" : "0.00022027",
      "s" : "sell",
      "i" : "AVAX_BTC",
      "m" : "4611686018429386754"
    }, {
      "d" : "1756451277494093807",
      "t" : 1756451277494,
      "tn" : 1756451277494093807,
      "q" : "0.08",
      "p" : "0.00022024",
      "s" : "sell",
      "i" : "AVAX_BTC",
      "m" : "4611686018429386753"
    }, {
      "d" : "1756451277494091156",
      "t" : 1756451277494,
      "tn" : 1756451277494091156,
      "q" : "0.08",
      "p" : "0.00022025",
      "s" : "sell",
      "i" : "AVAX_BTC",
      "m" : "4611686018429386752"
    }, {
      "d" : "1756451248622143165",
      "t" : 1756451248622,
      "tn" : 1756451248622143165,
      "q" : "0.08",
      "p" : "0.00022041",
      "s" : "sell",
      "i" : "AVAX_BTC",
      "m" : "4611686018429386751"
    }, {
      "d" : "1756451248622140327",
      "t" : 1756451248622,
      "tn" : 1756451248622140327,
      "q" : "0.08",
      "p" : "0.00022042",
      "s" : "sell",
      "i" : "AVAX_BTC",
      "m" : "4611686018429386750"
    }, {
      "d" : "1756451214520977708",
      "t" : 1756451214520,
      "tn" : 1756451214520977708,
      "q" : "0.13",
      "p" : "0.00022079",
      "s" : "sell",
      "i" : "AVAX_BTC",
      "m" : "4611686018429386749"
    }, {
      "d" : "1756451193449879626",
      "t" : 1756451193449,
      "tn" : 1756451193449879626,
      "q" : "0.08",
      "p" : "0.00022077",
      "s" : "sell",
      "i" : "AVAX_BTC",
      "m" : "4611686018429386748"
    }, {
      "d" : "1756451193449876982",
      "t" : 1756451193449,
      "tn" : 1756451193449876982,
      "q" : "6.88",
      "p" : "0.00022078",
      "s" : "sell",
      "i" : "AVAX_BTC",
      "m" : "4611686018429386747"
    }, {
      "d" : "1756451139737270406",
      "t" : 1756451139737,
      "tn" : 1756451139737270406,
      "q" : "0.08",
      "p" : "0.00022103",
      "s" : "sell",
      "i" : "AVAX_BTC",
      "m" : "4611686018429386746"
    }, {
      "d" : "1756451139737268120",
      "t" : 1756451139737,
      "tn" : 1756451139737268120,
      "q" : "0.08",
      "p" : "0.00022104",
      "s" : "sell",
      "i" : "AVAX_BTC",
      "m" : "4611686018429386745"
    }, {
      "d" : "1756451111480614290",
      "t" : 1756451111480,
      "tn" : 1756451111480614290,
      "q" : "0.08",
      "p" : "0.00022128",
      "s" : "sell",
      "i" : "AVAX_BTC",
      "m" : "4611686018429386744"
    }, {
      "d" : "1756451111480612134",
      "t" : 1756451111480,
      "tn" : 1756451111480612134,
      "q" : "0.08",
      "p" : "0.00022129",
      "s" : "sell",
      "i" : "AVAX_BTC",
      "m" : "4611686018429386743"
    }, {
      "d" : "1756450969165851946",
      "t" : 1756450969165,
      "tn" : 1756450969165851946,
      "q" : "0.08",
      "p" : "0.00022078",
      "s" : "sell",
      "i" : "AVAX_BTC",
      "m" : "4611686018429386742"
    }, {
      "d" : "1756450946978812023",
      "t" : 1756450946978,
      "tn" : 1756450946978812023,
      "q" : "0.08",
      "p" : "0.00022115",
      "s" : "sell",
      "i" : "AVAX_BTC",
      "m" : "4611686018429386741"
    }, {
      "d" : "1756450654438106585",
      "t" : 1756450654438,
      "tn" : 1756450654438106585,
      "q" : "0.08",
      "p" : "0.00022207",
      "s" : "buy",
      "i" : "AVAX_BTC",
      "m" : "4611686018429386740"
    }, {
      "d" : "1756450393025245441",
      "t" : 1756450393025,
      "tn" : 1756450393025245441,
      "q" : "0.08",
      "p" : "0.00022185",
      "s" : "buy",
      "i" : "AVAX_BTC",
      "m" : "4611686018429386739"
    }, {
      "d" : "1756450381585780842",
      "t" : 1756450381585,
      "tn" : 1756450381585780842,
      "q" : "0.08",
      "p" : "0.00022157",
      "s" : "sell",
      "i" : "AVAX_BTC",
      "m" : "4611686018429386738"
    }, {
      "d" : "1756450227457492235",
      "t" : 1756450227457,
      "tn" : 1756450227457492235,
      "q" : "0.08",
      "p" : "0.00022155",
      "s" : "sell",
      "i" : "AVAX_BTC",
      "m" : "4611686018429386737"
    }, {
      "d" : "1756450198349465319",
      "t" : 1756450198349,
      "tn" : 1756450198349465319,
      "q" : "0.08",
      "p" : "0.00022183",
      "s" : "sell",
      "i" : "AVAX_BTC",
      "m" : "4611686018429386736"
    }, {
      "d" : "1756450198349462335",
      "t" : 1756450198349,
      "tn" : 1756450198349462335,
      "q" : "0.08",
      "p" : "0.00022184",
      "s" : "sell",
      "i" : "AVAX_BTC",
      "m" : "4611686018429386735"
    }, {
      "d" : "1756450122196713348",
      "t" : 1756450122196,
      "tn" : 1756450122196713348,
      "q" : "0.08",
      "p" : "0.00022195",
      "s" : "sell",
      "i" : "AVAX_BTC",
      "m" : "4611686018429386734"
    }, {
      "d" : "1756450122196711347",
      "t" : 1756450122196,
      "tn" : 1756450122196711347,
      "q" : "0.08",
      "p" : "0.00022196",
      "s" : "sell",
      "i" : "AVAX_BTC",
      "m" : "4611686018429386733"
    }, {
      "d" : "1756450114750534432",
      "t" : 1756450114750,
      "tn" : 1756450114750534432,
      "q" : "0.08",
      "p" : "0.00022218",
      "s" : "sell",
      "i" : "AVAX_BTC",
      "m" : "4611686018429386732"
    }, {
      "d" : "1756450114750532249",
      "t" : 1756450114750,
      "tn" : 1756450114750532249,
      "q" : "0.08",
      "p" : "0.00022219",
      "s" : "sell",
      "i" : "AVAX_BTC",
      "m" : "4611686018429386731"
    }, {
      "d" : "1756450014254168160",
      "t" : 1756450014254,
      "tn" : 1756450014254168160,
      "q" : "0.08",
      "p" : "0.00022218",
      "s" : "sell",
      "i" : "AVAX_BTC",
      "m" : "4611686018429386730"
    }, {
      "d" : "1756449908180562932",
      "t" : 1756449908180,
      "tn" : 1756449908180562932,
      "q" : "0.08",
      "p" : "0.00022232",
      "s" : "sell",
      "i" : "AVAX_BTC",
      "m" : "4611686018429386729"
    }, {
      "d" : "1756449870119106768",
      "t" : 1756449870119,
      "tn" : 1756449870119106768,
      "q" : "0.08",
      "p" : "0.00022224",
      "s" : "buy",
      "i" : "AVAX_BTC",
      "m" : "4611686018429386728"
    }, {
      "d" : "1756449781320530217",
      "t" : 1756449781320,
      "tn" : 1756449781320530217,
      "q" : "0.08",
      "p" : "0.00022186",
      "s" : "sell",
      "i" : "AVAX_BTC",
      "m" : "4611686018429386727"
    }, {
      "d" : "1756449720867016175",
      "t" : 1756449720867,
      "tn" : 1756449720867016175,
      "q" : "0.08",
      "p" : "0.00022166",
      "s" : "sell",
      "i" : "AVAX_BTC",
      "m" : "4611686018429386726"
    }, {
      "d" : "1756449708110317716",
      "t" : 1756449708110,
      "tn" : 1756449708110317716,
      "q" : "0.08",
      "p" : "0.00022165",
      "s" : "sell",
      "i" : "AVAX_BTC",
      "m" : "4611686018429386725"
    }, {
      "d" : "1756449641639250548",
      "t" : 1756449641639,
      "tn" : 1756449641639250548,
      "q" : "0.08",
      "p" : "0.00022113",
      "s" : "sell",
      "i" : "AVAX_BTC",
      "m" : "4611686018429386724"
    }, {
      "d" : "1756449603744046388",
      "t" : 1756449603744,
      "tn" : 1756449603744046388,
      "q" : "16.00",
      "p" : "0.00022089",
      "s" : "sell",
      "i" : "AVAX_BTC",
      "m" : "4611686018429386723"
    }, {
      "d" : "1756449603744044016",
      "t" : 1756449603744,
      "tn" : 1756449603744044016,
      "q" : "39.95",
      "p" : "0.00022090",
      "s" : "sell",
      "i" : "AVAX_BTC",
      "m" : "4611686018429386722"
    }, {
      "d" : "1756449601283597377",
      "t" : 1756449601283,
      "tn" : 1756449601283597377,
      "q" : "0.08",
      "p" : "0.00022125",
      "s" : "sell",
      "i" : "AVAX_BTC",
      "m" : "4611686018429386721"
    }, {
      "d" : "1756449596174844516",
      "t" : 1756449596174,
      "tn" : 1756449596174844516,
      "q" : "0.08",
      "p" : "0.00022159",
      "s" : "sell",
      "i" : "AVAX_BTC",
      "m" : "4611686018429386720"
    }, {
      "d" : "1756449579879744057",
      "t" : 1756449579879,
      "tn" : 1756449579879744057,
      "q" : "0.09",
      "p" : "0.00022183",
      "s" : "sell",
      "i" : "AVAX_BTC",
      "m" : "4611686018429386719"
    }, {
      "d" : "1756449567622213760",
      "t" : 1756449567622,
      "tn" : 1756449567622213760,
      "q" : "0.08",
      "p" : "0.00022208",
      "s" : "sell",
      "i" : "AVAX_BTC",
      "m" : "4611686018429386718"
    }, {
      "d" : "1756449536484876349",
      "t" : 1756449536484,
      "tn" : 1756449536484876349,
      "q" : "0.08",
      "p" : "0.00022232",
      "s" : "sell",
      "i" : "AVAX_BTC",
      "m" : "4611686018429386717"
    }, {
      "d" : "1756449431186784635",
      "t" : 1756449431186,
      "tn" : 1756449431186784635,
      "q" : "0.08",
      "p" : "0.00022313",
      "s" : "buy",
      "i" : "AVAX_BTC",
      "m" : "4611686018429386716"
    }, {
      "d" : "1756449430143213623",
      "t" : 1756449430143,
      "tn" : 1756449430143213623,
      "q" : "0.08",
      "p" : "0.00022312",
      "s" : "buy",
      "i" : "AVAX_BTC",
      "m" : "4611686018429386715"
    }, {
      "d" : "1756448211693744355",
      "t" : 1756448211693,
      "tn" : 1756448211693744355,
      "q" : "0.08",
      "p" : "0.00022309",
      "s" : "sell",
      "i" : "AVAX_BTC",
      "m" : "4611686018429386714"
    }, {
      "d" : "1756448119285703010",
      "t" : 1756448119285,
      "tn" : 1756448119285703010,
      "q" : "0.08",
      "p" : "0.00022348",
      "s" : "sell",
      "i" : "AVAX_BTC",
      "m" : "4611686018429386713"
    }, {
      "d" : "1756448070283473688",
      "t" : 1756448070283,
      "tn" : 1756448070283473688,
      "q" : "0.08",
      "p" : "0.00022371",
      "s" : "sell",
      "i" : "AVAX_BTC",
      "m" : "4611686018429386712"
    }, {
      "d" : "1756447684078798012",
      "t" : 1756447684078,
      "tn" : 1756447684078798012,
      "q" : "0.08",
      "p" : "0.00022439",
      "s" : "sell",
      "i" : "AVAX_BTC",
      "m" : "4611686018429386711"
    }, {
      "d" : "1756447684078795600",
      "t" : 1756447684078,
      "tn" : 1756447684078795600,
      "q" : "0.08",
      "p" : "0.00022440",
      "s" : "sell",
      "i" : "AVAX_BTC",
      "m" : "4611686018429386710"
    }, {
      "d" : "1756447608942860357",
      "t" : 1756447608942,
      "tn" : 1756447608942860357,
      "q" : "0.08",
      "p" : "0.00022456",
      "s" : "buy",
      "i" : "AVAX_BTC",
      "m" : "4611686018429386709"
    }, {
      "d" : "1756447124701240356",
      "t" : 1756447124701,
      "tn" : 1756447124701240356,
      "q" : "6.90",
      "p" : "0.00022452",
      "s" : "buy",
      "i" : "AVAX_BTC",
      "m" : "4611686018429386708"
    }, {
      "d" : "1756447108393081670",
      "t" : 1756447108393,
      "tn" : 1756447108393081670,
      "q" : "0.08",
      "p" : "0.00022448",
      "s" : "buy",
      "i" : "AVAX_BTC",
      "m" : "4611686018429386707"
    }, {
      "d" : "1756446770345882866",
      "t" : 1756446770345,
      "tn" : 1756446770345882866,
      "q" : "0.08",
      "p" : "0.00022397",
      "s" : "sell",
      "i" : "AVAX_BTC",
      "m" : "4611686018429386706"
    }, {
      "d" : "1756446602989700406",
      "t" : 1756446602989,
      "tn" : 1756446602989700406,
      "q" : "0.08",
      "p" : "0.00022455",
      "s" : "sell",
      "i" : "AVAX_BTC",
      "m" : "4611686018429386705"
    }, {
      "d" : "1756446602989698372",
      "t" : 1756446602989,
      "tn" : 1756446602989698372,
      "q" : "0.08",
      "p" : "0.00022456",
      "s" : "sell",
      "i" : "AVAX_BTC",
      "m" : "4611686018429386704"
    }, {
      "d" : "1756446513742638532",
      "t" : 1756446513742,
      "tn" : 1756446513742638532,
      "q" : "6.90",
      "p" : "0.00022472",
      "s" : "buy",
      "i" : "AVAX_BTC",
      "m" : "4611686018429386703"
    }, {
      "d" : "1756446513742635940",
      "t" : 1756446513742,
      "tn" : 1756446513742635940,
      "q" : "0.08",
      "p" : "0.00022471",
      "s" : "buy",
      "i" : "AVAX_BTC",
      "m" : "4611686018429386702"
    }, {
      "d" : "1756446510175182080",
      "t" : 1756446510175,
      "tn" : 1756446510175182080,
      "q" : "0.08",
      "p" : "0.00022453",
      "s" : "buy",
      "i" : "AVAX_BTC",
      "m" : "4611686018429386701"
    }, {
      "d" : "1756446454050336489",
      "t" : 1756446454050,
      "tn" : 1756446454050336489,
      "q" : "0.08",
      "p" : "0.00022412",
      "s" : "buy",
      "i" : "AVAX_BTC",
      "m" : "4611686018429386700"
    }, {
      "d" : "1756446224780314070",
      "t" : 1756446224780,
      "tn" : 1756446224780314070,
      "q" : "0.08",
      "p" : "0.00022398",
      "s" : "buy",
      "i" : "AVAX_BTC",
      "m" : "4611686018429386699"
    }, {
      "d" : "1756446224780311675",
      "t" : 1756446224780,
      "tn" : 1756446224780311675,
      "q" : "0.08",
      "p" : "0.00022397",
      "s" : "buy",
      "i" : "AVAX_BTC",
      "m" : "4611686018429386698"
    }, {
      "d" : "1756446006089435817",
      "t" : 1756446006089,
      "tn" : 1756446006089435817,
      "q" : "0.08",
      "p" : "0.00022380",
      "s" : "buy",
      "i" : "AVAX_BTC",
      "m" : "4611686018429386697"
    }, {
      "d" : "1756445076560657649",
      "t" : 1756445076560,
      "tn" : 1756445076560657649,
      "q" : "0.08",
      "p" : "0.00022306",
      "s" : "sell",
      "i" : "AVAX_BTC",
      "m" : "4611686018429386696"
    }, {
      "d" : "1756444030073389342",
      "t" : 1756444030073,
      "tn" : 1756444030073389342,
      "q" : "0.08",
      "p" : "0.00022369",
      "s" : "buy",
      "i" : "AVAX_BTC",
      "m" : "4611686018429386695"
    }, {
      "d" : "1756443671311696448",
      "t" : 1756443671311,
      "tn" : 1756443671311696448,
      "q" : "0.08",
      "p" : "0.00022359",
      "s" : "buy",
      "i" : "AVAX_BTC",
      "m" : "4611686018429386694"
    }, {
      "d" : "1756443458500138494",
      "t" : 1756443458500,
      "tn" : 1756443458500138494,
      "q" : "0.08",
      "p" : "0.00022346",
      "s" : "sell",
      "i" : "AVAX_BTC",
      "m" : "4611686018429386693"
    }, {
      "d" : "1756443417710765738",
      "t" : 1756443417710,
      "tn" : 1756443417710765738,
      "q" : "0.08",
      "p" : "0.00022356",
      "s" : "sell",
      "i" : "AVAX_BTC",
      "m" : "4611686018429386692"
    }, {
      "d" : "1756443417710763822",
      "t" : 1756443417710,
      "tn" : 1756443417710763822,
      "q" : "0.08",
      "p" : "0.00022357",
      "s" : "sell",
      "i" : "AVAX_BTC",
      "m" : "4611686018429386691"
    }, {
      "d" : "1756443322870220359",
      "t" : 1756443322870,
      "tn" : 1756443322870220359,
      "q" : "0.08",
      "p" : "0.00022369",
      "s" : "sell",
      "i" : "AVAX_BTC",
      "m" : "4611686018429386690"
    }, {
      "d" : "1756443322870218136",
      "t" : 1756443322870,
      "tn" : 1756443322870218136,
      "q" : "0.08",
      "p" : "0.00022370",
      "s" : "sell",
      "i" : "AVAX_BTC",
      "m" : "4611686018429386689"
    }, {
      "d" : "1756443075925216345",
      "t" : 1756443075925,
      "tn" : 1756443075925216345,
      "q" : "0.08",
      "p" : "0.00022390",
      "s" : "sell",
      "i" : "AVAX_BTC",
      "m" : "4611686018429386688"
    }, {
      "d" : "1756443075925214278",
      "t" : 1756443075925,
      "tn" : 1756443075925214278,
      "q" : "0.08",
      "p" : "0.00022391",
      "s" : "sell",
      "i" : "AVAX_BTC",
      "m" : "4611686018429386687"
    }, {
      "d" : "1756443011660809642",
      "t" : 1756443011660,
      "tn" : 1756443011660809642,
      "q" : "0.08",
      "p" : "0.00022407",
      "s" : "buy",
      "i" : "AVAX_BTC",
      "m" : "4611686018429386686"
    }, {
      "d" : "1756442784409968956",
      "t" : 1756442784409,
      "tn" : 1756442784409968956,
      "q" : "0.08",
      "p" : "0.00022402",
      "s" : "buy",
      "i" : "AVAX_BTC",
      "m" : "4611686018429386685"
    }, {
      "d" : "1756442784409967040",
      "t" : 1756442784409,
      "tn" : 1756442784409967040,
      "q" : "0.08",
      "p" : "0.00022401",
      "s" : "buy",
      "i" : "AVAX_BTC",
      "m" : "4611686018429386684"
    }, {
      "d" : "1756442566984321878",
      "t" : 1756442566984,
      "tn" : 1756442566984321878,
      "q" : "0.08",
      "p" : "0.00022422",
      "s" : "buy",
      "i" : "AVAX_BTC",
      "m" : "4611686018429386683"
    }, {
      "d" : "1756442566984319679",
      "t" : 1756442566984,
      "tn" : 1756442566984319679,
      "q" : "0.08",
      "p" : "0.00022421",
      "s" : "buy",
      "i" : "AVAX_BTC",
      "m" : "4611686018429386682"
    }, {
      "d" : "1756442246681481816",
      "t" : 1756442246681,
      "tn" : 1756442246681481816,
      "q" : "0.08",
      "p" : "0.00022388",
      "s" : "sell",
      "i" : "AVAX_BTC",
      "m" : "4611686018429386681"
    }, {
      "d" : "1756442099997999004",
      "t" : 1756442099997,
      "tn" : 1756442099997999004,
      "q" : "0.08",
      "p" : "0.00022403",
      "s" : "sell",
      "i" : "AVAX_BTC",
      "m" : "4611686018429386680"
    }, {
      "d" : "1756442099997996540",
      "t" : 1756442099997,
      "tn" : 1756442099997996540,
      "q" : "0.08",
      "p" : "0.00022404",
      "s" : "sell",
      "i" : "AVAX_BTC",
      "m" : "4611686018429386679"
    } ]
  }
}