{
  "id" : -1,
  "method" : "public/get-trades",
  "code" : 0,
  "result" : {
    "data" : [ {
      "d" : "1756460235139230981",
      "t" : 1756460235139,
      "tn" : 1756460235139230981,
      "q" : "0.08",
      "p" : "23.678",
      "s" : "buy",
      "i" : "AVAX_USD",
      "m" : "4611686018436571878"
    }, {
      "d" : "1756460203750924469",
      "t" : 1756460203750,
      "tn" : 1756460203750924469,
      "q" : "0.08",
      "p" : "23.675",
      "s" : "sell",
      "i" : "AVAX_USD",
      "m" : "4611686018436571877"
    }, {
      "d" : "1756460200004305254",
      "t" : 1756460200004,
      "tn" : 1756460200004305254,
      "q" : "0.08",
      "p" : "23.684",
      "s" : "buy",
      "i" : "AVAX_USD",
      "m" : "4611686018436571876"
    }, {
      "d" : "1756460197850972909",
      "t" : 1756460197850,
      "tn" : 1756460197850972909,
      "q" : "0.08",
      "p" : "23.689",
      "s" : "sell",
      "i" : "AVAX_USD",
      "m" : "4611686018436571875"
    }, {
      "d" : "1756460182583095366",
      "t" : 1756460182583,
      "tn" : 1756460182583095366,
      "q" : "0.08",
      "p" : "23.676",
      "s" : "buy",
      "i" : "AVAX_USD",
      "m" : "4611686018436571874"
    }, {
      "d" : "1756460175256826681",
      "t" : 1756460175256,
      "tn" : 1756460175256826681,
      "q" : "0.08",
      "p" : "23.674",
      "s" : "sell",
      "i" : "AVAX_USD",
      "m" : "4611686018436571873"
    }, {
      "d" : "1756460168991958719",
      "t" : 1756460168991,
      "tn" : 1756460168991958719,
      "q" : "0.05",
      "p" : "23.690",
      "s" : "sell",
      "i" : "AVAX_USD",
      "m" : "4611686018436571872"
    }, {
      "d" : "1756460167128878705",
      "t" : 1756460167128,
      "tn" : 1756460167128878705,
      "q" : "0.05",
      "p" : "23.698",
      "s" : "sell",
      "i" : "AVAX_USD",
      "m" : "4611686018436571871"
    }, {
      "d" : "1756460163743970273",
      "t" : 1756460163743,
      "tn" : 1756460163743970273,
      "q" : "0.15",
      "p" : "23.706",
      "s" : "buy",
      "i" : "AVAX_USD",
      "m" : "4611686018436571870"
    }, {
      "d" : "1756460146290424142",
      "t" : 1756460146290,
      "tn" : 1756460146290424142,
      "q" : "0.05",
      "p" : "23.716",
      "s" : "sell",
      "i" : "AVAX_USD",
      "m" : "4611686018436571869"
    }, {
      "d" : "1756460142032044252",
      "t" : 1756460142032,
      "tn" : 1756460142032044252,
      "q" : "0.05",
      "p" : "23.718",
      "s" : "sell",
      "i" : "AVAX_USD",
      "m" : "4611686018436571868"
    }, {
      "d" : "1756460139187217683",
      "t" : 1756460139187,
      "tn" : 1756460139187217683,
      "q" : "0.05",
      "p" : "23.724",
      "s" : "sell",
      "i" : "AVAX_USD",
      "m" : "4611686018436571867"
    }, {
      "d" : "1756460135737503024",
      "t" : 1756460135737,
      "tn" : 1756460135737503024,
      "q" : "25.37",
      "p" : "23.718",
      "s" : "buy",
      "i" : "AVAX_USD",
      "m" : "4611686018436571866"
    }, {
      "d" : "1756460131594045203",
      "t" : 1756460131594,
      "tn" : 1756460131594045203,
      "q" : "0.05",
      "p" : "23.710",
      "s" : "sell",
      "i" : "AVAX_USD",
      "m" : "4611686018436571865"
    }, {
      "d" : "1756460129762000277",
      "t" : 1756460129762,
      "tn" : 1756460129762000277,
      "q" : "0.43",
      "p" : "23.709",
      "s" : "buy",
      "i" : "AVAX_USD",
      "m" : "4611686018436571864"
    }, {
      "d" : "1756460129760365059",
      "t" : 1756460129760,
      "tn" : 1756460129760365059,
      "q" : "0.43",
      "p" : "23.707",
      "s" : "buy",
      "i" : "AVAX_USD",
      "m" : "4611686018436571863"
    }, {
      "d" : "1756460129757130442",
      "t" : 1756460129757,
      "tn" : 1756460129757130441,
      "q" : "0.08",
      "p" : "23.708",
      "s" : "buy",
      "i" : "AVAX_USD",
      "m" : "4611686018436571862"
    }, {
      "d" : "1756460129757130441",
      "t" : 1756460129757,
      "tn" : 1756460129757130441,
      "q" : "42.48",
      "p" : "23.708",
      "s" : "buy",
      "i" : "AVAX_USD",
      "m" : "4611686018436571862"
    }, {
      "d" : "1756460129756854919",
      "t" : 1756460129756,
      "tn" : 1756460129756854919,
      "q" : "15.69",
      "p" : "23.706",
      "s" : "buy",
      "i" : "AVAX_USD",
      "m" : "4611686018436571861"
    }, {
      "d" : "1756460129756852597",
      "t" : 1756460129756,
      "tn" : 1756460129756852597,
      "q" : "0.43",
      "p" : "23.705",
      "s" : "buy",
      "i" : "AVAX_USD",
      "m" : "4611686018436571860"
    }, {
      "d" : "1756460122431063634",
      "t" : 1756460122431,
      "tn" : 1756460122431063634,
      "q" : "7.98",
      "p" : "23.697",
      "s" : "buy",
      "i" : "AVAX_USD",
      "m" : "4611686018436571859"
    }, {
      "d" : "1756460122431061522",
      "t" : 1756460122431,
      "tn" : 1756460122431061522,
      "q" : "0.43",
      "p" : "23.696",
      "s" : "buy",
      "i" : "AVAX_USD",
      "m" : "4611686018436571858"
    }, {
      "d" : "1756460122431058564",
      "t" : 1756460122431,
      "tn" : 1756460122431058564,
      "q" : "0.08",
      "p" : "23.689",
      "s" : "buy",
      "i" : "AVAX_USD",
      "m" : "4611686018436571857"
    }, {
      "d" : "1756460100600926483",
      "t" : 1756460100600,
      "tn" : 1756460100600926483,
      "q" : "0.08",
      "p" : "23.681",
      "s" : "buy",
      "i" : "AVAX_USD",
      "m" : "4611686018436571856"
    }, {
      "d" : "1756460087489821866",
      "t" : 1756460087489,
      "tn" : 1756460087489821866,
      "q" : "0.08",
      "p" : "23.673",
      "s" : "buy",
      "i" : "AVAX_USD",
      "m" : "4611686018436571855"
    }, {
      "d" : "1756460040326250057",
      "t" : 1756460040326,
      "tn" : 1756460040326250057,
      "q" : "0.43",
      "p" : "23.687",
      "s" : "sell",
      "i" : "AVAX_USD",
      "m" : "4611686018436571854"
    }, {
      "d" : "1756460040289408166",
      "t" : 1756460040289,
      "tn" : 1756460040289408166,
      "q" : "0.08",
      "p" : "23.690",
      "s" : "sell",
      "i" : "AVAX_USD",
      "m" : "4611686018436571853"
    }, {
      "d" : "1756460026734450778",
      "t" : 1756460026734,
      "tn" : 1756460026734450778,
      "q" : "0.08",
      "p" : "23.690",
      "s" : "buy",
      "i" : "AVAX_USD",
      "m" : "4611686018436571852"
    }, {
      "d" : "1756460018971579946",
      "t" : 1756460018971,
      "tn" : 1756460018971579946,
      "q" : "0.08",
      "p" : "23.683",
      "s" : "buy",
      "i" : "AVAX_USD",
      "m" : "4611686018436571851"
    }, {
      "d" : "1756460015185038764",
      "t" : 1756460015185,
      "tn" : 1756460015185038764,
      "q" : "0.08",
      "p" : "23.678",
      "s" : "buy",
      "i" : "AVAX_USD",
      "m" : "4611686018436571850"
    }, {
      "d" : "1756460011470407991",
      "t" : 1756460011470,
      "tn" : 1756460011470407991,
      "q" : "0.08",
      "p" : "23.688",
      "s" : "sell",
      "i" : "AVAX_USD",
      "m" : "4611686018436571849"
    }, {
      "d" : "1756459955282566230",
      "t" : 1756459955282,
      "tn" : 1756459955282566230,
      "q" : "10.61",
      "p" : "23.682",
      "s" : "buy",
      "i" : "AVAX_USD",
      "m" : "4611686018436571848"
    }, {
      "d" : "1756459954488594594",
      "t" : 1756459954488,
      "tn" : 1756459954488594594,
      "q" : "0.08",
      "p" : "23.671",
      "s" : "buy",
      "i" : "AVAX_USD",
      "m" : "4611686018436571847"
    }, {
      "d" : "1756459940378035373",
      "t" : 1756459940378,
      "tn" : 1756459940378035373,
      "q" : "8.66",
      "p" : "23.682",
      "s" : "buy",
      "i" : "AVAX_USD",
      "m" : "4611686018436571846"
    }, {
      "d" : "1756459940264765887",
      "t" : 1756459940264,
      "tn" : 1756459940264765887,
      "q" : "0.08",
      "p" : "23.685",
      "s" : "sell",
      "i" : "AVAX_USD",
      "m" : "4611686018436571845"
    }, {
      "d" : "1756459932516430739",
      "t" : 1756459932516,
      "tn" : 1756459932516430739,
      "q" : "0.08",
      "p" : "23.693",
      "s" : "sell",
      "i" : "AVAX_USD",
      "m" : "4611686018436571844"
    }, {
      "d" : "1756459928621087953",
      "t" : 1756459928621,
      "tn" : 1756459928621087953,
      "q" : "0.08",
      "p" : "23.702",
      "s" : "sell",
      "i" : "AVAX_USD",
      "m" : "4611686018436571843"
    }, {
      "d" : "1756459903841614848",
      "t" : 1756459903841,
      "tn" : 1756459903841614848,
      "q" : "0.08",
      "p" : "23.704",
      "s" : "sell",
      "i" : "AVAX_USD",
      "m" : "4611686018436571842"
    }, {
      "d" : "1756459902666167525",
      "t" : 1756459902666,
      "tn" : 1756459902666167525,
      "q" : "0.08",
      "p" : "23.709",
      "s" : "sell",
      "i" : "AVAX_USD",
      "m" : "4611686018436571841"
    }, {
      "d" : "1756459877365110939",
      "t" : 1756459877365,
      "tn" : 1756459877365110939,
      "q" : "0.05",
      "p" : "23.704",
      "s" : "sell",
      "i" : "AVAX_USD",
      "m" : "4611686018436571840"
    }, {
      "d" : "1756459876434924486",
      "t" : 1756459876434,
      "tn" : 1756459876434924486,
      "q" : "0.05",
      "p" : "23.711",
      "s" : "sell",
      "i" : "AVAX_USD",
      "m" : "4611686018436571839"
    }, {
      "d" : "1756459875949912759",
      "t" : 1756459875949,
      "tn" : 1756459875949912759,
      "q" : "0.05",
      "p" : "23.715",
      "s" : "sell",
      "i" : "AVAX_USD",
      "m" : "4611686018436571838"
    }, {
      "d" : "1756459875033540005",
      "t" : 1756459875033,
      "tn" : 1756459875033540005,
      "q" : "0.05",
      "p" : "23.721",
      "s" : "sell",
      "i" : "AVAX_USD",
      "m" : "4611686018436571837"
    }, {
      "d" : "1756459874283956866",
      "t" : 1756459874283,
      "tn" : 1756459874283956866,
      "q" : "0.05",
      "p" : "23.723",
      "s" : "sell",
      "i" : "AVAX_USD",
      "m" : "4611686018436571836"
    }, {
      "d" : "1756459874208413479",
      "t" : 1756459874208,
      "tn" : 1756459874208413479,
      "q" : "0.08",
      "p" : "23.728",
      "s" : "sell",
      "i" : "AVAX_USD",
      "m" : "4611686018436571835"
    }, {
      "d" : "1756459874205234592",
      "t" : 1756459874205,
      "tn" : 1756459874205234592,
      "q" : "0.05",
      "p" : "23.731",
      "s" : "sell",
      "i" : "AVAX_USD",
      "m" : "4611686018436571834"
    }, {
      "d" : "1756459854330064837",
      "t" : 1756459854330,
      "tn" : 1756459854330064837,
      "q" : "0.08",
      "p" : "23.727",
      "s" : "buy",
      "i" : "AVAX_USD",
      "m" : "4611686018436571833"
    }, {
      "d" : "1756459838377578642",
      "t" : 1756459838377,
      "tn" : 1756459838377578641,
      "q" : "0.05",
      "p" : "23.727",
      "s" : "sell",
      "i" : "AVAX_USD",
      "m" : "4611686018436571832"
    }, {
      "d" : "1756459838377578641",
      "t" : 1756459838377,
      "tn" : 1756459838377578641,
      "q" : "0.08",
      "p" : "23.727",
      "s" : "sell",
      "i" : "AVAX_USD",
      "m" : "4611686018436571832"
    }, {
      "d" : "1756459834761130990",
      "t" : 1756459834761,
      "tn" : 1756459834761130990,
      "q" : "0.05",
      "p" : "23.731",
      "s" : "sell",
      "i" : "AVAX_USD",
      "m" : "4611686018436571831"
    }, {
      "d" : "1756459832812028640",
      "t" : 1756459832812,
      "tn" : 1756459832812028640,
      "q" : "0.43",
      "p" : "23.726",
      "s" : "buy",
      "i" : "AVAX_USD",
      "m" : "4611686018436571830"
    }, {
      "d" : "1756459832812026665",
      "t" : 1756459832812,
      "tn" : 1756459832812026665,
      "q" : "0.08",
      "p" : "23.725",
      "s" : "buy",
      "i" : "AVAX_USD",
      "m" : "4611686018436571829"
    }, {
      "d" : "1756459825444182166",
      "t" : 1756459825444,
      "tn" : 1756459825444182166,
      "q" : "0.08",
      "p" : "23.717",
      "s" : "buy",
      "i" : "AVAX_USD",
      "m" : "4611686018436571828"
    }, {
      "d" : "1756459814455036959",
      "t" : 1756459814455,
      "tn" : 1756459814455036959,
      "q" : "0.05",
      "p" : "23.715",
      "s" : "sell",
      "i" : "AVAX_USD",
      "m" : "4611686018436571827"
    }, {
      "d" : "1756459813308929299",
      "t" : 1756459813308,
      "tn" : 1756459813308929299,
      "q" : "0.05",
      "p" : "23.723",
      "s" : "sell",
      "i" : "AVAX_USD",
      "m" : "4611686018436571826"
    }, {
      "d" : "1756459811228703707",
      "t" : 1756459811228,
      "tn" : 1756459811228703707,
      "q" : "0.08",
      "p" : "23.720",
      "s" : "buy",
      "i" : "AVAX_USD",
      "m" : "4611686018436571825"
    }, {
      "d" : "1756459808446463657",
      "t" : 1756459808446,
      "tn" : 1756459808446463657,
      "q" : "0.05",
      "p" : "23.715",
      "s" : "sell",
      "i" : "AVAX_USD",
      "m" : "4611686018436571824"
    }, {
      "d" : "1756459802076134855",
      "t" : 1756459802076,
      "tn" : 1756459802076134853,
      "q" : "0.05",
      "p" : "23.723",
      "s" : "sell",
      "i" : "AVAX_USD",
      "m" : "4611686018436571823"
    }, {
      "d" : "1756459802076134854",
      "t" : 1756459802076,
      "tn" : 1756459802076134853,
      "q" : "3.68",
      "p" : "23.723",
      "s" : "sell",
      "i" : "AVAX_USD",
      "m" : "4611686018436571823"
    }, {
      "d" : "1756459802076134853",
      "t" : 1756459802076,
      "tn" : 1756459802076134853,
      "q" : "0.08",
      "p" : "23.723",
      "s" : "sell",
      "i" : "AVAX_USD",
      "m" : "4611686018436571823"
    }, {
      "d" : "1756459759763560613",
      "t" : 1756459759763,
      "tn" : 1756459759763560612,
      "q" : "0.05",
      "p" : "23.694",
      "s" : "sell",
      "i" : "AVAX_USD",
      "m" : "4611686018436571822"
    }, {
      "d" : "1756459759763560612",
      "t" : 1756459759763,
      "tn" : 1756459759763560612,
      "q" : "0.08",
      "p" : "23.694",
      "s" : "sell",
      "i" : "AVAX_USD",
      "m" : "4611686018436571822"
    }, {
      "d" : "1756459757754572554",
      "t" : 1756459757754,
      "tn" : 1756459757754572554,
      "q" : "0.05",
      "p" : "23.700",
      "s" : "sell",
      "i" : "AVAX_USD",
      "m" : "4611686018436571821"
    }, {
      "d" : "1756459756164051402",
      "t" : 1756459756164,
      "tn" : 1756459756164051402,
      "q" : "0.05",
      "p" : "23.705",
      "s" : "sell",
      "i" : "AVAX_USD",
      "m" : "4611686018436571820"
    }, {
      "d" : "1756459754741589448",
      "t" : 1756459754741,
      "tn" : 1756459754741589448,
      "q" : "0.08",
      "p" : "23.711",
      "s" : "sell",
      "i" : "AVAX_USD",
      "m" : "4611686018436571819"
    }, {
      "d" : "1756459754741587314",
      "t" : 1756459754741,
      "tn" : 1756459754741587314,
      "q" : "0.05",
      "p" : "23.712",
      "s" : "sell",
      "i" : "AVAX_USD",
      "m" : "4611686018436571818"
    }, {
      "d" : "1756459733494946711",
      "t" : 1756459733494,
      "tn" : 1756459733494946711,
      "q" : "0.08",
      "p" : "23.708",
      "s" : "sell",
      "i" : "AVAX_USD",
      "m" : "4611686018436571817"
    }, {
      "d" : "1756459726567182280",
      "t" : 1756459726567,
      "tn" : 1756459726567182280,
      "q" : "0.08",
      "p" : "23.708",
      "s" : "buy",
      "i" : "AVAX_USD",
      "m" : "4611686018436571816"
    }, {
      "d" : "1756459725409893286",
      "t" : 1756459725409,
      "tn" : 1756459725409893286,
      "q" : "0.08",
      "p" : "23.702",
      "s" : "buy",
      "i" : "AVAX_USD",
      "m" : "4611686018436571815"
    }, {
      "d" : "1756459718205814671",
      "t" : 1756459718205,
      "tn" : 1756459718205814671,
      "q" : "0.08",
      "p" : "23.698",
      "s" : "sell",
      "i" : "AVAX_USD",
      "m" : "4611686018436571814"
    }, {
      "d" : "1756459718205811935",
      "t" : 1756459718205,
      "tn" : 1756459718205811935,
      "q" : "0.05",
      "p" : "23.699",
      "s" : "sell",
      "i" : "AVAX_USD",
      "m" : "4611686018436571813"
    }, {
      "d" : "1756459715521700965",
      "t" : 1756459715521,
      "tn" : 1756459715521700965,
      "q" : "0.05",
      "p" : "23.701",
      "s" : "sell",
      "i" : "AVAX_USD",
      "m" : "4611686018436571812"
    }, {
      "d" : "1756459715140952303",
      "t" : 1756459715140,
      "tn" : 1756459715140952302,
      "q" : "0.05",
      "p" : "23.707",
      "s" : "sell",
      "i" : "AVAX_USD",
      "m" : "4611686018436571811"
    }, {
      "d" : "1756459715140952302",
      "t" : 1756459715140,
      "tn" : 1756459715140952302,
      "q" : "0.08",
      "p" : "23.707",
      "s" : "sell",
      "i" : "AVAX_USD",
      "m" : "4611686018436571811"
    }, {
      "d" : "1756459681649103932",
      "t" : 1756459681649,
      "tn" : 1756459681649103932,
      "q" : "0.08",
      "p" : "23.692",
      "s" : "buy",
      "i" : "AVAX_USD",
      "m" : "4611686018436571810"
    }, {
      "d" : "1756459675277779829",
      "t" : 1756459675277,
      "tn" : 1756459675277779829,
      "q" : "0.08",
      "p" : "23.689",
      "s" : "sell",
      "i" : "AVAX_USD",
      "m" : "4611686018436571809"
    }, {
      "d" : "1756459668576894190",
      "t" : 1756459668576,
      "tn" : 1756459668576894190,
      "q" : "0.05",
      "p" : "23.692",
      "s" : "sell",
      "i" : "AVAX_USD",
      "m" : "4611686018436571808"
    }, {
      "d" : "1756459648544317374",
      "t" : 1756459648544,
      "tn" : 1756459648544317374,
      "q" : "0.05",
      "p" : "23.691",
      "s" : "sell",
      "i" : "AVAX_USD",
      "m" : "4611686018436571807"
    }, {
      "d" : "1756459648412848957",
      "t" : 1756459648412,
      "tn" : 1756459648412848957,
      "q" : "0.05",
      "p" : "23.695",
      "s" : "sell",
      "i" : "AVAX_USD",
      "m" : "4611686018436571806"
    }, {
      "d" : "1756459648402869185",
      "t" : 1756459648402,
      "tn" : 1756459648402869185,
      "q" : "0.05",
      "p" : "23.695",
      "s" : "sell",
      "i" : "AVAX_USD",
      "m" : "4611686018436571805"
    }, {
      "d" : "1756459648382794082",
      "t" : 1756459648382,
      "tn" : 1756459648382794082,
      "q" : "0.05",
      "p" : "23.695",
      "s" : "sell",
      "i" : "AVAX_USD",
      "m" : "4611686018436571804"
    }, {
      "d" : "1756459648372820017",
      "t" : 1756459648372,
      "tn" : 1756459648372820017,
      "q" : "0.05",
      "p" : "23.695",
      "s" : "sell",
      "i" : "AVAX_USD",
      "m" : "4611686018436571803"
    }, {
      "d" : "1756459648365596337",
      "t" : 1756459648365,
      "tn" : 1756459648365596337,
      "q" : "0.05",
      "p" : "23.695",
      "s" : "sell",
      "i" : "AVAX_USD",
      "m" : "4611686018436571802"
    }, {
      "d" : "1756459648345732589",
      "t" : 1756459648345,
      "tn" : 1756459648345732589,
      "q" : "0.05",
      "p" : "23.695",
      "s" : "sell",
      "i" : "AVAX_USD",
      "m" : "4611686018436571801"
    }, {
      "d" : "1756459648332808171",
      "t" : 1756459648332,
      "tn" : 1756459648332808171,
      "q" : "0.05",
      "p" : "23.695",
      "s" : "sell",
      "i" : "AVAX_USD",
      "m" : "4611686018436571800"
    }, {
      "d" : "1756459648317258767",
      "t" : 1756459648317,
      "tn" : 1756459648317258767,
      "q" : "0.05",
      "p" : "23.698",
      "s" : "sell",
      "i" : "AVAX_USD",
      "m" : "4611686018436571799"
    }, {
      "d" : "1756459646149898296",
      "t" : 1756459646149,
      "tn" : 1756459646149898296,
      "q" : "0.08",
      "p" : "23.686",
      "s" : "buy",
      "i" : "AVAX_USD",
      "m" : "4611686018436571798"
    }, {
      "d" : "1756459640187315123",
      "t" : 1756459640187,
      "tn" : 1756459640187315123,
      "q" : "0.08",
      "p" : "23.691",
      "s" : "sell",
      "i" : "AVAX_USD",
      "m" : "4611686018436571797"
    }, {
      "d" : "1756459636220519494",
      "t" : 1756459636220,
      "tn" : 1756459636220519494,
      "q" : "0.08",
      "p" : "23.699",
      "s" : "sell",
      "i" : "AVAX_USD",
      "m" : "4611686018436571796"
    }, {
      "d" : "1756459629429848754",
      "t" : 1756459629429,
      "tn" : 1756459629429848754,
      "q" : "0.08",
      "p" : "23.699",
      "s" : "buy",
      "i" : "AVAX_USD",
      "m" : "4611686018436571795"
    }, {
      "d" : "1756459625199951731",
      "t" : 1756459625199,
      "tn" : 1756459625199951731,
      "q" : "0.08",
      "p" : "23.699",
      "s" : "sell",
      "i" : "AVAX_USD",
      "m" : "4611686018436571794"
    }, {
      "d" : "1756459620605781329",
      "t" : 1756459620605,
      "tn" : 1756459620605781329,
      "q" : "6.89",
      "p" : "23.706",
      "s" : "buy",
      "i" : "AVAX_USD",
      "m" : "4611686018436571793"
    }, {
      "d" : "1756459610912775906",
      "t" : 1756459610912,
      "tn" : 1756459610912775906,
      "q" : "16.91",
      "p" : "23.717",
      "s" : "sell",
      "i" : "AVAX_USD",
      "m" : "4611686018436571792"
    }, {
      "d" : "1756459610905040224",
      "t" : 1756459610905,
      "tn" : 1756459610905040224,
      "q" : "27.14",
      "p" : "23.717",
      "s" : "sell",
      "i" : "AVAX_USD",
      "m" : "4611686018436571791"
    }, {
      "d" : "1756459603250149914",
      "t" : 1756459603250,
      "tn" : 1756459603250149914,
      "q" : "0.08",
      "p" : "23.719",
      "s" : "sell",
      "i" : "AVAX_USD",
      "m" : "4611686018436571790"
    }, {
      "d" : "1756459570686457795",
      "t" : 1756459570686,
      "tn" : 1756459570686457795,
      "q" : "4.73",
      "p" : "23.748",
      "s" : "sell",
      "i" : "AVAX_USD",
      "m" : "4611686018436571789"
    }, {
      "d" : "1756459560209713567",
      "t" : 1756459560209,
      "tn" : 1756459560209713567,
      "q" : "0.12",
      "p" : "23.759",
      "s" : "buy",
      "i" : "AVAX_USD",
      "m" : "4611686018436571788"
    }, {
      "d" : "1756459550029374886",
      "t" : 1756459550029,
      "tn" : 1756459550029374886,
      "q" : "12.68",
      "p" : "23.748",
      "s" : "buy",
      "i" : "AVAX_USD",
      "m" : "4611686018436571787"
    }, {
      "d" : "1756459549958728588",
      "t" : 1756459549958,
      "tn" : 1756459549958728588,
      "q" : "12.71",
      "p" : "23.748",
      "s" : "buy",
      "i" : "AVAX_USD",
      "m" : "4611686018436571786"
    }, {
      "d" : "1756459545676706651",
      "t" : 1756459545676,
      "tn" : 1756459545676706651,
      "q" : "0.43",
      "p" : "23.733",
      "s" : "buy",
      "i" : "AVAX_USD",
      "m" : "4611686018436571785"
    }, {
      "d" : "1756459508203620982",
      "t" : 1756459508203,
      "tn" : 1756459508203620982,
      "q" : "0.08",
      "p" : "23.698",
      "s" : "sell",
      "i" : "AVAX_USD",
      "m" : "4611686018436571784"
    }, {
      "d" : "1756459454218714958",
      "t" : 1756459454218,
      "tn" : 1756459454218714958,
      "q" : "0.08",
      "p" : "23.707",
      "s" : "buy",
      "i" : "AVAX_USD",
      "m" : "4611686018436571783"
    }, {
      "d" : "1756459452005547983",
      "t" : 1756459452005,
      "tn" : 1756459452005547983,
      "q" : "0.08",
      "p" : "23.702",
      "s" : "sell",
      "i" : "AVAX_USD",
      "m" : "4611686018436571782"
    }, {
      "d" : "1756459452005545597",
      "t" : 1756459452005,
      "tn" : 1756459452005545597,
      "q" : "0.05",
      "p" : "23.704",
      "s" : "sell",
      "i" : "AVAX_USD",
      "m" : "4611686018436571781"
    }, {
      "d" : "1756459449895391386",
      "t" : 1756459449895,
      "tn" : 1756459449895391386,
      "q" : "0.05",
      "p" : "23.706",
      "s" : "sell",
      "i" : "AVAX_USD",
      "m" : "4611686018436571780"
    }, {
      "d" : "1756459449488306860",
      "t" : 1756459449488,
      "tn" : 1756459449488306860,
      "q" : "0.05",
      "p" : "23.707",
      "s" : "sell",
      "i" : "AVAX_USD",
      "m" : "4611686018436571779"
    }, {
      "d" : "1756459449411018164",
      "t" : 1756459449411,
      "tn" : 1756459449411018164,
      "q" : "0.05",
      "p" : "23.708",
      "s" : "sell",
      "i" : "AVAX_USD",
      "m" : "4611686018436571778"
    }, {
      "d" : "1756459446778663290",
      "t" : 1756459446778,
      "tn" : 1756459446778663290,
      "q" : "0.08",
      "p" : "23.712",
      "s" : "sell",
      "i" : "AVAX_USD",
      "m" : "4611686018436571777"
    }, {
      "d" : "1756459429188610353",
      "t" : 1756459429188,
      "tn" : 1756459429188610353,
      "q" : "0.08",
      "p" : "23.719",
      "s" : "buy",
      "i" : "AVAX_USD",
      "m" : "4611686018436571776"
    }, {
      "d" : "1756459419349600996",
      "t" : 1756459419349,
      "tn" : 1756459419349600996,
      "q" : "0.08",
      "p" : "23.721",
      "s" : "sell",
      "i" : "AVAX_USD",
      "m" : "4611686018436571775"
    }, {
      "d" : "1756459416101558523",
      "t" : 1756459416101,
      "tn" : 1756459416101558523,
      "q" : "0.08",
      "p" : "23.729",
      "s" : "sell",
      "i" : "AVAX_USD",
      "m" : "4611686018436571774"
    }, {
      "d" : "1756459403115115814",
      "t" : 1756459403115,
      "tn" : 1756459403115115814,
      "q" : "13.11",
      "p" : "23.733",
      "s" : "buy",
      "i" : "AVAX_USD",
      "m" : "4611686018436571773"
    }, {
      "d" : "1756459401464419023",
      "t" : 1756459401464,
      "tn" : 1756459401464419023,
      "q" : "0.08",
      "p" : "23.740",
      "s" : "sell",
      "i" : "AVAX_USD",
      "m" : "4611686018436571772"
    }, {
      "d" : "1756459395919132743",
      "t" : 1756459395919,
      "tn" : 1756459395919132743,
      "q" : "0.08",
      "p" : "23.759",
      "s" : "sell",
      "i" : "AVAX_USD",
      "m" : "4611686018436571771"
    }, {
      "d" : "1756459364766258773",
      "t" : 1756459364766,
      "tn" : 1756459364766258773,
      "q" : "0.08",
      "p" : "23.777",
      "s" : "sell",
      "i" : "AVAX_USD",
      "m" : "4611686018436571770"
    }, {
      "d" : "1756459358164338415",
      "t" : 1756459358164,
      "tn" : 1756459358164338415,
      "q" : "0.08",
      "p" : "23.778",
      "s" : "buy",
      "i" : "AVAX_USD",
      "m" : "4611686018436571769"
    }, {
      "d" : "1756459331243331614",
      "t" : 1756459331243,
      "tn" : 1756459331243331614,
      "q" : "0.08",
      "p" : "23.772",
      "s" : "sell",
      "i" : "AVAX_USD",
      "m" : "4611686018436571768"
    }, {
      "d" : "1756459315643008702",
      "t" : 1756459315643,
      "tn" : 1756459315643008702,
      "q" : "0.08",
      "p" : "23.777",
      "s" : "sell",
      "i" : "AVAX_USD",
      "m" : "4611686018436571767"
    }, {
      "d" : "1756459311319494450",
      "t" : 1756459311319,
      "tn" : 1756459311319494450,
      "q" : "0.08",
      "p" : "23.776",
      "s" : "buy",
      "i" : "AVAX_USD",
      "m" : "4611686018436571766"
    }, {
      "d" : "1756459304545659206",
      "t" : 1756459304545,
      "tn" : 1756459304545659206,
      "q" : "28.16",
      "p" : "23.764",
      "s" : "buy",
      "i" : "AVAX_USD",
      "m" : "4611686018436571765"
    }, {
      "d" : "1756459298016444693",
      "t" : 1756459298016,
      "tn" : 1756459298016444693,
      "q" : "4.20",
      "p" : "23.758",
      "s" : "sell",
      "i" : "AVAX_USD",
      "m" : "4611686018436571764"
    }, {
      "d" : "1756459282675868762",
      "t" : 1756459282675,
      "tn" : 1756459282675868762,
      "q" : "0.08",
      "p" : "23.749",
      "s" : "sell",
      "i" : "AVAX_USD",
      "m" : "4611686018436571763"
    }, {
      "d" : "1756459264895490490",
      "t" : 1756459264895,
      "tn" : 1756459264895490490,
      "q" : "0.05",
      "p" : "23.756",
      "s" : "sell",
      "i" : "AVAX_USD",
      "m" : "4611686018436571762"
    }, {
      "d" : "1756459263863123453",
      "t" : 1756459263863,
      "tn" : 1756459263863123453,
      "q" : "0.05",
      "p" : "23.756",
      "s" : "sell",
      "i" : "AVAX_USD",
      "m" : "4611686018436571761"
    }, {
      "d" : "1756459262858444913",
      "t" : 1756459262858,
      "tn" : 1756459262858444913,
      "q" : "0.05",
      "p" : "23.757",
      "s" : "sell",
      "i" : "AVAX_USD",
      "m" : "4611686018436571760"
    }, {
      "d" : "1756459262609198137",
      "t" : 1756459262609,
      "tn" : 1756459262609198137,
      "q" : "0.05",
      "p" : "23.758",
      "s" : "sell",
      "i" : "AVAX_USD",
      "m" : "4611686018436571759"
    }, {
      "d" : "1756459260050584007",
      "t" : 1756459260050,
      "tn" : 1756459260050584006,
      "q" : "0.05",
      "p" : "23.765",
      "s" : "sell",
      "i" : "AVAX_USD",
      "m" : "4611686018436571758"
    }, {
      "d" : "1756459260050584006",
      "t" : 1756459260050,
      "tn" : 1756459260050584006,
      "q" : "0.08",
      "p" : "23.765",
      "s" : "sell",
      "i" : "AVAX_USD",
      "m" : "4611686018436571758"
    }, {
      "d" : "1756459259133177491",
      "t" : 1756459259133,
      "tn" : 1756459259133177491,
      "q" : "0.05",
      "p" : "23.766",
      "s" : "sell",
      "i" : "AVAX_USD",
      "m" : "4611686018436571757"
    }, {
      "d" : "1756459248459230002",
      "t" : 1756459248459,
      "tn" : 1756459248459230002,
      "q" : "0.05",
      "p" : "23.775",
      "s" : "sell",
      "i" : "AVAX_USD",
      "m" : "4611686018436571756"
    }, {
      "d" : "1756459247458207367",
      "t" : 1756459247458,
      "tn" : 1756459247458207367,
      "q" : "0.05",
      "p" : "23.778",
      "s" : "sell",
      "i" : "AVAX_USD",
      "m" : "4611686018436571755"
    }, {
      "d" : "1756459246898236609",
      "t" : 1756459246898,
      "tn" : 1756459246898236609,
      "q" : "0.05",
      "p" : "23.782",
      "s" : "sell",
      "i" : "AVAX_USD",
      "m" : "4611686018436571754"
    }, {
      "d" : "1756459244880407597",
      "t" : 1756459244880,
      "tn" : 1756459244880407597,
      "q" : "0.05",
      "p" : "23.784",
      "s" : "sell",
      "i" : "AVAX_USD",
      "m" : "4611686018436571753"
    }, {
      "d" : "1756459239008857327",
      "t" : 1756459239008,
      "tn" : 1756459239008857327,
      "q" : "0.08",
      "p" : "23.777",
      "s" : "buy",
      "i" : "AVAX_USD",
      "m" : "4611686018436571752"
    }, {
      "d" : "1756459236369322941",
      "t" : 1756459236369,
      "tn" : 1756459236369322941,
      "q" : "0.08",
      "p" : "23.771",
      "s" : "buy",
      "i" : "AVAX_USD",
      "m" : "4611686018436571751"
    }, {
      "d" : "1756459229389768332",
      "t" : 1756459229389,
      "tn" : 1756459229389768332,
      "q" : "0.08",
      "p" : "23.766",
      "s" : "buy",
      "i" : "AVAX_USD",
      "m" : "4611686018436571750"
    }, {
      "d" : "1756459223990760631",
      "t" : 1756459223990,
      "tn" : 1756459223990760631,
      "q" : "0.05",
      "p" : "23.765",
      "s" : "sell",
      "i" : "AVAX_USD",
      "m" : "4611686018436571749"
    }, {
      "d" : "1756459207074798637",
      "t" : 1756459207074,
      "tn" : 1756459207074798637,
      "q" : "0.08",
      "p" : "23.762",
      "s" : "buy",
      "i" : "AVAX_USD",
      "m" : "4611686018436571748"
    }, {
      "d" : "1756459203398916256",
      "t" : 1756459203398,
      "tn" : 1756459203398916256,
      "q" : "0.08",
      "p" : "23.753",
      "s" : "buy",
      "i" : "AVAX_USD",
      "m" : "4611686018436571747"
    }, {
      "d" : "1756459200351262339",
      "t" : 1756459200351,
      "tn" : 1756459200351262339,
      "q" : "0.08",
      "p" : "23.751",
      "s" : "sell",
      "i" : "AVAX_USD",
      "m" : "4611686018436571746"
    }, {
      "d" : "1756459183732989051",
      "t" : 1756459183732,
      "tn" : 1756459183732989051,
      "q" : "0.08",
      "p" : "23.745",
      "s" : "buy",
      "i" : "AVAX_USD",
      "m" : "4611686018436571745"
    }, {
      "d" : "1756459181804008804",
      "t" : 1756459181804,
      "tn" : 1756459181804008804,
      "q" : "2.20",
      "p" : "23.733",
      "s" : "buy",
      "i" : "AVAX_USD",
      "m" : "4611686018436571744"
    }, {
      "d" : "1756459171369846629",
      "t" : 1756459171369,
      "tn" : 1756459171369846629,
      "q" : "0.08",
      "p" : "23.708",
      "s" : "buy",
      "i" : "AVAX_USD",
      "m" : "4611686018436571743"
    }, {
      "d" : "1756459160919049125",
      "t" : 1756459160919,
      "tn" : 1756459160919049125,
      "q" : "0.08",
      "p" : "23.697",
      "s" : "buy",
      "i" : "AVAX_USD",
      "m" : "4611686018436571742"
    }, {
      "d" : "1756459145058713617",
      "t" : 1756459145058,
      "tn" : 1756459145058713617,
      "q" : "0.08",
      "p" : "23.688",
      "s" : "buy",
      "i" : "AVAX_USD",
      "m" : "4611686018436571741"
    }, {
      "d" : "1756459122231216897",
      "t" : 1756459122231,
      "tn" : 1756459122231216897,
      "q" : "4.85",
      "p" : "23.688",
      "s" : "sell",
      "i" : "AVAX_USD",
      "m" : "4611686018436571740"
    }, {
      "d" : "1756459122230570671",
      "t" : 1756459122230,
      "tn" : 1756459122230570671,
      "q" : "3.00",
      "p" : "23.688",
      "s" : "sell",
      "i" : "AVAX_USD",
      "m" : "4611686018436571739"
    }, {
      "d" : "1756459122198614353",
      "t" : 1756459122198,
      "tn" : 1756459122198614353,
      "q" : "15.70",
      "p" : "23.688",
      "s" : "sell",
      "i" : "AVAX_USD",
      "m" : "4611686018436571738"
    }, {
      "d" : "1756459122198611471",
      "t" : 1756459122198,
      "tn" : 1756459122198611471,
      "q" : "15.69",
      "p" : "23.688",
      "s" : "sell",
      "i" : "AVAX_USD",
      "m" : "4611686018436571737"
    }, {
      "d" : "1756459122198217775",
      "t" : 1756459122198,
      "tn" : 1756459122198217775,
      "q" : "15.69",
      "p" : "23.688",
      "s" : "sell",
      "i" : "AVAX_USD",
      "m" : "4611686018436571736"
    } ]
  }
}