{
  "id" : -1,
  "method" : "public/get-trades",
  "code" : 0,
  "result" : {
    "data" : [ {
      "d" : "1756456815240115012",
      "t" : 1756456815240,
      "tn" : 1756456815240115012,
      "q" : "3.9",
      "p" : "0.30271",
      "s" : "buy",
      "i" : "AXL_USDT",
      "m" : "4611686018428356041"
    }, {
      "d" : "1756456815149945202",
      "t" : 1756456815149,
      "tn" : 1756456815149945202,
      "q" : "3.9",
      "p" : "0.30271",
      "s" : "buy",
      "i" : "AXL_USDT",
      "m" : "4611686018428356040"
    }, {
      "d" : "1756456815140060486",
      "t" : 1756456815140,
      "tn" : 1756456815140060486,
      "q" : "3.9",
      "p" : "0.30271",
      "s" : "buy",
      "i" : "AXL_USDT",
      "m" : "4611686018428356039"
    }, {
      "d" : "1756456814938652888",
      "t" : 1756456814938,
      "tn" : 1756456814938652888,
      "q" : "3.9",
      "p" : "0.30271",
      "s" : "buy",
      "i" : "AXL_USDT",
      "m" : "4611686018428356038"
    }, {
      "d" : "1756456814838309589",
      "t" : 1756456814838,
      "tn" : 1756456814838309589,
      "q" : "3.9",
      "p" : "0.30271",
      "s" : "buy",
      "i" : "AXL_USDT",
      "m" : "4611686018428356037"
    }, {
      "d" : "1756456814528337394",
      "t" : 1756456814528,
      "tn" : 1756456814528337394,
      "q" : "3.9",
      "p" : "0.30271",
      "s" : "buy",
      "i" : "AXL_USDT",
      "m" : "4611686018428356036"
    }, {
      "d" : "1756456814437410060",
      "t" : 1756456814437,
      "tn" : 1756456814437410060,
      "q" : "3.9",
      "p" : "0.30271",
      "s" : "buy",
      "i" : "AXL_USDT",
      "m" : "4611686018428356035"
    }, {
      "d" : "1756456814342211380",
      "t" : 1756456814342,
      "tn" : 1756456814342211380,
      "q" : "3.9",
      "p" : "0.30271",
      "s" : "buy",
      "i" : "AXL_USDT",
      "m" : "4611686018428356034"
    }, {
      "d" : "1756456814242026901",
      "t" : 1756456814242,
      "tn" : 1756456814242026901,
      "q" : "3.9",
      "p" : "0.30271",
      "s" : "buy",
      "i" : "AXL_USDT",
      "m" : "4611686018428356033"
    }, {
      "d" : "1756456814181836863",
      "t" : 1756456814181,
      "tn" : 1756456814181836863,
      "q" : "3.9",
      "p" : "0.30271",
      "s" : "buy",
      "i" : "AXL_USDT",
      "m" : "4611686018428356032"
    }, {
      "d" : "1756456814161831139",
      "t" : 1756456814161,
      "tn" : 1756456814161831139,
      "q" : "3.9",
      "p" : "0.30271",
      "s" : "buy",
      "i" : "AXL_USDT",
      "m" : "4611686018428356031"
    }, {
      "d" : "1756456814141805680",
      "t" : 1756456814141,
      "tn" : 1756456814141805680,
      "q" : "3.9",
      "p" : "0.30271",
      "s" : "buy",
      "i" : "AXL_USDT",
      "m" : "4611686018428356030"
    }, {
      "d" : "1756456814086853106",
      "t" : 1756456814086,
      "tn" : 1756456814086853106,
      "q" : "3.9",
      "p" : "0.30271",
      "s" : "buy",
      "i" : "AXL_USDT",
      "m" : "4611686018428356029"
    }, {
      "d" : "1756456813530439652",
      "t" : 1756456813530,
      "tn" : 1756456813530439652,
      "q" : "3.9",
      "p" : "0.30271",
      "s" : "buy",
      "i" : "AXL_USDT",
      "m" : "4611686018428356028"
    }, {
      "d" : "1756456813439387851",
      "t" : 1756456813439,
      "tn" : 1756456813439387851,
      "q" : "3.9",
      "p" : "0.30271",
      "s" : "buy",
      "i" : "AXL_USDT",
      "m" : "4611686018428356027"
    }, {
      "d" : "1756456813339154214",
      "t" : 1756456813339,
      "tn" : 1756456813339154214,
      "q" : "3.9",
      "p" : "0.30271",
      "s" : "buy",
      "i" : "AXL_USDT",
      "m" : "4611686018428356026"
    }, {
      "d" : "1756456813233817547",
      "t" : 1756456813233,
      "tn" : 1756456813233817547,
      "q" : "3.9",
      "p" : "0.30271",
      "s" : "buy",
      "i" : "AXL_USDT",
      "m" : "4611686018428356025"
    }, {
      "d" : "1756456813038311954",
      "t" : 1756456813038,
      "tn" : 1756456813038311954,
      "q" : "3.9",
      "p" : "0.30271",
      "s" : "buy",
      "i" : "AXL_USDT",
      "m" : "4611686018428356024"
    }, {
      "d" : "1756456812943150363",
      "t" : 1756456812943,
      "tn" : 1756456812943150363,
      "q" : "3.9",
      "p" : "0.30271",
      "s" : "buy",
      "i" : "AXL_USDT",
      "m" : "4611686018428356023"
    }, {
      "d" : "1756456812842982324",
      "t" : 1756456812842,
      "tn" : 1756456812842982324,
      "q" : "3.9",
      "p" : "0.30271",
      "s" : "buy",
      "i" : "AXL_USDT",
      "m" : "4611686018428356022"
    }, {
      "d" : "1756450950051769135",
      "t" : 1756450950051,
      "tn" : 1756450950051769135,
      "q" : "3.9",
      "p" : "0.30785",
      "s" : "buy",
      "i" : "AXL_USDT",
      "m" : "4611686018428356021"
    }, {
      "d" : "1756450950041732882",
      "t" : 1756450950041,
      "tn" : 1756450950041732882,
      "q" : "3.9",
      "p" : "0.30786",
      "s" : "buy",
      "i" : "AXL_USDT",
      "m" : "4611686018428356020"
    }, {
      "d" : "1756450949976282799",
      "t" : 1756450949976,
      "tn" : 1756450949976282799,
      "q" : "3.9",
      "p" : "0.30786",
      "s" : "buy",
      "i" : "AXL_USDT",
      "m" : "4611686018428356019"
    }, {
      "d" : "1756450949951194816",
      "t" : 1756450949951,
      "tn" : 1756450949951194816,
      "q" : "3.9",
      "p" : "0.30786",
      "s" : "buy",
      "i" : "AXL_USDT",
      "m" : "4611686018428356018"
    }, {
      "d" : "1756450949941233786",
      "t" : 1756450949941,
      "tn" : 1756450949941233786,
      "q" : "3.9",
      "p" : "0.30786",
      "s" : "buy",
      "i" : "AXL_USDT",
      "m" : "4611686018428356017"
    }, {
      "d" : "1756450949834920240",
      "t" : 1756450949834,
      "tn" : 1756450949834920240,
      "q" : "3.9",
      "p" : "0.30786",
      "s" : "buy",
      "i" : "AXL_USDT",
      "m" : "4611686018428356016"
    }, {
      "d" : "1756450949739556442",
      "t" : 1756450949739,
      "tn" : 1756450949739556442,
      "q" : "3.9",
      "p" : "0.30786",
      "s" : "buy",
      "i" : "AXL_USDT",
      "m" : "4611686018428356015"
    }, {
      "d" : "1756450949694312109",
      "t" : 1756450949694,
      "tn" : 1756450949694312109,
      "q" : "3.9",
      "p" : "0.30786",
      "s" : "buy",
      "i" : "AXL_USDT",
      "m" : "4611686018428356014"
    }, {
      "d" : "1756450949639158287",
      "t" : 1756450949639,
      "tn" : 1756450949639158287,
      "q" : "3.9",
      "p" : "0.30786",
      "s" : "buy",
      "i" : "AXL_USDT",
      "m" : "4611686018428356013"
    }, {
      "d" : "1756450949624141384",
      "t" : 1756450949624,
      "tn" : 1756450949624141384,
      "q" : "3.9",
      "p" : "0.30786",
      "s" : "buy",
      "i" : "AXL_USDT",
      "m" : "4611686018428356012"
    }, {
      "d" : "1756450949559077401",
      "t" : 1756450949559,
      "tn" : 1756450949559077401,
      "q" : "3.9",
      "p" : "0.30786",
      "s" : "buy",
      "i" : "AXL_USDT",
      "m" : "4611686018428356011"
    }, {
      "d" : "1756450949544059354",
      "t" : 1756450949544,
      "tn" : 1756450949544059354,
      "q" : "3.9",
      "p" : "0.30786",
      "s" : "buy",
      "i" : "AXL_USDT",
      "m" : "4611686018428356010"
    }, {
      "d" : "1756450949529149352",
      "t" : 1756450949529,
      "tn" : 1756450949529149352,
      "q" : "3.9",
      "p" : "0.30786",
      "s" : "buy",
      "i" : "AXL_USDT",
      "m" : "4611686018428356009"
    }, {
      "d" : "1756445751740055616",
      "t" : 1756445751740,
      "tn" : 1756445751740055616,
      "q" : "3.9",
      "p" : "0.31326",
      "s" : "buy",
      "i" : "AXL_USDT",
      "m" : "4611686018428356008"
    }, {
      "d" : "1756445331670473136",
      "t" : 1756445331670,
      "tn" : 1756445331670473136,
      "q" : "3.9",
      "p" : "0.31351",
      "s" : "buy",
      "i" : "AXL_USDT",
      "m" : "4611686018428356007"
    }, {
      "d" : "1756445331550983767",
      "t" : 1756445331550,
      "tn" : 1756445331550983767,
      "q" : "3.9",
      "p" : "0.31351",
      "s" : "buy",
      "i" : "AXL_USDT",
      "m" : "4611686018428356006"
    }, {
      "d" : "1756445327532272458",
      "t" : 1756445327532,
      "tn" : 1756445327532272458,
      "q" : "3.9",
      "p" : "0.31351",
      "s" : "buy",
      "i" : "AXL_USDT",
      "m" : "4611686018428356005"
    }, {
      "d" : "1756445326529950076",
      "t" : 1756445326529,
      "tn" : 1756445326529950076,
      "q" : "3.9",
      "p" : "0.31351",
      "s" : "buy",
      "i" : "AXL_USDT",
      "m" : "4611686018428356004"
    }, {
      "d" : "1756445325642520865",
      "t" : 1756445325642,
      "tn" : 1756445325642520865,
      "q" : "3.9",
      "p" : "0.31351",
      "s" : "buy",
      "i" : "AXL_USDT",
      "m" : "4611686018428356003"
    }, {
      "d" : "1756445325532486469",
      "t" : 1756445325532,
      "tn" : 1756445325532486469,
      "q" : "3.9",
      "p" : "0.31351",
      "s" : "buy",
      "i" : "AXL_USDT",
      "m" : "4611686018428356002"
    }, {
      "d" : "1756445325416805311",
      "t" : 1756445325416,
      "tn" : 1756445325416805311,
      "q" : "3.9",
      "p" : "0.31351",
      "s" : "buy",
      "i" : "AXL_USDT",
      "m" : "4611686018428356001"
    }, {
      "d" : "1756445321532834568",
      "t" : 1756445321532,
      "tn" : 1756445321532834568,
      "q" : "3.9",
      "p" : "0.31351",
      "s" : "buy",
      "i" : "AXL_USDT",
      "m" : "4611686018428356000"
    }, {
      "d" : "1756445320525165627",
      "t" : 1756445320525,
      "tn" : 1756445320525165627,
      "q" : "3.9",
      "p" : "0.31351",
      "s" : "buy",
      "i" : "AXL_USDT",
      "m" : "4611686018428355999"
    }, {
      "d" : "1756445319542666681",
      "t" : 1756445319542,
      "tn" : 1756445319542666681,
      "q" : "3.9",
      "p" : "0.31351",
      "s" : "buy",
      "i" : "AXL_USDT",
      "m" : "4611686018428355998"
    }, {
      "d" : "1756445319527753356",
      "t" : 1756445319527,
      "tn" : 1756445319527753356,
      "q" : "3.9",
      "p" : "0.31351",
      "s" : "buy",
      "i" : "AXL_USDT",
      "m" : "4611686018428355997"
    }, {
      "d" : "1756445319442636551",
      "t" : 1756445319442,
      "tn" : 1756445319442636551,
      "q" : "3.9",
      "p" : "0.31351",
      "s" : "buy",
      "i" : "AXL_USDT",
      "m" : "4611686018428355996"
    }, {
      "d" : "1756445319142305324",
      "t" : 1756445319142,
      "tn" : 1756445319142305324,
      "q" : "3.9",
      "p" : "0.31351",
      "s" : "buy",
      "i" : "AXL_USDT",
      "m" : "4611686018428355995"
    }, {
      "d" : "1756445319097366287",
      "t" : 1756445319097,
      "tn" : 1756445319097366287,
      "q" : "3.9",
      "p" : "0.31351",
      "s" : "buy",
      "i" : "AXL_USDT",
      "m" : "4611686018428355994"
    }, {
      "d" : "1756445318740618673",
      "t" : 1756445318740,
      "tn" : 1756445318740618673,
      "q" : "3.9",
      "p" : "0.31351",
      "s" : "buy",
      "i" : "AXL_USDT",
      "m" : "4611686018428355993"
    }, {
      "d" : "1756445318674910759",
      "t" : 1756445318674,
      "tn" : 1756445318674910759,
      "q" : "3.9",
      "p" : "0.31351",
      "s" : "buy",
      "i" : "AXL_USDT",
      "m" : "4611686018428355992"
    }, {
      "d" : "1756445315533004665",
      "t" : 1756445315533,
      "tn" : 1756445315533004665,
      "q" : "3.9",
      "p" : "0.31351",
      "s" : "buy",
      "i" : "AXL_USDT",
      "m" : "4611686018428355991"
    }, {
      "d" : "1756445314530155510",
      "t" : 1756445314530,
      "tn" : 1756445314530155510,
      "q" : "3.9",
      "p" : "0.31351",
      "s" : "buy",
      "i" : "AXL_USDT",
      "m" : "4611686018428355990"
    }, {
      "d" : "1756445313532143147",
      "t" : 1756445313532,
      "tn" : 1756445313532143147,
      "q" : "3.9",
      "p" : "0.31351",
      "s" : "buy",
      "i" : "AXL_USDT",
      "m" : "4611686018428355989"
    }, {
      "d" : "1756445285524261961",
      "t" : 1756445285524,
      "tn" : 1756445285524261961,
      "q" : "3.9",
      "p" : "0.31351",
      "s" : "buy",
      "i" : "AXL_USDT",
      "m" : "4611686018428355988"
    }, {
      "d" : "1756445284842192850",
      "t" : 1756445284842,
      "tn" : 1756445284842192850,
      "q" : "3.9",
      "p" : "0.31351",
      "s" : "buy",
      "i" : "AXL_USDT",
      "m" : "4611686018428355987"
    }, {
      "d" : "1756445284792117661",
      "t" : 1756445284792,
      "tn" : 1756445284792117661,
      "q" : "3.9",
      "p" : "0.31351",
      "s" : "buy",
      "i" : "AXL_USDT",
      "m" : "4611686018428355986"
    }, {
      "d" : "1756445284771924617",
      "t" : 1756445284771,
      "tn" : 1756445284771924617,
      "q" : "3.9",
      "p" : "0.31351",
      "s" : "buy",
      "i" : "AXL_USDT",
      "m" : "4611686018428355985"
    }, {
      "d" : "1756445284741850214",
      "t" : 1756445284741,
      "tn" : 1756445284741850214,
      "q" : "3.9",
      "p" : "0.31351",
      "s" : "buy",
      "i" : "AXL_USDT",
      "m" : "4611686018428355984"
    }, {
      "d" : "1756445284721892848",
      "t" : 1756445284721,
      "tn" : 1756445284721892848,
      "q" : "3.9",
      "p" : "0.31351",
      "s" : "buy",
      "i" : "AXL_USDT",
      "m" : "4611686018428355983"
    }, {
      "d" : "1756445283739280470",
      "t" : 1756445283739,
      "tn" : 1756445283739280470,
      "q" : "3.9",
      "p" : "0.31351",
      "s" : "buy",
      "i" : "AXL_USDT",
      "m" : "4611686018428355982"
    }, {
      "d" : "1756445283639482727",
      "t" : 1756445283639,
      "tn" : 1756445283639482727,
      "q" : "3.9",
      "p" : "0.31351",
      "s" : "buy",
      "i" : "AXL_USDT",
      "m" : "4611686018428355981"
    }, {
      "d" : "1756445283258522057",
      "t" : 1756445283258,
      "tn" : 1756445283258522057,
      "q" : "3.9",
      "p" : "0.31351",
      "s" : "buy",
      "i" : "AXL_USDT",
      "m" : "4611686018428355980"
    }, {
      "d" : "1756445283240356648",
      "t" : 1756445283240,
      "tn" : 1756445283240356648,
      "q" : "3.9",
      "p" : "0.31351",
      "s" : "buy",
      "i" : "AXL_USDT",
      "m" : "4611686018428355979"
    }, {
      "d" : "1756442445531211859",
      "t" : 1756442445531,
      "tn" : 1756442445531211859,
      "q" : "3.9",
      "p" : "0.31586",
      "s" : "buy",
      "i" : "AXL_USDT",
      "m" : "4611686018428355978"
    }, {
      "d" : "1756442444528668687",
      "t" : 1756442444528,
      "tn" : 1756442444528668687,
      "q" : "3.9",
      "p" : "0.31586",
      "s" : "buy",
      "i" : "AXL_USDT",
      "m" : "4611686018428355977"
    }, {
      "d" : "1756442444238404485",
      "t" : 1756442444238,
      "tn" : 1756442444238404485,
      "q" : "3.9",
      "p" : "0.31586",
      "s" : "buy",
      "i" : "AXL_USDT",
      "m" : "4611686018428355976"
    }, {
      "d" : "1756442444138298658",
      "t" : 1756442444138,
      "tn" : 1756442444138298658,
      "q" : "3.9",
      "p" : "0.31586",
      "s" : "buy",
      "i" : "AXL_USDT",
      "m" : "4611686018428355975"
    }, {
      "d" : "1756442444043390941",
      "t" : 1756442444043,
      "tn" : 1756442444043390941,
      "q" : "3.9",
      "p" : "0.31586",
      "s" : "buy",
      "i" : "AXL_USDT",
      "m" : "4611686018428355974"
    }, {
      "d" : "1756442437522144771",
      "t" : 1756442437522,
      "tn" : 1756442437522144771,
      "q" : "3.9",
      "p" : "0.31586",
      "s" : "buy",
      "i" : "AXL_USDT",
      "m" : "4611686018428355973"
    }, {
      "d" : "1756442437278914455",
      "t" : 1756442437278,
      "tn" : 1756442437278914455,
      "q" : "3.9",
      "p" : "0.31586",
      "s" : "buy",
      "i" : "AXL_USDT",
      "m" : "4611686018428355972"
    }, {
      "d" : "1756438778134435747",
      "t" : 1756438778134,
      "tn" : 1756438778134435747,
      "q" : "3.9",
      "p" : "0.31584",
      "s" : "sell",
      "i" : "AXL_USDT",
      "m" : "4611686018428355971"
    }, {
      "d" : "1756436631626875275",
      "t" : 1756436631626,
      "tn" : 1756436631626875275,
      "q" : "14.3",
      "p" : "0.31606",
      "s" : "sell",
      "i" : "AXL_USDT",
      "m" : "4611686018428355970"
    }, {
      "d" : "1756436631623864830",
      "t" : 1756436631623,
      "tn" : 1756436631623864830,
      "q" : "3.9",
      "p" : "0.31606",
      "s" : "sell",
      "i" : "AXL_USDT",
      "m" : "4611686018428355969"
    }, {
      "d" : "1756436631619834306",
      "t" : 1756436631619,
      "tn" : 1756436631619834306,
      "q" : "3.9",
      "p" : "0.31566",
      "s" : "buy",
      "i" : "AXL_USDT",
      "m" : "4611686018428355968"
    }, {
      "d" : "1756434403626325612",
      "t" : 1756434403626,
      "tn" : 1756434403626325612,
      "q" : "3.9",
      "p" : "0.31606",
      "s" : "buy",
      "i" : "AXL_USDT",
      "m" : "4611686018428355967"
    }, {
      "d" : "1756430619813899477",
      "t" : 1756430619813,
      "tn" : 1756430619813899477,
      "q" : "3.9",
      "p" : "0.31346",
      "s" : "buy",
      "i" : "AXL_USDT",
      "m" : "4611686018428355966"
    }, {
      "d" : "1756430619738644672",
      "t" : 1756430619738,
      "tn" : 1756430619738644672,
      "q" : "3.9",
      "p" : "0.31346",
      "s" : "buy",
      "i" : "AXL_USDT",
      "m" : "4611686018428355965"
    }, {
      "d" : "1756430619638379672",
      "t" : 1756430619638,
      "tn" : 1756430619638379672,
      "q" : "3.9",
      "p" : "0.31346",
      "s" : "buy",
      "i" : "AXL_USDT",
      "m" : "4611686018428355964"
    }, {
      "d" : "1756430619528420950",
      "t" : 1756430619528,
      "tn" : 1756430619528420950,
      "q" : "3.9",
      "p" : "0.31346",
      "s" : "buy",
      "i" : "AXL_USDT",
      "m" : "4611686018428355963"
    }, {
      "d" : "1756423823614373215",
      "t" : 1756423823614,
      "tn" : 1756423823614373215,
      "q" : "111.6",
      "p" : "0.31813",
      "s" : "sell",
      "i" : "AXL_USDT",
      "m" : "4611686018428355962"
    }, {
      "d" : "1756423823609190645",
      "t" : 1756423823609,
      "tn" : 1756423823609190645,
      "q" : "231.3",
      "p" : "0.31810",
      "s" : "sell",
      "i" : "AXL_USDT",
      "m" : "4611686018428355961"
    }, {
      "d" : "1756422918942389019",
      "t" : 1756422918942,
      "tn" : 1756422918942389019,
      "q" : "3.9",
      "p" : "0.31884",
      "s" : "sell",
      "i" : "AXL_USDT",
      "m" : "4611686018428355960"
    }, {
      "d" : "1756420250103742381",
      "t" : 1756420250103,
      "tn" : 1756420250103742381,
      "q" : "3.9",
      "p" : "0.31896",
      "s" : "buy",
      "i" : "AXL_USDT",
      "m" : "4611686018428355959"
    }, {
      "d" : "1756419700637991807",
      "t" : 1756419700637,
      "tn" : 1756419700637991807,
      "q" : "216.5",
      "p" : "0.31929",
      "s" : "buy",
      "i" : "AXL_USDT",
      "m" : "4611686018428355958"
    }, {
      "d" : "1756419700637511903",
      "t" : 1756419700637,
      "tn" : 1756419700637511903,
      "q" : "309.6",
      "p" : "0.31929",
      "s" : "buy",
      "i" : "AXL_USDT",
      "m" : "4611686018428355957"
    }, {
      "d" : "1756416621028840776",
      "t" : 1756416621028,
      "tn" : 1756416621028840776,
      "q" : "3.8",
      "p" : "0.31484",
      "s" : "sell",
      "i" : "AXL_USDT",
      "m" : "4611686018428355956"
    }, {
      "d" : "1756410192291313198",
      "t" : 1756410192291,
      "tn" : 1756410192291313197,
      "q" : "937.9",
      "p" : "0.31145",
      "s" : "sell",
      "i" : "AXL_USDT",
      "m" : "4611686018428355955"
    }, {
      "d" : "1756410192291313197",
      "t" : 1756410192291,
      "tn" : 1756410192291313197,
      "q" : "124.9",
      "p" : "0.31145",
      "s" : "sell",
      "i" : "AXL_USDT",
      "m" : "4611686018428355955"
    }, {
      "d" : "1756392281013807870",
      "t" : 1756392281013,
      "tn" : 1756392281013807870,
      "q" : "3.8",
      "p" : "0.31671",
      "s" : "buy",
      "i" : "AXL_USDT",
      "m" : "4611686018428355954"
    }, {
      "d" : "1756392281010322734",
      "t" : 1756392281010,
      "tn" : 1756392281010322734,
      "q" : "3.9",
      "p" : "0.31669",
      "s" : "sell",
      "i" : "AXL_USDT",
      "m" : "4611686018428355953"
    }, {
      "d" : "1756392093187154238",
      "t" : 1756392093187,
      "tn" : 1756392093187154238,
      "q" : "3.9",
      "p" : "0.31666",
      "s" : "buy",
      "i" : "AXL_USDT",
      "m" : "4611686018428355952"
    }, {
      "d" : "1756390745742119044",
      "t" : 1756390745742,
      "tn" : 1756390745742119044,
      "q" : "3.9",
      "p" : "0.31694",
      "s" : "sell",
      "i" : "AXL_USDT",
      "m" : "4611686018428355951"
    }, {
      "d" : "1756390743711238575",
      "t" : 1756390743711,
      "tn" : 1756390743711238575,
      "q" : "3.9",
      "p" : "0.31686",
      "s" : "buy",
      "i" : "AXL_USDT",
      "m" : "4611686018428355950"
    }, {
      "d" : "1756390682473535651",
      "t" : 1756390682473,
      "tn" : 1756390682473535651,
      "q" : "3.9",
      "p" : "0.31674",
      "s" : "sell",
      "i" : "AXL_USDT",
      "m" : "4611686018428355949"
    }, {
      "d" : "1756390680487703975",
      "t" : 1756390680487,
      "tn" : 1756390680487703975,
      "q" : "312.3",
      "p" : "0.31679",
      "s" : "buy",
      "i" : "AXL_USDT",
      "m" : "4611686018428355948"
    }, {
      "d" : "1756390680487702396",
      "t" : 1756390680487,
      "tn" : 1756390680487702396,
      "q" : "3.9",
      "p" : "0.31667",
      "s" : "buy",
      "i" : "AXL_USDT",
      "m" : "4611686018428355947"
    }, {
      "d" : "1756390680483888156",
      "t" : 1756390680483,
      "tn" : 1756390680483888156,
      "q" : "3.9",
      "p" : "0.31596",
      "s" : "buy",
      "i" : "AXL_USDT",
      "m" : "4611686018428355946"
    }, {
      "d" : "1756386938338527480",
      "t" : 1756386938338,
      "tn" : 1756386938338527480,
      "q" : "3.9",
      "p" : "0.31316",
      "s" : "buy",
      "i" : "AXL_USDT",
      "m" : "4611686018428355945"
    }, {
      "d" : "1756386938238304782",
      "t" : 1756386938238,
      "tn" : 1756386938238304782,
      "q" : "3.9",
      "p" : "0.31316",
      "s" : "buy",
      "i" : "AXL_USDT",
      "m" : "4611686018428355944"
    }, {
      "d" : "1756386938143254232",
      "t" : 1756386938143,
      "tn" : 1756386938143254232,
      "q" : "3.9",
      "p" : "0.31316",
      "s" : "buy",
      "i" : "AXL_USDT",
      "m" : "4611686018428355943"
    }, {
      "d" : "1756386937541827141",
      "t" : 1756386937541,
      "tn" : 1756386937541827141,
      "q" : "3.9",
      "p" : "0.31316",
      "s" : "buy",
      "i" : "AXL_USDT",
      "m" : "4611686018428355942"
    }, {
      "d" : "1756385945429881416",
      "t" : 1756385945429,
      "tn" : 1756385945429881416,
      "q" : "3.8",
      "p" : "0.31354",
      "s" : "sell",
      "i" : "AXL_USDT",
      "m" : "4611686018428355941"
    }, {
      "d" : "1756378595836203257",
      "t" : 1756378595836,
      "tn" : 1756378595836203257,
      "q" : "128.8",
      "p" : "0.31261",
      "s" : "buy",
      "i" : "AXL_USDT",
      "m" : "4611686018428355940"
    } ]
  }
}