{
  "id" : -1,
  "method" : "public/get-trades",
  "code" : 0,
  "result" : {
    "data" : [ {
      "d" : "1756459198655017185",
      "t" : 1756459198655,
      "tn" : 1756459198655017185,
      "q" : "84.2",
      "p" : "0.30210",
      "s" : "sell",
      "i" : "AXL_USD",
      "m" : "4611686018430216607"
    }, {
      "d" : "1756459198651229610",
      "t" : 1756459198651,
      "tn" : 1756459198651229610,
      "q" : "208.6",
      "p" : "0.30210",
      "s" : "buy",
      "i" : "AXL_USD",
      "m" : "4611686018430216606"
    }, {
      "d" : "1756459192950298896",
      "t" : 1756459192950,
      "tn" : 1756459192950298896,
      "q" : "3.9",
      "p" : "0.30140",
      "s" : "buy",
      "i" : "AXL_USD",
      "m" : "4611686018430216605"
    }, {
      "d" : "1756459187025903816",
      "t" : 1756459187025,
      "tn" : 1756459187025903816,
      "q" : "3.9",
      "p" : "0.30141",
      "s" : "buy",
      "i" : "AXL_USD",
      "m" : "4611686018430216604"
    }, {
      "d" : "1756459177787315223",
      "t" : 1756459177787,
      "tn" : 1756459177787315223,
      "q" : "3.9",
      "p" : "0.30130",
      "s" : "buy",
      "i" : "AXL_USD",
      "m" : "4611686018430216603"
    }, {
      "d" : "1756459166998751208",
      "t" : 1756459166998,
      "tn" : 1756459166998751208,
      "q" : "67.0",
      "p" : "0.30130",
      "s" : "buy",
      "i" : "AXL_USD",
      "m" : "4611686018430216602"
    }, {
      "d" : "1756458962690781814",
      "t" : 1756458962690,
      "tn" : 1756458962690781814,
      "q" : "421.6",
      "p" : "0.29962",
      "s" : "buy",
      "i" : "AXL_USD",
      "m" : "4611686018430216601"
    }, {
      "d" : "1756458962684452089",
      "t" : 1756458962684,
      "tn" : 1756458962684452089,
      "q" : "275.6",
      "p" : "0.29962",
      "s" : "sell",
      "i" : "AXL_USD",
      "m" : "4611686018430216600"
    }, {
      "d" : "1756458956674938116",
      "t" : 1756458956674,
      "tn" : 1756458956674938116,
      "q" : "3.9",
      "p" : "0.29994",
      "s" : "sell",
      "i" : "AXL_USD",
      "m" : "4611686018430216599"
    }, {
      "d" : "1756458950661097016",
      "t" : 1756458950661,
      "tn" : 1756458950661097016,
      "q" : "3.9",
      "p" : "0.29999",
      "s" : "sell",
      "i" : "AXL_USD",
      "m" : "4611686018430216598"
    }, {
      "d" : "1756458578626386128",
      "t" : 1756458578626,
      "tn" : 1756458578626386128,
      "q" : "34.0",
      "p" : "0.30012",
      "s" : "sell",
      "i" : "AXL_USD",
      "m" : "4611686018430216597"
    }, {
      "d" : "1756458578619255771",
      "t" : 1756458578619,
      "tn" : 1756458578619255771,
      "q" : "275.6",
      "p" : "0.30012",
      "s" : "buy",
      "i" : "AXL_USD",
      "m" : "4611686018430216596"
    }, {
      "d" : "1756458572705604222",
      "t" : 1756458572705,
      "tn" : 1756458572705604222,
      "q" : "3.9",
      "p" : "0.29960",
      "s" : "buy",
      "i" : "AXL_USD",
      "m" : "4611686018430216595"
    }, {
      "d" : "1756457061111755166",
      "t" : 1756457061111,
      "tn" : 1756457061111755166,
      "q" : "405.1",
      "p" : "0.30224",
      "s" : "buy",
      "i" : "AXL_USD",
      "m" : "4611686018430216594"
    }, {
      "d" : "1756457061107645503",
      "t" : 1756457061107,
      "tn" : 1756457061107645503,
      "q" : "275.6",
      "p" : "0.30224",
      "s" : "sell",
      "i" : "AXL_USD",
      "m" : "4611686018430216593"
    }, {
      "d" : "1756457055288004295",
      "t" : 1756457055288,
      "tn" : 1756457055288004295,
      "q" : "3.9",
      "p" : "0.30264",
      "s" : "sell",
      "i" : "AXL_USD",
      "m" : "4611686018430216592"
    }, {
      "d" : "1756457049041631730",
      "t" : 1756457049041,
      "tn" : 1756457049041631730,
      "q" : "3.9",
      "p" : "0.30264",
      "s" : "sell",
      "i" : "AXL_USD",
      "m" : "4611686018430216591"
    }, {
      "d" : "1756457042943340002",
      "t" : 1756457042943,
      "tn" : 1756457042943340002,
      "q" : "3.9",
      "p" : "0.30269",
      "s" : "sell",
      "i" : "AXL_USD",
      "m" : "4611686018430216590"
    }, {
      "d" : "1756457038037076080",
      "t" : 1756457038037,
      "tn" : 1756457038037076080,
      "q" : "1299.8",
      "p" : "0.30264",
      "s" : "buy",
      "i" : "AXL_USD",
      "m" : "4611686018430216589"
    }, {
      "d" : "1756457038037073352",
      "t" : 1756457038037,
      "tn" : 1756457038037073352,
      "q" : "118.4",
      "p" : "0.30263",
      "s" : "buy",
      "i" : "AXL_USD",
      "m" : "4611686018430216588"
    }, {
      "d" : "1756457037009242342",
      "t" : 1756457037009,
      "tn" : 1756457037009242342,
      "q" : "3.9",
      "p" : "0.30264",
      "s" : "sell",
      "i" : "AXL_USD",
      "m" : "4611686018430216587"
    }, {
      "d" : "1756457031189972341",
      "t" : 1756457031189,
      "tn" : 1756457031189972341,
      "q" : "3.9",
      "p" : "0.30264",
      "s" : "sell",
      "i" : "AXL_USD",
      "m" : "4611686018430216586"
    }, {
      "d" : "1756456845330202265",
      "t" : 1756456845330,
      "tn" : 1756456845330202265,
      "q" : "155.1",
      "p" : "0.30325",
      "s" : "buy",
      "i" : "AXL_USD",
      "m" : "4611686018430216585"
    }, {
      "d" : "1756456845330199608",
      "t" : 1756456845330,
      "tn" : 1756456845330199608,
      "q" : "3.9",
      "p" : "0.30245",
      "s" : "buy",
      "i" : "AXL_USD",
      "m" : "4611686018430216584"
    }, {
      "d" : "1756456836099276577",
      "t" : 1756456836099,
      "tn" : 1756456836099276577,
      "q" : "3.9",
      "p" : "0.30250",
      "s" : "buy",
      "i" : "AXL_USD",
      "m" : "4611686018430216583"
    }, {
      "d" : "1756456829990816091",
      "t" : 1756456829990,
      "tn" : 1756456829990816091,
      "q" : "3.9",
      "p" : "0.30268",
      "s" : "buy",
      "i" : "AXL_USD",
      "m" : "4611686018430216582"
    }, {
      "d" : "1756456824089603310",
      "t" : 1756456824089,
      "tn" : 1756456824089603310,
      "q" : "3.9",
      "p" : "0.30266",
      "s" : "buy",
      "i" : "AXL_USD",
      "m" : "4611686018430216581"
    }, {
      "d" : "1756456818362700944",
      "t" : 1756456818362,
      "tn" : 1756456818362700944,
      "q" : "3.9",
      "p" : "0.30275",
      "s" : "buy",
      "i" : "AXL_USD",
      "m" : "4611686018430216580"
    }, {
      "d" : "1756456815240892856",
      "t" : 1756456815240,
      "tn" : 1756456815240892856,
      "q" : "3.9",
      "p" : "0.30310",
      "s" : "sell",
      "i" : "AXL_USD",
      "m" : "4611686018430216579"
    }, {
      "d" : "1756456815150712254",
      "t" : 1756456815150,
      "tn" : 1756456815150712254,
      "q" : "3.9",
      "p" : "0.30310",
      "s" : "sell",
      "i" : "AXL_USD",
      "m" : "4611686018430216578"
    }, {
      "d" : "1756456815140903273",
      "t" : 1756456815140,
      "tn" : 1756456815140903273,
      "q" : "3.9",
      "p" : "0.30310",
      "s" : "sell",
      "i" : "AXL_USD",
      "m" : "4611686018430216577"
    }, {
      "d" : "1756456814939424537",
      "t" : 1756456814939,
      "tn" : 1756456814939424537,
      "q" : "3.9",
      "p" : "0.30310",
      "s" : "sell",
      "i" : "AXL_USD",
      "m" : "4611686018430216576"
    }, {
      "d" : "1756456814839134682",
      "t" : 1756456814839,
      "tn" : 1756456814839134682,
      "q" : "3.9",
      "p" : "0.30310",
      "s" : "sell",
      "i" : "AXL_USD",
      "m" : "4611686018430216575"
    }, {
      "d" : "1756456814527518105",
      "t" : 1756456814527,
      "tn" : 1756456814527518105,
      "q" : "3.9",
      "p" : "0.30310",
      "s" : "sell",
      "i" : "AXL_USD",
      "m" : "4611686018430216574"
    }, {
      "d" : "1756456814438302601",
      "t" : 1756456814438,
      "tn" : 1756456814438302601,
      "q" : "3.9",
      "p" : "0.30310",
      "s" : "sell",
      "i" : "AXL_USD",
      "m" : "4611686018430216573"
    }, {
      "d" : "1756456814343039480",
      "t" : 1756456814343,
      "tn" : 1756456814343039480,
      "q" : "3.9",
      "p" : "0.30310",
      "s" : "sell",
      "i" : "AXL_USD",
      "m" : "4611686018430216572"
    }, {
      "d" : "1756456814242818257",
      "t" : 1756456814242,
      "tn" : 1756456814242818257,
      "q" : "3.9",
      "p" : "0.30310",
      "s" : "sell",
      "i" : "AXL_USD",
      "m" : "4611686018430216571"
    }, {
      "d" : "1756456814182761181",
      "t" : 1756456814182,
      "tn" : 1756456814182761181,
      "q" : "3.9",
      "p" : "0.30310",
      "s" : "sell",
      "i" : "AXL_USD",
      "m" : "4611686018430216570"
    }, {
      "d" : "1756456814162627719",
      "t" : 1756456814162,
      "tn" : 1756456814162627719,
      "q" : "3.9",
      "p" : "0.30310",
      "s" : "sell",
      "i" : "AXL_USD",
      "m" : "4611686018430216569"
    }, {
      "d" : "1756456814142634702",
      "t" : 1756456814142,
      "tn" : 1756456814142634702,
      "q" : "3.9",
      "p" : "0.30310",
      "s" : "sell",
      "i" : "AXL_USD",
      "m" : "4611686018430216568"
    }, {
      "d" : "1756456814087836575",
      "t" : 1756456814087,
      "tn" : 1756456814087836575,
      "q" : "3.9",
      "p" : "0.30310",
      "s" : "sell",
      "i" : "AXL_USD",
      "m" : "4611686018430216567"
    }, {
      "d" : "1756456813529494026",
      "t" : 1756456813529,
      "tn" : 1756456813529494026,
      "q" : "3.9",
      "p" : "0.30310",
      "s" : "sell",
      "i" : "AXL_USD",
      "m" : "4611686018430216566"
    }, {
      "d" : "1756456813440195719",
      "t" : 1756456813440,
      "tn" : 1756456813440195719,
      "q" : "3.9",
      "p" : "0.30310",
      "s" : "sell",
      "i" : "AXL_USD",
      "m" : "4611686018430216565"
    }, {
      "d" : "1756456813340060793",
      "t" : 1756456813340,
      "tn" : 1756456813340060793,
      "q" : "3.9",
      "p" : "0.30310",
      "s" : "sell",
      "i" : "AXL_USD",
      "m" : "4611686018430216564"
    }, {
      "d" : "1756456813234728625",
      "t" : 1756456813234,
      "tn" : 1756456813234728625,
      "q" : "3.9",
      "p" : "0.30310",
      "s" : "sell",
      "i" : "AXL_USD",
      "m" : "4611686018430216563"
    }, {
      "d" : "1756456813039149056",
      "t" : 1756456813039,
      "tn" : 1756456813039149056,
      "q" : "3.9",
      "p" : "0.30310",
      "s" : "sell",
      "i" : "AXL_USD",
      "m" : "4611686018430216562"
    }, {
      "d" : "1756456812943988391",
      "t" : 1756456812943,
      "tn" : 1756456812943988391,
      "q" : "3.9",
      "p" : "0.30310",
      "s" : "sell",
      "i" : "AXL_USD",
      "m" : "4611686018430216561"
    }, {
      "d" : "1756456812841839855",
      "t" : 1756456812841,
      "tn" : 1756456812841839855,
      "q" : "3.9",
      "p" : "0.30310",
      "s" : "sell",
      "i" : "AXL_USD",
      "m" : "4611686018430216560"
    }, {
      "d" : "1756456812166738303",
      "t" : 1756456812166,
      "tn" : 1756456812166738303,
      "q" : "3.9",
      "p" : "0.30310",
      "s" : "buy",
      "i" : "AXL_USD",
      "m" : "4611686018430216559"
    }, {
      "d" : "1756456806234958659",
      "t" : 1756456806234,
      "tn" : 1756456806234958659,
      "q" : "3.9",
      "p" : "0.30229",
      "s" : "buy",
      "i" : "AXL_USD",
      "m" : "4611686018430216558"
    }, {
      "d" : "1756456800004998237",
      "t" : 1756456800004,
      "tn" : 1756456800004998237,
      "q" : "3.9",
      "p" : "0.30227",
      "s" : "buy",
      "i" : "AXL_USD",
      "m" : "4611686018430216557"
    }, {
      "d" : "1756456794147349063",
      "t" : 1756456794147,
      "tn" : 1756456794147349063,
      "q" : "3.9",
      "p" : "0.30225",
      "s" : "buy",
      "i" : "AXL_USD",
      "m" : "4611686018430216556"
    }, {
      "d" : "1756456788365948391",
      "t" : 1756456788365,
      "tn" : 1756456788365948391,
      "q" : "3.9",
      "p" : "0.30221",
      "s" : "buy",
      "i" : "AXL_USD",
      "m" : "4611686018430216555"
    }, {
      "d" : "1756456782081146488",
      "t" : 1756456782081,
      "tn" : 1756456782081146488,
      "q" : "3.9",
      "p" : "0.30242",
      "s" : "buy",
      "i" : "AXL_USD",
      "m" : "4611686018430216554"
    }, {
      "d" : "1756456776120884038",
      "t" : 1756456776120,
      "tn" : 1756456776120884038,
      "q" : "3.9",
      "p" : "0.30240",
      "s" : "buy",
      "i" : "AXL_USD",
      "m" : "4611686018430216553"
    }, {
      "d" : "1756456770278694087",
      "t" : 1756456770278,
      "tn" : 1756456770278694087,
      "q" : "3.9",
      "p" : "0.30250",
      "s" : "buy",
      "i" : "AXL_USD",
      "m" : "4611686018430216552"
    }, {
      "d" : "1756456763920990580",
      "t" : 1756456763920,
      "tn" : 1756456763920990580,
      "q" : "3.9",
      "p" : "0.30255",
      "s" : "buy",
      "i" : "AXL_USD",
      "m" : "4611686018430216551"
    }, {
      "d" : "1756456758212336262",
      "t" : 1756456758212,
      "tn" : 1756456758212336262,
      "q" : "3.9",
      "p" : "0.30250",
      "s" : "buy",
      "i" : "AXL_USD",
      "m" : "4611686018430216550"
    }, {
      "d" : "1756454173852206342",
      "t" : 1756454173852,
      "tn" : 1756454173852206342,
      "q" : "66.2",
      "p" : "0.30575",
      "s" : "buy",
      "i" : "AXL_USD",
      "m" : "4611686018430216549"
    }, {
      "d" : "1756454173852204472",
      "t" : 1756454173852,
      "tn" : 1756454173852204472,
      "q" : "3.9",
      "p" : "0.30513",
      "s" : "buy",
      "i" : "AXL_USD",
      "m" : "4611686018430216548"
    }, {
      "d" : "1756454167789043875",
      "t" : 1756454167789,
      "tn" : 1756454167789043875,
      "q" : "3.9",
      "p" : "0.30503",
      "s" : "buy",
      "i" : "AXL_USD",
      "m" : "4611686018430216547"
    }, {
      "d" : "1756454161758351422",
      "t" : 1756454161758,
      "tn" : 1756454161758351422,
      "q" : "3.9",
      "p" : "0.30503",
      "s" : "buy",
      "i" : "AXL_USD",
      "m" : "4611686018430216546"
    }, {
      "d" : "1756454155850722858",
      "t" : 1756454155850,
      "tn" : 1756454155850722858,
      "q" : "3.9",
      "p" : "0.30513",
      "s" : "buy",
      "i" : "AXL_USD",
      "m" : "4611686018430216545"
    }, {
      "d" : "1756454149819595596",
      "t" : 1756454149819,
      "tn" : 1756454149819595596,
      "q" : "3.9",
      "p" : "0.30513",
      "s" : "buy",
      "i" : "AXL_USD",
      "m" : "4611686018430216544"
    }, {
      "d" : "1756454145780692752",
      "t" : 1756454145780,
      "tn" : 1756454145780692752,
      "q" : "3.9",
      "p" : "0.30525",
      "s" : "buy",
      "i" : "AXL_USD",
      "m" : "4611686018430216543"
    }, {
      "d" : "1756454139667653316",
      "t" : 1756454139667,
      "tn" : 1756454139667653316,
      "q" : "3.9",
      "p" : "0.30523",
      "s" : "buy",
      "i" : "AXL_USD",
      "m" : "4611686018430216542"
    }, {
      "d" : "1756454133805278877",
      "t" : 1756454133805,
      "tn" : 1756454133805278877,
      "q" : "3.9",
      "p" : "0.30533",
      "s" : "buy",
      "i" : "AXL_USD",
      "m" : "4611686018430216541"
    }, {
      "d" : "1756454127802702919",
      "t" : 1756454127802,
      "tn" : 1756454127802702919,
      "q" : "3.9",
      "p" : "0.30538",
      "s" : "buy",
      "i" : "AXL_USD",
      "m" : "4611686018430216540"
    }, {
      "d" : "1756454122871421423",
      "t" : 1756454122871,
      "tn" : 1756454122871421423,
      "q" : "3.9",
      "p" : "0.30538",
      "s" : "buy",
      "i" : "AXL_USD",
      "m" : "4611686018430216539"
    }, {
      "d" : "1756454116700369029",
      "t" : 1756454116700,
      "tn" : 1756454116700369029,
      "q" : "3.9",
      "p" : "0.30543",
      "s" : "buy",
      "i" : "AXL_USD",
      "m" : "4611686018430216538"
    }, {
      "d" : "1756454110828351794",
      "t" : 1756454110828,
      "tn" : 1756454110828351794,
      "q" : "3.9",
      "p" : "0.30538",
      "s" : "buy",
      "i" : "AXL_USD",
      "m" : "4611686018430216537"
    }, {
      "d" : "1756452224751003029",
      "t" : 1756452224751,
      "tn" : 1756452224751003029,
      "q" : "79.9",
      "p" : "0.30619",
      "s" : "buy",
      "i" : "AXL_USD",
      "m" : "4611686018430216536"
    }, {
      "d" : "1756451410928222341",
      "t" : 1756451410928,
      "tn" : 1756451410928222341,
      "q" : "3.9",
      "p" : "0.30796",
      "s" : "buy",
      "i" : "AXL_USD",
      "m" : "4611686018430216535"
    }, {
      "d" : "1756451042190329612",
      "t" : 1756451042190,
      "tn" : 1756451042190329612,
      "q" : "3.9",
      "p" : "0.30866",
      "s" : "buy",
      "i" : "AXL_USD",
      "m" : "4611686018430216534"
    }, {
      "d" : "1756451042190327408",
      "t" : 1756451042190,
      "tn" : 1756451042190327408,
      "q" : "3.9",
      "p" : "0.30860",
      "s" : "buy",
      "i" : "AXL_USD",
      "m" : "4611686018430216533"
    }, {
      "d" : "1756450985908084204",
      "t" : 1756450985908,
      "tn" : 1756450985908084204,
      "q" : "3.8",
      "p" : "0.30751",
      "s" : "buy",
      "i" : "AXL_USD",
      "m" : "4611686018430216532"
    }, {
      "d" : "1756450951531094495",
      "t" : 1756450951531,
      "tn" : 1756450951531094495,
      "q" : "3.8",
      "p" : "0.30761",
      "s" : "buy",
      "i" : "AXL_USD",
      "m" : "4611686018430216531"
    }, {
      "d" : "1756450950058705130",
      "t" : 1756450950058,
      "tn" : 1756450950058705130,
      "q" : "1498.1",
      "p" : "0.30826",
      "s" : "sell",
      "i" : "AXL_USD",
      "m" : "4611686018430216530"
    }, {
      "d" : "1756450950052815169",
      "t" : 1756450950052,
      "tn" : 1756450950052815169,
      "q" : "3.9",
      "p" : "0.30826",
      "s" : "sell",
      "i" : "AXL_USD",
      "m" : "4611686018430216529"
    }, {
      "d" : "1756450950051770295",
      "t" : 1756450950051,
      "tn" : 1756450950051770295,
      "q" : "3.9",
      "p" : "0.30826",
      "s" : "sell",
      "i" : "AXL_USD",
      "m" : "4611686018430216528"
    }, {
      "d" : "1756450950042702206",
      "t" : 1756450950042,
      "tn" : 1756450950042702206,
      "q" : "3.9",
      "p" : "0.30826",
      "s" : "sell",
      "i" : "AXL_USD",
      "m" : "4611686018430216527"
    }, {
      "d" : "1756450949977141097",
      "t" : 1756450949977,
      "tn" : 1756450949977141097,
      "q" : "3.9",
      "p" : "0.30826",
      "s" : "sell",
      "i" : "AXL_USD",
      "m" : "4611686018430216526"
    }, {
      "d" : "1756450949951978819",
      "t" : 1756450949951,
      "tn" : 1756450949951978819,
      "q" : "3.9",
      "p" : "0.30826",
      "s" : "sell",
      "i" : "AXL_USD",
      "m" : "4611686018430216525"
    }, {
      "d" : "1756450949942051011",
      "t" : 1756450949942,
      "tn" : 1756450949942051011,
      "q" : "3.9",
      "p" : "0.30826",
      "s" : "sell",
      "i" : "AXL_USD",
      "m" : "4611686018430216524"
    }, {
      "d" : "1756450949835746071",
      "t" : 1756450949835,
      "tn" : 1756450949835746071,
      "q" : "3.9",
      "p" : "0.30826",
      "s" : "sell",
      "i" : "AXL_USD",
      "m" : "4611686018430216523"
    }, {
      "d" : "1756450949740323547",
      "t" : 1756450949740,
      "tn" : 1756450949740323547,
      "q" : "3.9",
      "p" : "0.30826",
      "s" : "sell",
      "i" : "AXL_USD",
      "m" : "4611686018430216522"
    }, {
      "d" : "1756450949695090286",
      "t" : 1756450949695,
      "tn" : 1756450949695090286,
      "q" : "3.9",
      "p" : "0.30826",
      "s" : "sell",
      "i" : "AXL_USD",
      "m" : "4611686018430216521"
    }, {
      "d" : "1756450949624929414",
      "t" : 1756450949624,
      "tn" : 1756450949624929414,
      "q" : "3.9",
      "p" : "0.30827",
      "s" : "sell",
      "i" : "AXL_USD",
      "m" : "4611686018430216520"
    }, {
      "d" : "1756450949559900836",
      "t" : 1756450949559,
      "tn" : 1756450949559900836,
      "q" : "3.9",
      "p" : "0.30830",
      "s" : "sell",
      "i" : "AXL_USD",
      "m" : "4611686018430216519"
    }, {
      "d" : "1756450949544989912",
      "t" : 1756450949544,
      "tn" : 1756450949544989912,
      "q" : "3.9",
      "p" : "0.30830",
      "s" : "sell",
      "i" : "AXL_USD",
      "m" : "4611686018430216518"
    }, {
      "d" : "1756450949530110332",
      "t" : 1756450949530,
      "tn" : 1756450949530110332,
      "q" : "3.9",
      "p" : "0.30830",
      "s" : "sell",
      "i" : "AXL_USD",
      "m" : "4611686018430216517"
    }, {
      "d" : "1756450949436196332",
      "t" : 1756450949436,
      "tn" : 1756450949436196332,
      "q" : "83.6",
      "p" : "0.30830",
      "s" : "sell",
      "i" : "AXL_USD",
      "m" : "4611686018430216516"
    }, {
      "d" : "1756450948992710167",
      "t" : 1756450948992,
      "tn" : 1756450948992710167,
      "q" : "324.3",
      "p" : "0.30830",
      "s" : "sell",
      "i" : "AXL_USD",
      "m" : "4611686018430216515"
    }, {
      "d" : "1756450946868009245",
      "t" : 1756450946868,
      "tn" : 1756450946868009245,
      "q" : "16.9",
      "p" : "0.30886",
      "s" : "sell",
      "i" : "AXL_USD",
      "m" : "4611686018430216514"
    }, {
      "d" : "1756450904935315946",
      "t" : 1756450904935,
      "tn" : 1756450904935315946,
      "q" : "275.6",
      "p" : "0.30945",
      "s" : "buy",
      "i" : "AXL_USD",
      "m" : "4611686018430216513"
    }, {
      "d" : "1756449610947296855",
      "t" : 1756449610947,
      "tn" : 1756449610947296855,
      "q" : "94.6",
      "p" : "0.30935",
      "s" : "sell",
      "i" : "AXL_USD",
      "m" : "4611686018430216512"
    }, {
      "d" : "1756448241040726093",
      "t" : 1756448241040,
      "tn" : 1756448241040726093,
      "q" : "198.5",
      "p" : "0.31124",
      "s" : "sell",
      "i" : "AXL_USD",
      "m" : "4611686018430216511"
    }, {
      "d" : "1756448106095837820",
      "t" : 1756448106095,
      "tn" : 1756448106095837820,
      "q" : "3.9",
      "p" : "0.31211",
      "s" : "buy",
      "i" : "AXL_USD",
      "m" : "4611686018430216510"
    }, {
      "d" : "1756447858645650373",
      "t" : 1756447858645,
      "tn" : 1756447858645650373,
      "q" : "17.6",
      "p" : "0.31264",
      "s" : "sell",
      "i" : "AXL_USD",
      "m" : "4611686018430216509"
    }, {
      "d" : "1756447858411143660",
      "t" : 1756447858411,
      "tn" : 1756447858411143660,
      "q" : "17.6",
      "p" : "0.31269",
      "s" : "sell",
      "i" : "AXL_USD",
      "m" : "4611686018430216508"
    }, {
      "d" : "1756447858347075681",
      "t" : 1756447858347,
      "tn" : 1756447858347075681,
      "q" : "24.3",
      "p" : "0.31269",
      "s" : "sell",
      "i" : "AXL_USD",
      "m" : "4611686018430216507"
    }, {
      "d" : "1756447858347073667",
      "t" : 1756447858347,
      "tn" : 1756447858347073667,
      "q" : "3.9",
      "p" : "0.31309",
      "s" : "sell",
      "i" : "AXL_USD",
      "m" : "4611686018430216506"
    }, {
      "d" : "1756447858178608584",
      "t" : 1756447858178,
      "tn" : 1756447858178608584,
      "q" : "17.6",
      "p" : "0.31281",
      "s" : "sell",
      "i" : "AXL_USD",
      "m" : "4611686018430216505"
    }, {
      "d" : "1756447858178603928",
      "t" : 1756447858178,
      "tn" : 1756447858178603928,
      "q" : "17.6",
      "p" : "0.31281",
      "s" : "sell",
      "i" : "AXL_USD",
      "m" : "4611686018430216504"
    }, {
      "d" : "1756447766625413399",
      "t" : 1756447766625,
      "tn" : 1756447766625413399,
      "q" : "66.9",
      "p" : "0.31368",
      "s" : "buy",
      "i" : "AXL_USD",
      "m" : "4611686018430216503"
    }, {
      "d" : "1756447760781777524",
      "t" : 1756447760781,
      "tn" : 1756447760781777524,
      "q" : "3.9",
      "p" : "0.31290",
      "s" : "buy",
      "i" : "AXL_USD",
      "m" : "4611686018430216502"
    }, {
      "d" : "1756447754628144215",
      "t" : 1756447754628,
      "tn" : 1756447754628144215,
      "q" : "3.9",
      "p" : "0.31291",
      "s" : "buy",
      "i" : "AXL_USD",
      "m" : "4611686018430216501"
    }, {
      "d" : "1756447445973322151",
      "t" : 1756447445973,
      "tn" : 1756447445973322151,
      "q" : "3.9",
      "p" : "0.31350",
      "s" : "buy",
      "i" : "AXL_USD",
      "m" : "4611686018430216500"
    }, {
      "d" : "1756447442719170049",
      "t" : 1756447442719,
      "tn" : 1756447442719170049,
      "q" : "3.9",
      "p" : "0.31350",
      "s" : "buy",
      "i" : "AXL_USD",
      "m" : "4611686018430216499"
    }, {
      "d" : "1756447436764637205",
      "t" : 1756447436764,
      "tn" : 1756447436764637205,
      "q" : "3.9",
      "p" : "0.31350",
      "s" : "buy",
      "i" : "AXL_USD",
      "m" : "4611686018430216498"
    }, {
      "d" : "1756447314634015342",
      "t" : 1756447314634,
      "tn" : 1756447314634015342,
      "q" : "3.9",
      "p" : "0.31400",
      "s" : "buy",
      "i" : "AXL_USD",
      "m" : "4611686018430216497"
    }, {
      "d" : "1756447314634011177",
      "t" : 1756447314634,
      "tn" : 1756447314634011177,
      "q" : "275.6",
      "p" : "0.31399",
      "s" : "buy",
      "i" : "AXL_USD",
      "m" : "4611686018430216496"
    }, {
      "d" : "1756446966003741284",
      "t" : 1756446966003,
      "tn" : 1756446966003741284,
      "q" : "275.6",
      "p" : "0.31410",
      "s" : "sell",
      "i" : "AXL_USD",
      "m" : "4611686018430216495"
    }, {
      "d" : "1756445845118676017",
      "t" : 1756445845118,
      "tn" : 1756445845118676017,
      "q" : "3.8",
      "p" : "0.31330",
      "s" : "buy",
      "i" : "AXL_USD",
      "m" : "4611686018430216494"
    }, {
      "d" : "1756445751739563325",
      "t" : 1756445751739,
      "tn" : 1756445751739563325,
      "q" : "1.1",
      "p" : "0.31386",
      "s" : "sell",
      "i" : "AXL_USD",
      "m" : "4611686018430216493"
    }, {
      "d" : "1756445751739560435",
      "t" : 1756445751739,
      "tn" : 1756445751739560435,
      "q" : "149.4",
      "p" : "0.31387",
      "s" : "sell",
      "i" : "AXL_USD",
      "m" : "4611686018430216492"
    }, {
      "d" : "1756445751738272880",
      "t" : 1756445751738,
      "tn" : 1756445751738272880,
      "q" : "3.9",
      "p" : "0.31387",
      "s" : "buy",
      "i" : "AXL_USD",
      "m" : "4611686018430216491"
    }, {
      "d" : "1756445420729065732",
      "t" : 1756445420729,
      "tn" : 1756445420729065732,
      "q" : "91.8",
      "p" : "0.31458",
      "s" : "buy",
      "i" : "AXL_USD",
      "m" : "4611686018430216490"
    }, {
      "d" : "1756445420729063683",
      "t" : 1756445420729,
      "tn" : 1756445420729063683,
      "q" : "3.9",
      "p" : "0.31387",
      "s" : "buy",
      "i" : "AXL_USD",
      "m" : "4611686018430216489"
    }, {
      "d" : "1756445414709724265",
      "t" : 1756445414709,
      "tn" : 1756445414709724265,
      "q" : "3.9",
      "p" : "0.31390",
      "s" : "buy",
      "i" : "AXL_USD",
      "m" : "4611686018430216488"
    }, {
      "d" : "1756445408722135233",
      "t" : 1756445408722,
      "tn" : 1756445408722135233,
      "q" : "3.9",
      "p" : "0.31390",
      "s" : "buy",
      "i" : "AXL_USD",
      "m" : "4611686018430216487"
    }, {
      "d" : "1756445402702272519",
      "t" : 1756445402702,
      "tn" : 1756445402702272519,
      "q" : "3.9",
      "p" : "0.31387",
      "s" : "buy",
      "i" : "AXL_USD",
      "m" : "4611686018430216486"
    }, {
      "d" : "1756445396718473530",
      "t" : 1756445396718,
      "tn" : 1756445396718473530,
      "q" : "3.9",
      "p" : "0.31387",
      "s" : "buy",
      "i" : "AXL_USD",
      "m" : "4611686018430216485"
    }, {
      "d" : "1756445390638253056",
      "t" : 1756445390638,
      "tn" : 1756445390638253056,
      "q" : "3.9",
      "p" : "0.31387",
      "s" : "buy",
      "i" : "AXL_USD",
      "m" : "4611686018430216484"
    }, {
      "d" : "1756445384653607549",
      "t" : 1756445384653,
      "tn" : 1756445384653607549,
      "q" : "3.9",
      "p" : "0.31387",
      "s" : "buy",
      "i" : "AXL_USD",
      "m" : "4611686018430216483"
    }, {
      "d" : "1756445379220650106",
      "t" : 1756445379220,
      "tn" : 1756445379220650106,
      "q" : "3.9",
      "p" : "0.31387",
      "s" : "buy",
      "i" : "AXL_USD",
      "m" : "4611686018430216482"
    }, {
      "d" : "1756445373263308685",
      "t" : 1756445373263,
      "tn" : 1756445373263308685,
      "q" : "3.9",
      "p" : "0.31387",
      "s" : "buy",
      "i" : "AXL_USD",
      "m" : "4611686018430216481"
    }, {
      "d" : "1756445366655869838",
      "t" : 1756445366655,
      "tn" : 1756445366655869838,
      "q" : "3.9",
      "p" : "0.31387",
      "s" : "buy",
      "i" : "AXL_USD",
      "m" : "4611686018430216480"
    }, {
      "d" : "1756445360754683696",
      "t" : 1756445360754,
      "tn" : 1756445360754683696,
      "q" : "3.9",
      "p" : "0.31387",
      "s" : "buy",
      "i" : "AXL_USD",
      "m" : "4611686018430216479"
    }, {
      "d" : "1756445355307377012",
      "t" : 1756445355307,
      "tn" : 1756445355307377012,
      "q" : "3.9",
      "p" : "0.31387",
      "s" : "buy",
      "i" : "AXL_USD",
      "m" : "4611686018430216478"
    }, {
      "d" : "1756445349384322800",
      "t" : 1756445349384,
      "tn" : 1756445349384322800,
      "q" : "3.9",
      "p" : "0.31387",
      "s" : "buy",
      "i" : "AXL_USD",
      "m" : "4611686018430216477"
    }, {
      "d" : "1756445343162763798",
      "t" : 1756445343162,
      "tn" : 1756445343162763798,
      "q" : "3.9",
      "p" : "0.31387",
      "s" : "buy",
      "i" : "AXL_USD",
      "m" : "4611686018430216476"
    }, {
      "d" : "1756445337299600911",
      "t" : 1756445337299,
      "tn" : 1756445337299600911,
      "q" : "3.9",
      "p" : "0.31387",
      "s" : "buy",
      "i" : "AXL_USD",
      "m" : "4611686018430216475"
    }, {
      "d" : "1756445331671355816",
      "t" : 1756445331671,
      "tn" : 1756445331671355816,
      "q" : "3.9",
      "p" : "0.31387",
      "s" : "sell",
      "i" : "AXL_USD",
      "m" : "4611686018430216474"
    }, {
      "d" : "1756445331551910233",
      "t" : 1756445331551,
      "tn" : 1756445331551910233,
      "q" : "3.9",
      "p" : "0.31387",
      "s" : "sell",
      "i" : "AXL_USD",
      "m" : "4611686018430216473"
    }, {
      "d" : "1756445331544393646",
      "t" : 1756445331544,
      "tn" : 1756445331544393646,
      "q" : "3.9",
      "p" : "0.31387",
      "s" : "buy",
      "i" : "AXL_USD",
      "m" : "4611686018430216472"
    }, {
      "d" : "1756445327533194228",
      "t" : 1756445327533,
      "tn" : 1756445327533194228,
      "q" : "3.9",
      "p" : "0.31387",
      "s" : "sell",
      "i" : "AXL_USD",
      "m" : "4611686018430216471"
    }, {
      "d" : "1756445326530910804",
      "t" : 1756445326530,
      "tn" : 1756445326530910804,
      "q" : "3.9",
      "p" : "0.31387",
      "s" : "sell",
      "i" : "AXL_USD",
      "m" : "4611686018430216470"
    }, {
      "d" : "1756445325643289658",
      "t" : 1756445325643,
      "tn" : 1756445325643289658,
      "q" : "3.9",
      "p" : "0.31387",
      "s" : "sell",
      "i" : "AXL_USD",
      "m" : "4611686018430216469"
    }, {
      "d" : "1756445325533375155",
      "t" : 1756445325533,
      "tn" : 1756445325533375155,
      "q" : "3.9",
      "p" : "0.31387",
      "s" : "sell",
      "i" : "AXL_USD",
      "m" : "4611686018430216468"
    }, {
      "d" : "1756445325417708007",
      "t" : 1756445325417,
      "tn" : 1756445325417708007,
      "q" : "3.9",
      "p" : "0.31387",
      "s" : "sell",
      "i" : "AXL_USD",
      "m" : "4611686018430216467"
    }, {
      "d" : "1756445325411452458",
      "t" : 1756445325411,
      "tn" : 1756445325411452458,
      "q" : "3.9",
      "p" : "0.31387",
      "s" : "buy",
      "i" : "AXL_USD",
      "m" : "4611686018430216466"
    }, {
      "d" : "1756445321533958253",
      "t" : 1756445321533,
      "tn" : 1756445321533958253,
      "q" : "3.9",
      "p" : "0.31387",
      "s" : "sell",
      "i" : "AXL_USD",
      "m" : "4611686018430216465"
    }, {
      "d" : "1756445320526114872",
      "t" : 1756445320526,
      "tn" : 1756445320526114872,
      "q" : "3.9",
      "p" : "0.31387",
      "s" : "sell",
      "i" : "AXL_USD",
      "m" : "4611686018430216464"
    }, {
      "d" : "1756445319543441013",
      "t" : 1756445319543,
      "tn" : 1756445319543441013,
      "q" : "3.9",
      "p" : "0.31387",
      "s" : "sell",
      "i" : "AXL_USD",
      "m" : "4611686018430216463"
    }, {
      "d" : "1756445319527778207",
      "t" : 1756445319527,
      "tn" : 1756445319527778207,
      "q" : "3.9",
      "p" : "0.31387",
      "s" : "sell",
      "i" : "AXL_USD",
      "m" : "4611686018430216462"
    }, {
      "d" : "1756445319443502553",
      "t" : 1756445319443,
      "tn" : 1756445319443502553,
      "q" : "3.9",
      "p" : "0.31387",
      "s" : "sell",
      "i" : "AXL_USD",
      "m" : "4611686018430216461"
    }, {
      "d" : "1756445319143085829",
      "t" : 1756445319143,
      "tn" : 1756445319143085829,
      "q" : "3.9",
      "p" : "0.31387",
      "s" : "sell",
      "i" : "AXL_USD",
      "m" : "4611686018430216460"
    }, {
      "d" : "1756445319098213861",
      "t" : 1756445319098,
      "tn" : 1756445319098213861,
      "q" : "3.9",
      "p" : "0.31387",
      "s" : "sell",
      "i" : "AXL_USD",
      "m" : "4611686018430216459"
    }, {
      "d" : "1756445318741414555",
      "t" : 1756445318741,
      "tn" : 1756445318741414555,
      "q" : "3.9",
      "p" : "0.31387",
      "s" : "sell",
      "i" : "AXL_USD",
      "m" : "4611686018430216458"
    } ]
  }
}