{
  "id" : -1,
  "method" : "public/get-trades",
  "code" : 0,
  "result" : {
    "data" : [ {
      "d" : "1756441588870766699",
      "t" : 1756441588870,
      "tn" : 1756441588870766699,
      "q" : "2203",
      "p" : "0.31720",
      "s" : "buy",
      "i" : "AXLUSD-PERP",
      "m" : "4611686018428351880"
    }, {
      "d" : "1756441588870763957",
      "t" : 1756441588870,
      "tn" : 1756441588870763957,
      "q" : "1",
      "p" : "0.31686",
      "s" : "buy",
      "i" : "AXLUSD-PERP",
      "m" : "4611686018428351879"
    }, {
      "d" : "1756419700636899359",
      "t" : 1756419700636,
      "tn" : 1756419700636899359,
      "q" : "2272",
      "p" : "0.31922",
      "s" : "buy",
      "i" : "AXLUSD-PERP",
      "m" : "4611686018428351878"
    }, {
      "d" : "1756419700636897529",
      "t" : 1756419700636,
      "tn" : 1756419700636897529,
      "q" : "1",
      "p" : "0.31899",
      "s" : "buy",
      "i" : "AXLUSD-PERP",
      "m" : "4611686018428351877"
    }, {
      "d" : "1756419700636895270",
      "t" : 1756419700636,
      "tn" : 1756419700636895270,
      "q" : "1",
      "p" : "0.31878",
      "s" : "buy",
      "i" : "AXLUSD-PERP",
      "m" : "4611686018428351876"
    }, {
      "d" : "1756410192290259663",
      "t" : 1756410192290,
      "tn" : 1756410192290259663,
      "q" : "2706",
      "p" : "0.31080",
      "s" : "sell",
      "i" : "AXLUSD-PERP",
      "m" : "4611686018428351875"
    }, {
      "d" : "1756410192290257284",
      "t" : 1756410192290,
      "tn" : 1756410192290257284,
      "q" : "1844",
      "p" : "0.31108",
      "s" : "sell",
      "i" : "AXLUSD-PERP",
      "m" : "4611686018428351874"
    }, {
      "d" : "1756410192290254158",
      "t" : 1756410192290,
      "tn" : 1756410192290254158,
      "q" : "2272",
      "p" : "0.31113",
      "s" : "sell",
      "i" : "AXLUSD-PERP",
      "m" : "4611686018428351873"
    }, {
      "d" : "1756410192290251494",
      "t" : 1756410192290,
      "tn" : 1756410192290251494,
      "q" : "1",
      "p" : "0.31176",
      "s" : "sell",
      "i" : "AXLUSD-PERP",
      "m" : "4611686018428351872"
    }, {
      "d" : "1756410192290249053",
      "t" : 1756410192290,
      "tn" : 1756410192290249053,
      "q" : "1",
      "p" : "0.31208",
      "s" : "sell",
      "i" : "AXLUSD-PERP",
      "m" : "4611686018428351871"
    }, {
      "d" : "1756405846150867083",
      "t" : 1756405846150,
      "tn" : 1756405846150867083,
      "q" : "1075",
      "p" : "0.31514",
      "s" : "buy",
      "i" : "AXLUSD-PERP",
      "m" : "4611686018428351870"
    }, {
      "d" : "1756390680488147803",
      "t" : 1756390680488,
      "tn" : 1756390680488147803,
      "q" : "1",
      "p" : "0.31639",
      "s" : "buy",
      "i" : "AXLUSD-PERP",
      "m" : "4611686018428351869"
    }, {
      "d" : "1756390680488146011",
      "t" : 1756390680488,
      "tn" : 1756390680488146011,
      "q" : "1",
      "p" : "0.31626",
      "s" : "buy",
      "i" : "AXLUSD-PERP",
      "m" : "4611686018428351868"
    } ]
  }
}