{
  "id" : -1,
  "method" : "public/get-trades",
  "code" : 0,
  "result" : {
    "data" : [ {
      "d" : "1756459601700171163",
      "t" : 1756459601700,
      "tn" : 1756459601700171163,
      "q" : "234.18",
      "p" : "2.274",
      "s" : "sell",
      "i" : "AXS_USD",
      "m" : "4611686018430443965"
    }, {
      "d" : "1756459524248964195",
      "t" : 1756459524248,
      "tn" : 1756459524248964195,
      "q" : "10.94",
      "p" : "2.270",
      "s" : "sell",
      "i" : "AXS_USD",
      "m" : "4611686018430443964"
    }, {
      "d" : "1756458163928217933",
      "t" : 1756458163928,
      "tn" : 1756458163928217933,
      "q" : "5.00",
      "p" : "2.250",
      "s" : "sell",
      "i" : "AXS_USD",
      "m" : "4611686018430443963"
    }, {
      "d" : "1756457843237472522",
      "t" : 1756457843237,
      "tn" : 1756457843237472522,
      "q" : "158.97",
      "p" : "2.261",
      "s" : "sell",
      "i" : "AXS_USD",
      "m" : "4611686018430443962"
    }, {
      "d" : "1756457841758390571",
      "t" : 1756457841758,
      "tn" : 1756457841758390571,
      "q" : "158.96",
      "p" : "2.263",
      "s" : "sell",
      "i" : "AXS_USD",
      "m" : "4611686018430443961"
    }, {
      "d" : "1756456848058621539",
      "t" : 1756456848058,
      "tn" : 1756456848058621539,
      "q" : "3.96",
      "p" : "2.272",
      "s" : "buy",
      "i" : "AXS_USD",
      "m" : "4611686018430443960"
    }, {
      "d" : "1756456740636610184",
      "t" : 1756456740636,
      "tn" : 1756456740636610184,
      "q" : "21.90",
      "p" : "2.274",
      "s" : "sell",
      "i" : "AXS_USD",
      "m" : "4611686018430443959"
    }, {
      "d" : "1756455943364059914",
      "t" : 1756455943364,
      "tn" : 1756455943364059914,
      "q" : "10.00",
      "p" : "2.273",
      "s" : "buy",
      "i" : "AXS_USD",
      "m" : "4611686018430443958"
    }, {
      "d" : "1756455076307255752",
      "t" : 1756455076307,
      "tn" : 1756455076307255752,
      "q" : "1.00",
      "p" : "2.279",
      "s" : "buy",
      "i" : "AXS_USD",
      "m" : "4611686018430443957"
    }, {
      "d" : "1756452693597959839",
      "t" : 1756452693597,
      "tn" : 1756452693597959839,
      "q" : "4.62",
      "p" : "2.302",
      "s" : "sell",
      "i" : "AXS_USD",
      "m" : "4611686018430443956"
    }, {
      "d" : "1756452652416015108",
      "t" : 1756452652416,
      "tn" : 1756452652416015108,
      "q" : "1.38",
      "p" : "2.298",
      "s" : "sell",
      "i" : "AXS_USD",
      "m" : "4611686018430443955"
    }, {
      "d" : "1756452134294385776",
      "t" : 1756452134294,
      "tn" : 1756452134294385776,
      "q" : "5.00",
      "p" : "2.300",
      "s" : "sell",
      "i" : "AXS_USD",
      "m" : "4611686018430443954"
    }, {
      "d" : "1756451585757122947",
      "t" : 1756451585757,
      "tn" : 1756451585757122947,
      "q" : "0.90",
      "p" : "2.308",
      "s" : "buy",
      "i" : "AXS_USD",
      "m" : "4611686018430443953"
    }, {
      "d" : "1756451293697908915",
      "t" : 1756451293697,
      "tn" : 1756451293697908915,
      "q" : "35.47",
      "p" : "2.315",
      "s" : "sell",
      "i" : "AXS_USD",
      "m" : "4611686018430443952"
    }, {
      "d" : "1756451293697799173",
      "t" : 1756451293697,
      "tn" : 1756451293697799173,
      "q" : "7.72",
      "p" : "2.315",
      "s" : "sell",
      "i" : "AXS_USD",
      "m" : "4611686018430443951"
    }, {
      "d" : "1756451203526966393",
      "t" : 1756451203526,
      "tn" : 1756451203526966393,
      "q" : "1.19",
      "p" : "2.331",
      "s" : "sell",
      "i" : "AXS_USD",
      "m" : "4611686018430443950"
    }, {
      "d" : "1756450946066150794",
      "t" : 1756450946066,
      "tn" : 1756450946066150794,
      "q" : "245.79",
      "p" : "2.332",
      "s" : "sell",
      "i" : "AXS_USD",
      "m" : "4611686018430443949"
    }, {
      "d" : "1756450946066144298",
      "t" : 1756450946066,
      "tn" : 1756450946066144298,
      "q" : "273.12",
      "p" : "2.332",
      "s" : "sell",
      "i" : "AXS_USD",
      "m" : "4611686018430443948"
    }, {
      "d" : "1756450902004908120",
      "t" : 1756450902004,
      "tn" : 1756450902004908120,
      "q" : "14.42",
      "p" : "2.330",
      "s" : "sell",
      "i" : "AXS_USD",
      "m" : "4611686018430443947"
    }, {
      "d" : "1756450875838073115",
      "t" : 1756450875838,
      "tn" : 1756450875838073115,
      "q" : "95.30",
      "p" : "2.338",
      "s" : "sell",
      "i" : "AXS_USD",
      "m" : "4611686018430443946"
    }, {
      "d" : "1756449604500285409",
      "t" : 1756449604500,
      "tn" : 1756449604500285409,
      "q" : "184.52",
      "p" : "2.341",
      "s" : "sell",
      "i" : "AXS_USD",
      "m" : "4611686018430443945"
    }, {
      "d" : "1756449436706225858",
      "t" : 1756449436706,
      "tn" : 1756449436706225858,
      "q" : "158.00",
      "p" : "2.347",
      "s" : "buy",
      "i" : "AXS_USD",
      "m" : "4611686018430443944"
    }, {
      "d" : "1756449249933387017",
      "t" : 1756449249933,
      "tn" : 1756449249933387017,
      "q" : "1.00",
      "p" : "2.351",
      "s" : "sell",
      "i" : "AXS_USD",
      "m" : "4611686018430443943"
    }, {
      "d" : "1756447848101832571",
      "t" : 1756447848101,
      "tn" : 1756447848101832571,
      "q" : "8.59",
      "p" : "2.366",
      "s" : "sell",
      "i" : "AXS_USD",
      "m" : "4611686018430443942"
    }, {
      "d" : "1756446191159314858",
      "t" : 1756446191159,
      "tn" : 1756446191159314858,
      "q" : "10.24",
      "p" : "2.366",
      "s" : "sell",
      "i" : "AXS_USD",
      "m" : "4611686018430443941"
    }, {
      "d" : "1756444554364000555",
      "t" : 1756444554364,
      "tn" : 1756444554364000555,
      "q" : "20.34",
      "p" : "2.369",
      "s" : "sell",
      "i" : "AXS_USD",
      "m" : "4611686018430443940"
    }, {
      "d" : "1756444455944141354",
      "t" : 1756444455944,
      "tn" : 1756444455944141354,
      "q" : "40.62",
      "p" : "2.368",
      "s" : "buy",
      "i" : "AXS_USD",
      "m" : "4611686018430443939"
    }, {
      "d" : "1756441300765453402",
      "t" : 1756441300765,
      "tn" : 1756441300765453402,
      "q" : "26.00",
      "p" : "2.374",
      "s" : "buy",
      "i" : "AXS_USD",
      "m" : "4611686018430443938"
    }, {
      "d" : "1756441000582130034",
      "t" : 1756441000582,
      "tn" : 1756441000582130034,
      "q" : "5.95",
      "p" : "2.371",
      "s" : "buy",
      "i" : "AXS_USD",
      "m" : "4611686018430443937"
    }, {
      "d" : "1756440786910032281",
      "t" : 1756440786910,
      "tn" : 1756440786910032281,
      "q" : "4.01",
      "p" : "2.370",
      "s" : "sell",
      "i" : "AXS_USD",
      "m" : "4611686018430443936"
    }, {
      "d" : "1756438654478313508",
      "t" : 1756438654478,
      "tn" : 1756438654478313508,
      "q" : "42.00",
      "p" : "2.370",
      "s" : "sell",
      "i" : "AXS_USD",
      "m" : "4611686018430443935"
    }, {
      "d" : "1756436215999449996",
      "t" : 1756436215999,
      "tn" : 1756436215999449996,
      "q" : "17.58",
      "p" : "2.378",
      "s" : "sell",
      "i" : "AXS_USD",
      "m" : "4611686018430443934"
    }, {
      "d" : "1756434271739249060",
      "t" : 1756434271739,
      "tn" : 1756434271739249060,
      "q" : "38.50",
      "p" : "2.380",
      "s" : "sell",
      "i" : "AXS_USD",
      "m" : "4611686018430443933"
    }, {
      "d" : "1756433200146309671",
      "t" : 1756433200146,
      "tn" : 1756433200146309671,
      "q" : "2.48",
      "p" : "2.364",
      "s" : "sell",
      "i" : "AXS_USD",
      "m" : "4611686018430443932"
    }, {
      "d" : "1756430463072321835",
      "t" : 1756430463072,
      "tn" : 1756430463072321835,
      "q" : "17.87",
      "p" : "2.363",
      "s" : "sell",
      "i" : "AXS_USD",
      "m" : "4611686018430443931"
    }, {
      "d" : "1756430453563011869",
      "t" : 1756430453563,
      "tn" : 1756430453563011869,
      "q" : "16.62",
      "p" : "2.364",
      "s" : "sell",
      "i" : "AXS_USD",
      "m" : "4611686018430443930"
    }, {
      "d" : "1756428419607111093",
      "t" : 1756428419607,
      "tn" : 1756428419607111093,
      "q" : "20.10",
      "p" : "2.395",
      "s" : "sell",
      "i" : "AXS_USD",
      "m" : "4611686018430443929"
    }, {
      "d" : "1756426599105322015",
      "t" : 1756426599105,
      "tn" : 1756426599105322015,
      "q" : "5.00",
      "p" : "2.399",
      "s" : "sell",
      "i" : "AXS_USD",
      "m" : "4611686018430443928"
    }, {
      "d" : "1756425677205332396",
      "t" : 1756425677205,
      "tn" : 1756425677205332396,
      "q" : "16.54",
      "p" : "2.403",
      "s" : "buy",
      "i" : "AXS_USD",
      "m" : "4611686018430443927"
    }, {
      "d" : "1756425611859528861",
      "t" : 1756425611859,
      "tn" : 1756425611859528861,
      "q" : "17.79",
      "p" : "2.399",
      "s" : "buy",
      "i" : "AXS_USD",
      "m" : "4611686018430443926"
    }, {
      "d" : "1756424453224424436",
      "t" : 1756424453224,
      "tn" : 1756424453224424436,
      "q" : "15.00",
      "p" : "2.397",
      "s" : "sell",
      "i" : "AXS_USD",
      "m" : "4611686018430443925"
    }, {
      "d" : "1756423630677721968",
      "t" : 1756423630677,
      "tn" : 1756423630677721968,
      "q" : "2.80",
      "p" : "2.390",
      "s" : "sell",
      "i" : "AXS_USD",
      "m" : "4611686018430443924"
    }, {
      "d" : "1756422308326009981",
      "t" : 1756422308326,
      "tn" : 1756422308326009980,
      "q" : "31.24",
      "p" : "2.397",
      "s" : "buy",
      "i" : "AXS_USD",
      "m" : "4611686018430443923"
    }, {
      "d" : "1756422308326009980",
      "t" : 1756422308326,
      "tn" : 1756422308326009980,
      "q" : "8.41",
      "p" : "2.397",
      "s" : "buy",
      "i" : "AXS_USD",
      "m" : "4611686018430443923"
    }, {
      "d" : "1756421708290230156",
      "t" : 1756421708290,
      "tn" : 1756421708290230156,
      "q" : "16.54",
      "p" : "2.392",
      "s" : "buy",
      "i" : "AXS_USD",
      "m" : "4611686018430443922"
    }, {
      "d" : "1756420223692170807",
      "t" : 1756420223692,
      "tn" : 1756420223692170807,
      "q" : "2.55",
      "p" : "2.388",
      "s" : "buy",
      "i" : "AXS_USD",
      "m" : "4611686018430443921"
    }, {
      "d" : "1756419510456423353",
      "t" : 1756419510456,
      "tn" : 1756419510456423353,
      "q" : "10.00",
      "p" : "2.383",
      "s" : "sell",
      "i" : "AXS_USD",
      "m" : "4611686018430443920"
    }, {
      "d" : "1756418704882283906",
      "t" : 1756418704882,
      "tn" : 1756418704882283906,
      "q" : "20.00",
      "p" : "2.366",
      "s" : "buy",
      "i" : "AXS_USD",
      "m" : "4611686018430443919"
    }, {
      "d" : "1756418528258456338",
      "t" : 1756418528258,
      "tn" : 1756418528258456338,
      "q" : "11.47",
      "p" : "2.366",
      "s" : "sell",
      "i" : "AXS_USD",
      "m" : "4611686018430443918"
    }, {
      "d" : "1756416779739016598",
      "t" : 1756416779739,
      "tn" : 1756416779739016598,
      "q" : "96.85",
      "p" : "2.354",
      "s" : "sell",
      "i" : "AXS_USD",
      "m" : "4611686018430443917"
    }, {
      "d" : "1756416539960423017",
      "t" : 1756416539960,
      "tn" : 1756416539960423017,
      "q" : "5.55",
      "p" : "2.351",
      "s" : "buy",
      "i" : "AXS_USD",
      "m" : "4611686018430443916"
    }, {
      "d" : "1756415123002194112",
      "t" : 1756415123002,
      "tn" : 1756415123002194112,
      "q" : "2.45",
      "p" : "2.339",
      "s" : "sell",
      "i" : "AXS_USD",
      "m" : "4611686018430443915"
    }, {
      "d" : "1756414956604299834",
      "t" : 1756414956604,
      "tn" : 1756414956604299834,
      "q" : "97.69",
      "p" : "2.341",
      "s" : "sell",
      "i" : "AXS_USD",
      "m" : "4611686018430443914"
    }, {
      "d" : "1756414116989525820",
      "t" : 1756414116989,
      "tn" : 1756414116989525820,
      "q" : "40.82",
      "p" : "2.339",
      "s" : "sell",
      "i" : "AXS_USD",
      "m" : "4611686018430443913"
    }, {
      "d" : "1756413936259163360",
      "t" : 1756413936259,
      "tn" : 1756413936259163360,
      "q" : "259.35",
      "p" : "2.337",
      "s" : "buy",
      "i" : "AXS_USD",
      "m" : "4611686018430443912"
    }, {
      "d" : "1756411595289084160",
      "t" : 1756411595289,
      "tn" : 1756411595289084160,
      "q" : "0.72",
      "p" : "2.324",
      "s" : "sell",
      "i" : "AXS_USD",
      "m" : "4611686018430443911"
    }, {
      "d" : "1756411226458026984",
      "t" : 1756411226458,
      "tn" : 1756411226458026984,
      "q" : "1.00",
      "p" : "2.317",
      "s" : "sell",
      "i" : "AXS_USD",
      "m" : "4611686018430443910"
    }, {
      "d" : "1756408697302562407",
      "t" : 1756408697302,
      "tn" : 1756408697302562407,
      "q" : "2.15",
      "p" : "2.349",
      "s" : "sell",
      "i" : "AXS_USD",
      "m" : "4611686018430443909"
    }, {
      "d" : "1756407801912697199",
      "t" : 1756407801912,
      "tn" : 1756407801912697199,
      "q" : "45.15",
      "p" : "2.359",
      "s" : "sell",
      "i" : "AXS_USD",
      "m" : "4611686018430443908"
    }, {
      "d" : "1756405992073764811",
      "t" : 1756405992073,
      "tn" : 1756405992073764811,
      "q" : "67.40",
      "p" : "2.353",
      "s" : "sell",
      "i" : "AXS_USD",
      "m" : "4611686018430443907"
    }, {
      "d" : "1756405832299260963",
      "t" : 1756405832299,
      "tn" : 1756405832299260963,
      "q" : "10.00",
      "p" : "2.350",
      "s" : "sell",
      "i" : "AXS_USD",
      "m" : "4611686018430443906"
    }, {
      "d" : "1756404149794585008",
      "t" : 1756404149794,
      "tn" : 1756404149794585008,
      "q" : "4.61",
      "p" : "2.345",
      "s" : "sell",
      "i" : "AXS_USD",
      "m" : "4611686018430443905"
    }, {
      "d" : "1756403863923896333",
      "t" : 1756403863923,
      "tn" : 1756403863923896333,
      "q" : "0.50",
      "p" : "2.346",
      "s" : "sell",
      "i" : "AXS_USD",
      "m" : "4611686018430443904"
    }, {
      "d" : "1756403475248855798",
      "t" : 1756403475248,
      "tn" : 1756403475248855798,
      "q" : "77.44",
      "p" : "2.342",
      "s" : "sell",
      "i" : "AXS_USD",
      "m" : "4611686018430443903"
    }, {
      "d" : "1756401769197521431",
      "t" : 1756401769197,
      "tn" : 1756401769197521431,
      "q" : "7.00",
      "p" : "2.340",
      "s" : "buy",
      "i" : "AXS_USD",
      "m" : "4611686018430443902"
    }, {
      "d" : "1756400520103610973",
      "t" : 1756400520103,
      "tn" : 1756400520103610973,
      "q" : "103.02",
      "p" : "2.337",
      "s" : "sell",
      "i" : "AXS_USD",
      "m" : "4611686018430443901"
    }, {
      "d" : "1756400376557234138",
      "t" : 1756400376557,
      "tn" : 1756400376557234138,
      "q" : "11.30",
      "p" : "2.326",
      "s" : "buy",
      "i" : "AXS_USD",
      "m" : "4611686018430443900"
    }, {
      "d" : "1756399514227429442",
      "t" : 1756399514227,
      "tn" : 1756399514227429442,
      "q" : "42.40",
      "p" : "2.361",
      "s" : "sell",
      "i" : "AXS_USD",
      "m" : "4611686018430443899"
    }, {
      "d" : "1756399344186708541",
      "t" : 1756399344186,
      "tn" : 1756399344186708541,
      "q" : "42.20",
      "p" : "2.364",
      "s" : "sell",
      "i" : "AXS_USD",
      "m" : "4611686018430443898"
    }, {
      "d" : "1756397928481336903",
      "t" : 1756397928481,
      "tn" : 1756397928481336903,
      "q" : "97.58",
      "p" : "2.373",
      "s" : "sell",
      "i" : "AXS_USD",
      "m" : "4611686018430443897"
    }, {
      "d" : "1756397790737346432",
      "t" : 1756397790737,
      "tn" : 1756397790737346432,
      "q" : "2.52",
      "p" : "2.374",
      "s" : "sell",
      "i" : "AXS_USD",
      "m" : "4611686018430443896"
    }, {
      "d" : "1756397038381853871",
      "t" : 1756397038381,
      "tn" : 1756397038381853871,
      "q" : "0.84",
      "p" : "2.363",
      "s" : "sell",
      "i" : "AXS_USD",
      "m" : "4611686018430443895"
    }, {
      "d" : "1756396815483985327",
      "t" : 1756396815483,
      "tn" : 1756396815483985327,
      "q" : "10.41",
      "p" : "2.364",
      "s" : "sell",
      "i" : "AXS_USD",
      "m" : "4611686018430443894"
    }, {
      "d" : "1756396804177329514",
      "t" : 1756396804177,
      "tn" : 1756396804177329514,
      "q" : "88.77",
      "p" : "2.362",
      "s" : "buy",
      "i" : "AXS_USD",
      "m" : "4611686018430443893"
    }, {
      "d" : "1756396741314080585",
      "t" : 1756396741314,
      "tn" : 1756396741314080585,
      "q" : "102.01",
      "p" : "2.360",
      "s" : "sell",
      "i" : "AXS_USD",
      "m" : "4611686018430443892"
    }, {
      "d" : "1756396539479647467",
      "t" : 1756396539479,
      "tn" : 1756396539479647467,
      "q" : "103.97",
      "p" : "2.356",
      "s" : "sell",
      "i" : "AXS_USD",
      "m" : "4611686018430443891"
    }, {
      "d" : "1756396160417348400",
      "t" : 1756396160417,
      "tn" : 1756396160417348400,
      "q" : "107.51",
      "p" : "2.361",
      "s" : "sell",
      "i" : "AXS_USD",
      "m" : "4611686018430443890"
    }, {
      "d" : "1756395784946229593",
      "t" : 1756395784946,
      "tn" : 1756395784946229593,
      "q" : "98.63",
      "p" : "2.375",
      "s" : "sell",
      "i" : "AXS_USD",
      "m" : "4611686018430443889"
    }, {
      "d" : "1756395670684345081",
      "t" : 1756395670684,
      "tn" : 1756395670684345081,
      "q" : "98.74",
      "p" : "2.372",
      "s" : "sell",
      "i" : "AXS_USD",
      "m" : "4611686018430443888"
    }, {
      "d" : "1756394351060559717",
      "t" : 1756394351060,
      "tn" : 1756394351060559717,
      "q" : "96.90",
      "p" : "2.396",
      "s" : "sell",
      "i" : "AXS_USD",
      "m" : "4611686018430443887"
    }, {
      "d" : "1756393454715373229",
      "t" : 1756393454715,
      "tn" : 1756393454715373229,
      "q" : "96.27",
      "p" : "2.393",
      "s" : "sell",
      "i" : "AXS_USD",
      "m" : "4611686018430443886"
    }, {
      "d" : "1756392916685013720",
      "t" : 1756392916685,
      "tn" : 1756392916685013720,
      "q" : "230.69",
      "p" : "2.385",
      "s" : "buy",
      "i" : "AXS_USD",
      "m" : "4611686018430443885"
    }, {
      "d" : "1756392759269103664",
      "t" : 1756392759269,
      "tn" : 1756392759269103664,
      "q" : "56.99",
      "p" : "2.382",
      "s" : "buy",
      "i" : "AXS_USD",
      "m" : "4611686018430443884"
    }, {
      "d" : "1756392758769964439",
      "t" : 1756392758769,
      "tn" : 1756392758769964439,
      "q" : "980.11",
      "p" : "2.382",
      "s" : "buy",
      "i" : "AXS_USD",
      "m" : "4611686018430443883"
    }, {
      "d" : "1756392758769008466",
      "t" : 1756392758769,
      "tn" : 1756392758769008466,
      "q" : "419.90",
      "p" : "2.382",
      "s" : "buy",
      "i" : "AXS_USD",
      "m" : "4611686018430443882"
    }, {
      "d" : "1756392610746662181",
      "t" : 1756392610746,
      "tn" : 1756392610746662181,
      "q" : "419.81",
      "p" : "2.383",
      "s" : "buy",
      "i" : "AXS_USD",
      "m" : "4611686018430443881"
    }, {
      "d" : "1756392610746579219",
      "t" : 1756392610746,
      "tn" : 1756392610746579219,
      "q" : "107.61",
      "p" : "2.383",
      "s" : "buy",
      "i" : "AXS_USD",
      "m" : "4611686018430443880"
    }, {
      "d" : "1756392422894140326",
      "t" : 1756392422894,
      "tn" : 1756392422894140326,
      "q" : "5.87",
      "p" : "2.378",
      "s" : "buy",
      "i" : "AXS_USD",
      "m" : "4611686018430443879"
    }, {
      "d" : "1756392033915353597",
      "t" : 1756392033915,
      "tn" : 1756392033915353597,
      "q" : "41.06",
      "p" : "2.386",
      "s" : "sell",
      "i" : "AXS_USD",
      "m" : "4611686018430443878"
    }, {
      "d" : "1756391890774510038",
      "t" : 1756391890774,
      "tn" : 1756391890774510038,
      "q" : "42.20",
      "p" : "2.376",
      "s" : "sell",
      "i" : "AXS_USD",
      "m" : "4611686018430443877"
    }, {
      "d" : "1756391872346963761",
      "t" : 1756391872346,
      "tn" : 1756391872346963761,
      "q" : "89.97",
      "p" : "2.381",
      "s" : "sell",
      "i" : "AXS_USD",
      "m" : "4611686018430443876"
    }, {
      "d" : "1756389663753039115",
      "t" : 1756389663753,
      "tn" : 1756389663753039115,
      "q" : "17.06",
      "p" : "2.365",
      "s" : "buy",
      "i" : "AXS_USD",
      "m" : "4611686018430443875"
    }, {
      "d" : "1756389309985390502",
      "t" : 1756389309985,
      "tn" : 1756389309985390502,
      "q" : "42.40",
      "p" : "2.352",
      "s" : "sell",
      "i" : "AXS_USD",
      "m" : "4611686018430443874"
    }, {
      "d" : "1756389012309153172",
      "t" : 1756389012309,
      "tn" : 1756389012309153172,
      "q" : "2.35",
      "p" : "2.353",
      "s" : "buy",
      "i" : "AXS_USD",
      "m" : "4611686018430443873"
    }, {
      "d" : "1756388195844044593",
      "t" : 1756388195844,
      "tn" : 1756388195844044593,
      "q" : "103.42",
      "p" : "2.358",
      "s" : "sell",
      "i" : "AXS_USD",
      "m" : "4611686018430443872"
    }, {
      "d" : "1756388164813119865",
      "t" : 1756388164813,
      "tn" : 1756388164813119865,
      "q" : "175.33",
      "p" : "2.357",
      "s" : "buy",
      "i" : "AXS_USD",
      "m" : "4611686018430443871"
    }, {
      "d" : "1756388095911437475",
      "t" : 1756388095911,
      "tn" : 1756388095911437475,
      "q" : "16.16",
      "p" : "2.355",
      "s" : "sell",
      "i" : "AXS_USD",
      "m" : "4611686018430443870"
    }, {
      "d" : "1756388095911435542",
      "t" : 1756388095911,
      "tn" : 1756388095911435542,
      "q" : "101.82",
      "p" : "2.357",
      "s" : "sell",
      "i" : "AXS_USD",
      "m" : "4611686018430443869"
    }, {
      "d" : "1756388021242446343",
      "t" : 1756388021242,
      "tn" : 1756388021242446343,
      "q" : "1.00",
      "p" : "2.358",
      "s" : "buy",
      "i" : "AXS_USD",
      "m" : "4611686018430443868"
    }, {
      "d" : "1756387807640225192",
      "t" : 1756387807640,
      "tn" : 1756387807640225192,
      "q" : "1.77",
      "p" : "2.354",
      "s" : "buy",
      "i" : "AXS_USD",
      "m" : "4611686018430443867"
    }, {
      "d" : "1756387623441440552",
      "t" : 1756387623441,
      "tn" : 1756387623441440552,
      "q" : "11.99",
      "p" : "2.354",
      "s" : "sell",
      "i" : "AXS_USD",
      "m" : "4611686018430443866"
    }, {
      "d" : "1756387034158814644",
      "t" : 1756387034158,
      "tn" : 1756387034158814644,
      "q" : "4.15",
      "p" : "2.355",
      "s" : "sell",
      "i" : "AXS_USD",
      "m" : "4611686018430443865"
    }, {
      "d" : "1756387034158119156",
      "t" : 1756387034158,
      "tn" : 1756387034158119156,
      "q" : "63.69",
      "p" : "2.355",
      "s" : "sell",
      "i" : "AXS_USD",
      "m" : "4611686018430443864"
    }, {
      "d" : "1756387029795618061",
      "t" : 1756387029795,
      "tn" : 1756387029795618061,
      "q" : "24.16",
      "p" : "2.354",
      "s" : "sell",
      "i" : "AXS_USD",
      "m" : "4611686018430443863"
    }, {
      "d" : "1756385482377039101",
      "t" : 1756385482377,
      "tn" : 1756385482377039100,
      "q" : "2.00",
      "p" : "2.350",
      "s" : "buy",
      "i" : "AXS_USD",
      "m" : "4611686018430443862"
    }, {
      "d" : "1756385482377039100",
      "t" : 1756385482377,
      "tn" : 1756385482377039100,
      "q" : "3.00",
      "p" : "2.350",
      "s" : "buy",
      "i" : "AXS_USD",
      "m" : "4611686018430443862"
    }, {
      "d" : "1756384074494909797",
      "t" : 1756384074494,
      "tn" : 1756384074494909797,
      "q" : "24.16",
      "p" : "2.340",
      "s" : "buy",
      "i" : "AXS_USD",
      "m" : "4611686018430443861"
    }, {
      "d" : "1756383855211144916",
      "t" : 1756383855211,
      "tn" : 1756383855211144915,
      "q" : "4.76",
      "p" : "2.349",
      "s" : "sell",
      "i" : "AXS_USD",
      "m" : "4611686018430443860"
    }, {
      "d" : "1756383855211144915",
      "t" : 1756383855211,
      "tn" : 1756383855211144915,
      "q" : "2.42",
      "p" : "2.349",
      "s" : "sell",
      "i" : "AXS_USD",
      "m" : "4611686018430443860"
    }, {
      "d" : "1756383855210650590",
      "t" : 1756383855210,
      "tn" : 1756383855210650590,
      "q" : "240.03",
      "p" : "2.349",
      "s" : "sell",
      "i" : "AXS_USD",
      "m" : "4611686018430443859"
    }, {
      "d" : "1756383420326073988",
      "t" : 1756383420326,
      "tn" : 1756383420326073988,
      "q" : "30.99",
      "p" : "2.349",
      "s" : "sell",
      "i" : "AXS_USD",
      "m" : "4611686018430443858"
    }, {
      "d" : "1756383102526305027",
      "t" : 1756383102526,
      "tn" : 1756383102526305027,
      "q" : "1.00",
      "p" : "2.348",
      "s" : "buy",
      "i" : "AXS_USD",
      "m" : "4611686018430443857"
    }, {
      "d" : "1756382969004069369",
      "t" : 1756382969004,
      "tn" : 1756382969004069369,
      "q" : "40.32",
      "p" : "2.352",
      "s" : "buy",
      "i" : "AXS_USD",
      "m" : "4611686018430443856"
    }, {
      "d" : "1756382700127660894",
      "t" : 1756382700127,
      "tn" : 1756382700127660894,
      "q" : "40.41",
      "p" : "2.346",
      "s" : "buy",
      "i" : "AXS_USD",
      "m" : "4611686018430443855"
    }, {
      "d" : "1756382408762334697",
      "t" : 1756382408762,
      "tn" : 1756382408762334696,
      "q" : "4.15",
      "p" : "2.344",
      "s" : "buy",
      "i" : "AXS_USD",
      "m" : "4611686018430443854"
    }, {
      "d" : "1756382408762334696",
      "t" : 1756382408762,
      "tn" : 1756382408762334696,
      "q" : "5.00",
      "p" : "2.344",
      "s" : "buy",
      "i" : "AXS_USD",
      "m" : "4611686018430443854"
    }, {
      "d" : "1756382118852975176",
      "t" : 1756382118852,
      "tn" : 1756382118852975176,
      "q" : "25.00",
      "p" : "2.346",
      "s" : "sell",
      "i" : "AXS_USD",
      "m" : "4611686018430443853"
    }, {
      "d" : "1756381890873303058",
      "t" : 1756381890873,
      "tn" : 1756381890873303058,
      "q" : "40.65",
      "p" : "2.344",
      "s" : "buy",
      "i" : "AXS_USD",
      "m" : "4611686018430443852"
    }, {
      "d" : "1756381564597399209",
      "t" : 1756381564597,
      "tn" : 1756381564597399209,
      "q" : "20.83",
      "p" : "2.336",
      "s" : "buy",
      "i" : "AXS_USD",
      "m" : "4611686018430443851"
    }, {
      "d" : "1756381564597313752",
      "t" : 1756381564597,
      "tn" : 1756381564597313752,
      "q" : "325.79",
      "p" : "2.336",
      "s" : "buy",
      "i" : "AXS_USD",
      "m" : "4611686018430443850"
    }, {
      "d" : "1756381521493268437",
      "t" : 1756381521493,
      "tn" : 1756381521493268437,
      "q" : "23.82",
      "p" : "2.336",
      "s" : "buy",
      "i" : "AXS_USD",
      "m" : "4611686018430443849"
    }, {
      "d" : "1756379948569776287",
      "t" : 1756379948569,
      "tn" : 1756379948569776287,
      "q" : "20.00",
      "p" : "2.343",
      "s" : "buy",
      "i" : "AXS_USD",
      "m" : "4611686018430443848"
    }, {
      "d" : "1756379796204167534",
      "t" : 1756379796204,
      "tn" : 1756379796204167534,
      "q" : "2.64",
      "p" : "2.341",
      "s" : "buy",
      "i" : "AXS_USD",
      "m" : "4611686018430443847"
    }, {
      "d" : "1756378858170737516",
      "t" : 1756378858170,
      "tn" : 1756378858170737516,
      "q" : "0.56",
      "p" : "2.348",
      "s" : "buy",
      "i" : "AXS_USD",
      "m" : "4611686018430443846"
    }, {
      "d" : "1756378254110112908",
      "t" : 1756378254110,
      "tn" : 1756378254110112908,
      "q" : "33.05",
      "p" : "2.341",
      "s" : "buy",
      "i" : "AXS_USD",
      "m" : "4611686018430443845"
    }, {
      "d" : "1756378067982549763",
      "t" : 1756378067982,
      "tn" : 1756378067982549763,
      "q" : "5.15",
      "p" : "2.341",
      "s" : "sell",
      "i" : "AXS_USD",
      "m" : "4611686018430443844"
    }, {
      "d" : "1756376396573167345",
      "t" : 1756376396573,
      "tn" : 1756376396573167345,
      "q" : "6.10",
      "p" : "2.333",
      "s" : "sell",
      "i" : "AXS_USD",
      "m" : "4611686018430443843"
    }, {
      "d" : "1756375909549362011",
      "t" : 1756375909549,
      "tn" : 1756375909549362011,
      "q" : "40.66",
      "p" : "2.340",
      "s" : "buy",
      "i" : "AXS_USD",
      "m" : "4611686018430443842"
    }, {
      "d" : "1756375815256300695",
      "t" : 1756375815256,
      "tn" : 1756375815256300695,
      "q" : "1.20",
      "p" : "2.334",
      "s" : "buy",
      "i" : "AXS_USD",
      "m" : "4611686018430443841"
    }, {
      "d" : "1756374721765604419",
      "t" : 1756374721765,
      "tn" : 1756374721765604419,
      "q" : "40.45",
      "p" : "2.339",
      "s" : "sell",
      "i" : "AXS_USD",
      "m" : "4611686018430443840"
    }, {
      "d" : "1756374114830087825",
      "t" : 1756374114830,
      "tn" : 1756374114830087825,
      "q" : "1038.55",
      "p" : "2.335",
      "s" : "sell",
      "i" : "AXS_USD",
      "m" : "4611686018430443839"
    }, {
      "d" : "1756374114830085131",
      "t" : 1756374114830,
      "tn" : 1756374114830085130,
      "q" : "97.21",
      "p" : "2.336",
      "s" : "sell",
      "i" : "AXS_USD",
      "m" : "4611686018430443838"
    }, {
      "d" : "1756374114830085130",
      "t" : 1756374114830,
      "tn" : 1756374114830085130,
      "q" : "173.30",
      "p" : "2.336",
      "s" : "sell",
      "i" : "AXS_USD",
      "m" : "4611686018430443838"
    }, {
      "d" : "1756374082002487472",
      "t" : 1756374082002,
      "tn" : 1756374082002487472,
      "q" : "33.84",
      "p" : "2.336",
      "s" : "buy",
      "i" : "AXS_USD",
      "m" : "4611686018430443837"
    }, {
      "d" : "1756374081996540675",
      "t" : 1756374081996,
      "tn" : 1756374081996540675,
      "q" : "97.20",
      "p" : "2.336",
      "s" : "sell",
      "i" : "AXS_USD",
      "m" : "4611686018430443836"
    } ]
  }
}