{
  "id" : -1,
  "method" : "public/get-trades",
  "code" : 0,
  "result" : {
    "data" : [ {
      "d" : "1756454420332017515",
      "t" : 1756454420332,
      "tn" : 1756454420332017515,
      "q" : "43.76",
      "p" : "2.285",
      "s" : "sell",
      "i" : "AXS_USDT",
      "m" : "4611686018430610527"
    }, {
      "d" : "1756451689174626436",
      "t" : 1756451689174,
      "tn" : 1756451689174626436,
      "q" : "4.76",
      "p" : "2.307",
      "s" : "buy",
      "i" : "AXS_USDT",
      "m" : "4611686018430610526"
    }, {
      "d" : "1756451326847202968",
      "t" : 1756451326847,
      "tn" : 1756451326847202968,
      "q" : "4.73",
      "p" : "2.322",
      "s" : "buy",
      "i" : "AXS_USDT",
      "m" : "4611686018430610525"
    }, {
      "d" : "1756451293682985681",
      "t" : 1756451293682,
      "tn" : 1756451293682985681,
      "q" : "0.57",
      "p" : "2.321",
      "s" : "sell",
      "i" : "AXS_USDT",
      "m" : "4611686018430610524"
    }, {
      "d" : "1756448281021146987",
      "t" : 1756448281021,
      "tn" : 1756448281021146987,
      "q" : "25.00",
      "p" : "2.348",
      "s" : "sell",
      "i" : "AXS_USDT",
      "m" : "4611686018430610523"
    }, {
      "d" : "1756435507051495853",
      "t" : 1756435507051,
      "tn" : 1756435507051495853,
      "q" : "0.47",
      "p" : "2.371",
      "s" : "sell",
      "i" : "AXS_USDT",
      "m" : "4611686018430610522"
    }, {
      "d" : "1756428738976964150",
      "t" : 1756428738976,
      "tn" : 1756428738976964150,
      "q" : "0.82",
      "p" : "2.391",
      "s" : "sell",
      "i" : "AXS_USDT",
      "m" : "4611686018430610521"
    }, {
      "d" : "1756425677205314821",
      "t" : 1756425677205,
      "tn" : 1756425677205314821,
      "q" : "149.96",
      "p" : "2.404",
      "s" : "buy",
      "i" : "AXS_USDT",
      "m" : "4611686018430610520"
    }, {
      "d" : "1756425611859531986",
      "t" : 1756425611859,
      "tn" : 1756425611859531986,
      "q" : "1.01",
      "p" : "2.398",
      "s" : "buy",
      "i" : "AXS_USDT",
      "m" : "4611686018430610519"
    }, {
      "d" : "1756422662347115659",
      "t" : 1756422662347,
      "tn" : 1756422662347115659,
      "q" : "76.33",
      "p" : "2.392",
      "s" : "sell",
      "i" : "AXS_USDT",
      "m" : "4611686018430610518"
    }, {
      "d" : "1756420397604706869",
      "t" : 1756420397604,
      "tn" : 1756420397604706869,
      "q" : "2.51",
      "p" : "2.389",
      "s" : "buy",
      "i" : "AXS_USDT",
      "m" : "4611686018430610517"
    }, {
      "d" : "1756420124804994444",
      "t" : 1756420124804,
      "tn" : 1756420124804994444,
      "q" : "1.22",
      "p" : "2.387",
      "s" : "sell",
      "i" : "AXS_USDT",
      "m" : "4611686018430610516"
    }, {
      "d" : "1756406292518552884",
      "t" : 1756406292518,
      "tn" : 1756406292518552884,
      "q" : "0.54",
      "p" : "2.354",
      "s" : "sell",
      "i" : "AXS_USDT",
      "m" : "4611686018430610515"
    }, {
      "d" : "1756404491029191427",
      "t" : 1756404491029,
      "tn" : 1756404491029191427,
      "q" : "6.03",
      "p" : "2.340",
      "s" : "sell",
      "i" : "AXS_USDT",
      "m" : "4611686018430610514"
    }, {
      "d" : "1756400032384069520",
      "t" : 1756400032384,
      "tn" : 1756400032384069520,
      "q" : "0.56",
      "p" : "2.353",
      "s" : "sell",
      "i" : "AXS_USDT",
      "m" : "4611686018430610513"
    }, {
      "d" : "1756396566186552646",
      "t" : 1756396566186,
      "tn" : 1756396566186552646,
      "q" : "12.13",
      "p" : "2.355",
      "s" : "sell",
      "i" : "AXS_USDT",
      "m" : "4611686018430610512"
    }, {
      "d" : "1756396232676606811",
      "t" : 1756396232676,
      "tn" : 1756396232676606811,
      "q" : "4.62",
      "p" : "2.358",
      "s" : "sell",
      "i" : "AXS_USDT",
      "m" : "4611686018430610511"
    }, {
      "d" : "1756396200830924961",
      "t" : 1756396200830,
      "tn" : 1756396200830924961,
      "q" : "24.78",
      "p" : "2.360",
      "s" : "sell",
      "i" : "AXS_USDT",
      "m" : "4611686018430610510"
    }, {
      "d" : "1756394863297647983",
      "t" : 1756394863297,
      "tn" : 1756394863297647983,
      "q" : "2.09",
      "p" : "2.383",
      "s" : "buy",
      "i" : "AXS_USDT",
      "m" : "4611686018430610509"
    }, {
      "d" : "1756394608703893453",
      "t" : 1756394608703,
      "tn" : 1756394608703893453,
      "q" : "0.60",
      "p" : "2.383",
      "s" : "sell",
      "i" : "AXS_USDT",
      "m" : "4611686018430610508"
    }, {
      "d" : "1756391228565019785",
      "t" : 1756391228565,
      "tn" : 1756391228565019785,
      "q" : "0.49",
      "p" : "2.365",
      "s" : "sell",
      "i" : "AXS_USDT",
      "m" : "4611686018430610507"
    }, {
      "d" : "1756389940679164959",
      "t" : 1756389940679,
      "tn" : 1756389940679164958,
      "q" : "10.83",
      "p" : "2.377",
      "s" : "buy",
      "i" : "AXS_USDT",
      "m" : "4611686018430610506"
    }, {
      "d" : "1756389940679164958",
      "t" : 1756389940679,
      "tn" : 1756389940679164958,
      "q" : "36.19",
      "p" : "2.377",
      "s" : "buy",
      "i" : "AXS_USDT",
      "m" : "4611686018430610506"
    }, {
      "d" : "1756389561331529356",
      "t" : 1756389561331,
      "tn" : 1756389561331529356,
      "q" : "50.11",
      "p" : "2.361",
      "s" : "buy",
      "i" : "AXS_USDT",
      "m" : "4611686018430610505"
    }, {
      "d" : "1756388115672127731",
      "t" : 1756388115672,
      "tn" : 1756388115672127731,
      "q" : "0.57",
      "p" : "2.355",
      "s" : "buy",
      "i" : "AXS_USDT",
      "m" : "4611686018430610504"
    }, {
      "d" : "1756387999094566337",
      "t" : 1756387999094,
      "tn" : 1756387999094566337,
      "q" : "11.75",
      "p" : "2.356",
      "s" : "sell",
      "i" : "AXS_USDT",
      "m" : "4611686018430610503"
    }, {
      "d" : "1756384297755470591",
      "t" : 1756384297755,
      "tn" : 1756384297755470591,
      "q" : "50.02",
      "p" : "2.353",
      "s" : "buy",
      "i" : "AXS_USDT",
      "m" : "4611686018430610502"
    }, {
      "d" : "1756383855209968932",
      "t" : 1756383855209,
      "tn" : 1756383855209968932,
      "q" : "240.02",
      "p" : "2.345",
      "s" : "sell",
      "i" : "AXS_USDT",
      "m" : "4611686018430610501"
    }, {
      "d" : "1756380234731387040",
      "t" : 1756380234731,
      "tn" : 1756380234731387040,
      "q" : "0.49",
      "p" : "2.342",
      "s" : "sell",
      "i" : "AXS_USDT",
      "m" : "4611686018430610500"
    }, {
      "d" : "1756377268630781548",
      "t" : 1756377268630,
      "tn" : 1756377268630781548,
      "q" : "78.23",
      "p" : "2.345",
      "s" : "sell",
      "i" : "AXS_USDT",
      "m" : "4611686018430610499"
    }, {
      "d" : "1756375895082108772",
      "t" : 1756375895082,
      "tn" : 1756375895082108772,
      "q" : "27.89",
      "p" : "2.333",
      "s" : "sell",
      "i" : "AXS_USDT",
      "m" : "4611686018430610498"
    }, {
      "d" : "1756375684887884527",
      "t" : 1756375684887,
      "tn" : 1756375684887884527,
      "q" : "5.12",
      "p" : "2.335",
      "s" : "sell",
      "i" : "AXS_USDT",
      "m" : "4611686018430610497"
    } ]
  }
}