{
  "id" : -1,
  "method" : "public/get-trades",
  "code" : 0,
  "result" : {
    "data" : [ {
      "d" : "1756459553532708594",
      "t" : 1756459553532,
      "tn" : 1756459553532708594,
      "q" : "0.1",
      "p" : "2.271",
      "s" : "buy",
      "i" : "AXSUSD-PERP",
      "m" : "4611686018432569632"
    }, {
      "d" : "1756453293411082851",
      "t" : 1756453293411,
      "tn" : 1756453293411082851,
      "q" : "0.1",
      "p" : "2.300",
      "s" : "sell",
      "i" : "AXSUSD-PERP",
      "m" : "4611686018432569631"
    }, {
      "d" : "1756453275793247415",
      "t" : 1756453275793,
      "tn" : 1756453275793247415,
      "q" : "0.1",
      "p" : "2.298",
      "s" : "buy",
      "i" : "AXSUSD-PERP",
      "m" : "4611686018432569630"
    }, {
      "d" : "1756451553387627328",
      "t" : 1756451553387,
      "tn" : 1756451553387627328,
      "q" : "64.8",
      "p" : "2.312",
      "s" : "sell",
      "i" : "AXSUSD-PERP",
      "m" : "4611686018432569629"
    }, {
      "d" : "1756446689435899269",
      "t" : 1756446689435,
      "tn" : 1756446689435899269,
      "q" : "63.2",
      "p" : "2.369",
      "s" : "sell",
      "i" : "AXSUSD-PERP",
      "m" : "4611686018432569628"
    }, {
      "d" : "1756445120531940209",
      "t" : 1756445120531,
      "tn" : 1756445120531940209,
      "q" : "0.1",
      "p" : "2.360",
      "s" : "sell",
      "i" : "AXSUSD-PERP",
      "m" : "4611686018432569627"
    }, {
      "d" : "1756445120527918753",
      "t" : 1756445120527,
      "tn" : 1756445120527918753,
      "q" : "9.1",
      "p" : "2.360",
      "s" : "sell",
      "i" : "AXSUSD-PERP",
      "m" : "4611686018432569626"
    }, {
      "d" : "1756440265186600627",
      "t" : 1756440265186,
      "tn" : 1756440265186600627,
      "q" : "63.0",
      "p" : "2.374",
      "s" : "sell",
      "i" : "AXSUSD-PERP",
      "m" : "4611686018432569625"
    }, {
      "d" : "1756438677212034314",
      "t" : 1756438677212,
      "tn" : 1756438677212034314,
      "q" : "0.1",
      "p" : "2.376",
      "s" : "buy",
      "i" : "AXSUSD-PERP",
      "m" : "4611686018432569624"
    }, {
      "d" : "1756437672769543275",
      "t" : 1756437672769,
      "tn" : 1756437672769543275,
      "q" : "0.1",
      "p" : "2.372",
      "s" : "sell",
      "i" : "AXSUSD-PERP",
      "m" : "4611686018432569623"
    }, {
      "d" : "1756429210261637895",
      "t" : 1756429210261,
      "tn" : 1756429210261637895,
      "q" : "0.1",
      "p" : "2.393",
      "s" : "sell",
      "i" : "AXSUSD-PERP",
      "m" : "4611686018432569622"
    }, {
      "d" : "1756429203996194990",
      "t" : 1756429203996,
      "tn" : 1756429203996194990,
      "q" : "0.1",
      "p" : "2.392",
      "s" : "sell",
      "i" : "AXSUSD-PERP",
      "m" : "4611686018432569621"
    }, {
      "d" : "1756429185883885625",
      "t" : 1756429185883,
      "tn" : 1756429185883885625,
      "q" : "0.1",
      "p" : "2.391",
      "s" : "sell",
      "i" : "AXSUSD-PERP",
      "m" : "4611686018432569620"
    }, {
      "d" : "1756429172222616979",
      "t" : 1756429172222,
      "tn" : 1756429172222616979,
      "q" : "0.1",
      "p" : "2.391",
      "s" : "sell",
      "i" : "AXSUSD-PERP",
      "m" : "4611686018432569619"
    }, {
      "d" : "1756429136903024161",
      "t" : 1756429136903,
      "tn" : 1756429136903024161,
      "q" : "0.1",
      "p" : "2.391",
      "s" : "sell",
      "i" : "AXSUSD-PERP",
      "m" : "4611686018432569618"
    }, {
      "d" : "1756429100138153013",
      "t" : 1756429100138,
      "tn" : 1756429100138153013,
      "q" : "0.1",
      "p" : "2.392",
      "s" : "sell",
      "i" : "AXSUSD-PERP",
      "m" : "4611686018432569617"
    }, {
      "d" : "1756429095049142470",
      "t" : 1756429095049,
      "tn" : 1756429095049142470,
      "q" : "0.1",
      "p" : "2.392",
      "s" : "sell",
      "i" : "AXSUSD-PERP",
      "m" : "4611686018432569616"
    }, {
      "d" : "1756429090106525735",
      "t" : 1756429090106,
      "tn" : 1756429090106525735,
      "q" : "0.1",
      "p" : "2.391",
      "s" : "sell",
      "i" : "AXSUSD-PERP",
      "m" : "4611686018432569615"
    }, {
      "d" : "1756429027174955582",
      "t" : 1756429027174,
      "tn" : 1756429027174955582,
      "q" : "0.1",
      "p" : "2.391",
      "s" : "sell",
      "i" : "AXSUSD-PERP",
      "m" : "4611686018432569614"
    }, {
      "d" : "1756429025615117188",
      "t" : 1756429025615,
      "tn" : 1756429025615117188,
      "q" : "0.1",
      "p" : "2.391",
      "s" : "sell",
      "i" : "AXSUSD-PERP",
      "m" : "4611686018432569613"
    }, {
      "d" : "1756429024636743168",
      "t" : 1756429024636,
      "tn" : 1756429024636743168,
      "q" : "0.1",
      "p" : "2.391",
      "s" : "sell",
      "i" : "AXSUSD-PERP",
      "m" : "4611686018432569612"
    }, {
      "d" : "1756429017164883847",
      "t" : 1756429017164,
      "tn" : 1756429017164883847,
      "q" : "0.1",
      "p" : "2.390",
      "s" : "sell",
      "i" : "AXSUSD-PERP",
      "m" : "4611686018432569611"
    }, {
      "d" : "1756429007114657595",
      "t" : 1756429007114,
      "tn" : 1756429007114657595,
      "q" : "0.1",
      "p" : "2.390",
      "s" : "sell",
      "i" : "AXSUSD-PERP",
      "m" : "4611686018432569610"
    }, {
      "d" : "1756428997077206039",
      "t" : 1756428997077,
      "tn" : 1756428997077206039,
      "q" : "0.1",
      "p" : "2.390",
      "s" : "sell",
      "i" : "AXSUSD-PERP",
      "m" : "4611686018432569609"
    }, {
      "d" : "1756428987034680183",
      "t" : 1756428987034,
      "tn" : 1756428987034680183,
      "q" : "0.1",
      "p" : "2.390",
      "s" : "sell",
      "i" : "AXSUSD-PERP",
      "m" : "4611686018432569608"
    }, {
      "d" : "1756428977034450058",
      "t" : 1756428977034,
      "tn" : 1756428977034450058,
      "q" : "0.1",
      "p" : "2.390",
      "s" : "sell",
      "i" : "AXSUSD-PERP",
      "m" : "4611686018432569607"
    }, {
      "d" : "1756427198576075180",
      "t" : 1756427198576,
      "tn" : 1756427198576075180,
      "q" : "0.1",
      "p" : "2.395",
      "s" : "sell",
      "i" : "AXSUSD-PERP",
      "m" : "4611686018432569606"
    }, {
      "d" : "1756426812847849702",
      "t" : 1756426812847,
      "tn" : 1756426812847849702,
      "q" : "0.1",
      "p" : "2.400",
      "s" : "sell",
      "i" : "AXSUSD-PERP",
      "m" : "4611686018432569605"
    }, {
      "d" : "1756426294989472101",
      "t" : 1756426294989,
      "tn" : 1756426294989472101,
      "q" : "0.1",
      "p" : "2.402",
      "s" : "sell",
      "i" : "AXSUSD-PERP",
      "m" : "4611686018432569604"
    }, {
      "d" : "1756425682312080993",
      "t" : 1756425682312,
      "tn" : 1756425682312080993,
      "q" : "0.1",
      "p" : "2.407",
      "s" : "buy",
      "i" : "AXSUSD-PERP",
      "m" : "4611686018432569603"
    }, {
      "d" : "1756425677406551155",
      "t" : 1756425677406,
      "tn" : 1756425677406551155,
      "q" : "0.1",
      "p" : "2.405",
      "s" : "sell",
      "i" : "AXSUSD-PERP",
      "m" : "4611686018432569602"
    }, {
      "d" : "1756425677247382169",
      "t" : 1756425677247,
      "tn" : 1756425677247382169,
      "q" : "0.1",
      "p" : "2.404",
      "s" : "sell",
      "i" : "AXSUSD-PERP",
      "m" : "4611686018432569601"
    }, {
      "d" : "1756425618812286647",
      "t" : 1756425618812,
      "tn" : 1756425618812286647,
      "q" : "0.1",
      "p" : "2.401",
      "s" : "sell",
      "i" : "AXSUSD-PERP",
      "m" : "4611686018432569600"
    }, {
      "d" : "1756425547387761630",
      "t" : 1756425547387,
      "tn" : 1756425547387761630,
      "q" : "0.1",
      "p" : "2.396",
      "s" : "sell",
      "i" : "AXSUSD-PERP",
      "m" : "4611686018432569599"
    }, {
      "d" : "1756425540685467103",
      "t" : 1756425540685,
      "tn" : 1756425540685467103,
      "q" : "0.1",
      "p" : "2.395",
      "s" : "sell",
      "i" : "AXSUSD-PERP",
      "m" : "4611686018432569598"
    }, {
      "d" : "1756425530673355703",
      "t" : 1756425530673,
      "tn" : 1756425530673355703,
      "q" : "0.1",
      "p" : "2.395",
      "s" : "sell",
      "i" : "AXSUSD-PERP",
      "m" : "4611686018432569597"
    }, {
      "d" : "1756425520630564688",
      "t" : 1756425520630,
      "tn" : 1756425520630564688,
      "q" : "0.1",
      "p" : "2.394",
      "s" : "sell",
      "i" : "AXSUSD-PERP",
      "m" : "4611686018432569596"
    }, {
      "d" : "1756425436705334236",
      "t" : 1756425436705,
      "tn" : 1756425436705334236,
      "q" : "0.1",
      "p" : "2.395",
      "s" : "sell",
      "i" : "AXSUSD-PERP",
      "m" : "4611686018432569595"
    }, {
      "d" : "1756425318863070694",
      "t" : 1756425318863,
      "tn" : 1756425318863070694,
      "q" : "0.1",
      "p" : "2.397",
      "s" : "sell",
      "i" : "AXSUSD-PERP",
      "m" : "4611686018432569594"
    }, {
      "d" : "1756425290572934238",
      "t" : 1756425290572,
      "tn" : 1756425290572934238,
      "q" : "0.1",
      "p" : "2.396",
      "s" : "sell",
      "i" : "AXSUSD-PERP",
      "m" : "4611686018432569593"
    }, {
      "d" : "1756425258883564686",
      "t" : 1756425258883,
      "tn" : 1756425258883564686,
      "q" : "0.1",
      "p" : "2.396",
      "s" : "sell",
      "i" : "AXSUSD-PERP",
      "m" : "4611686018432569592"
    }, {
      "d" : "1756425248863873005",
      "t" : 1756425248863,
      "tn" : 1756425248863873005,
      "q" : "0.1",
      "p" : "2.396",
      "s" : "sell",
      "i" : "AXSUSD-PERP",
      "m" : "4611686018432569591"
    }, {
      "d" : "1756425062805399832",
      "t" : 1756425062805,
      "tn" : 1756425062805399832,
      "q" : "0.1",
      "p" : "2.395",
      "s" : "sell",
      "i" : "AXSUSD-PERP",
      "m" : "4611686018432569590"
    }, {
      "d" : "1756424942218843336",
      "t" : 1756424942218,
      "tn" : 1756424942218843336,
      "q" : "0.1",
      "p" : "2.396",
      "s" : "sell",
      "i" : "AXSUSD-PERP",
      "m" : "4611686018432569589"
    }, {
      "d" : "1756424932168245819",
      "t" : 1756424932168,
      "tn" : 1756424932168245819,
      "q" : "0.1",
      "p" : "2.396",
      "s" : "sell",
      "i" : "AXSUSD-PERP",
      "m" : "4611686018432569588"
    }, {
      "d" : "1756424922110674234",
      "t" : 1756424922110,
      "tn" : 1756424922110674234,
      "q" : "0.1",
      "p" : "2.396",
      "s" : "sell",
      "i" : "AXSUSD-PERP",
      "m" : "4611686018432569587"
    }, {
      "d" : "1756424912059400372",
      "t" : 1756424912059,
      "tn" : 1756424912059400372,
      "q" : "0.1",
      "p" : "2.396",
      "s" : "sell",
      "i" : "AXSUSD-PERP",
      "m" : "4611686018432569586"
    }, {
      "d" : "1756424705643329206",
      "t" : 1756424705643,
      "tn" : 1756424705643329206,
      "q" : "0.1",
      "p" : "2.393",
      "s" : "sell",
      "i" : "AXSUSD-PERP",
      "m" : "4611686018432569585"
    }, {
      "d" : "1756424450592148401",
      "t" : 1756424450592,
      "tn" : 1756424450592148401,
      "q" : "0.1",
      "p" : "2.395",
      "s" : "sell",
      "i" : "AXSUSD-PERP",
      "m" : "4611686018432569584"
    }, {
      "d" : "1756424324029930113",
      "t" : 1756424324029,
      "tn" : 1756424324029930113,
      "q" : "0.1",
      "p" : "2.393",
      "s" : "sell",
      "i" : "AXSUSD-PERP",
      "m" : "4611686018432569583"
    }, {
      "d" : "1756424312805044079",
      "t" : 1756424312805,
      "tn" : 1756424312805044079,
      "q" : "0.1",
      "p" : "2.391",
      "s" : "sell",
      "i" : "AXSUSD-PERP",
      "m" : "4611686018432569582"
    }, {
      "d" : "1756424277302367401",
      "t" : 1756424277302,
      "tn" : 1756424277302367401,
      "q" : "0.1",
      "p" : "2.391",
      "s" : "sell",
      "i" : "AXSUSD-PERP",
      "m" : "4611686018432569581"
    }, {
      "d" : "1756424272491597959",
      "t" : 1756424272491,
      "tn" : 1756424272491597959,
      "q" : "0.1",
      "p" : "2.391",
      "s" : "sell",
      "i" : "AXSUSD-PERP",
      "m" : "4611686018432569580"
    }, {
      "d" : "1756424262446495502",
      "t" : 1756424262446,
      "tn" : 1756424262446495502,
      "q" : "0.1",
      "p" : "2.391",
      "s" : "sell",
      "i" : "AXSUSD-PERP",
      "m" : "4611686018432569579"
    }, {
      "d" : "1756424252387484469",
      "t" : 1756424252387,
      "tn" : 1756424252387484469,
      "q" : "0.1",
      "p" : "2.390",
      "s" : "sell",
      "i" : "AXSUSD-PERP",
      "m" : "4611686018432569578"
    }, {
      "d" : "1756424242154721311",
      "t" : 1756424242154,
      "tn" : 1756424242154721311,
      "q" : "0.1",
      "p" : "2.391",
      "s" : "sell",
      "i" : "AXSUSD-PERP",
      "m" : "4611686018432569577"
    }, {
      "d" : "1756424232131727530",
      "t" : 1756424232131,
      "tn" : 1756424232131727530,
      "q" : "0.1",
      "p" : "2.390",
      "s" : "sell",
      "i" : "AXSUSD-PERP",
      "m" : "4611686018432569576"
    }, {
      "d" : "1756424227803624475",
      "t" : 1756424227803,
      "tn" : 1756424227803624475,
      "q" : "0.1",
      "p" : "2.391",
      "s" : "sell",
      "i" : "AXSUSD-PERP",
      "m" : "4611686018432569575"
    }, {
      "d" : "1756424227725527217",
      "t" : 1756424227725,
      "tn" : 1756424227725527217,
      "q" : "0.1",
      "p" : "2.391",
      "s" : "sell",
      "i" : "AXSUSD-PERP",
      "m" : "4611686018432569574"
    }, {
      "d" : "1756424222125547329",
      "t" : 1756424222125,
      "tn" : 1756424222125547329,
      "q" : "0.1",
      "p" : "2.391",
      "s" : "sell",
      "i" : "AXSUSD-PERP",
      "m" : "4611686018432569573"
    }, {
      "d" : "1756424212118787378",
      "t" : 1756424212118,
      "tn" : 1756424212118787378,
      "q" : "0.1",
      "p" : "2.391",
      "s" : "sell",
      "i" : "AXSUSD-PERP",
      "m" : "4611686018432569572"
    }, {
      "d" : "1756424203101247382",
      "t" : 1756424203101,
      "tn" : 1756424203101247382,
      "q" : "0.1",
      "p" : "2.392",
      "s" : "sell",
      "i" : "AXSUSD-PERP",
      "m" : "4611686018432569571"
    }, {
      "d" : "1756424200985505445",
      "t" : 1756424200985,
      "tn" : 1756424200985505445,
      "q" : "0.1",
      "p" : "2.392",
      "s" : "sell",
      "i" : "AXSUSD-PERP",
      "m" : "4611686018432569570"
    }, {
      "d" : "1756424190957994407",
      "t" : 1756424190957,
      "tn" : 1756424190957994407,
      "q" : "0.1",
      "p" : "2.392",
      "s" : "sell",
      "i" : "AXSUSD-PERP",
      "m" : "4611686018432569569"
    }, {
      "d" : "1756424155029894655",
      "t" : 1756424155029,
      "tn" : 1756424155029894655,
      "q" : "0.1",
      "p" : "2.391",
      "s" : "sell",
      "i" : "AXSUSD-PERP",
      "m" : "4611686018432569568"
    }, {
      "d" : "1756424138473568466",
      "t" : 1756424138473,
      "tn" : 1756424138473568466,
      "q" : "0.1",
      "p" : "2.390",
      "s" : "sell",
      "i" : "AXSUSD-PERP",
      "m" : "4611686018432569567"
    }, {
      "d" : "1756423824333537495",
      "t" : 1756423824333,
      "tn" : 1756423824333537495,
      "q" : "0.1",
      "p" : "2.390",
      "s" : "sell",
      "i" : "AXSUSD-PERP",
      "m" : "4611686018432569566"
    }, {
      "d" : "1756423820313091083",
      "t" : 1756423820313,
      "tn" : 1756423820313091083,
      "q" : "0.1",
      "p" : "2.390",
      "s" : "sell",
      "i" : "AXSUSD-PERP",
      "m" : "4611686018432569565"
    }, {
      "d" : "1756423818911458813",
      "t" : 1756423818911,
      "tn" : 1756423818911458813,
      "q" : "0.1",
      "p" : "2.391",
      "s" : "sell",
      "i" : "AXSUSD-PERP",
      "m" : "4611686018432569564"
    }, {
      "d" : "1756423816257228424",
      "t" : 1756423816257,
      "tn" : 1756423816257228424,
      "q" : "0.1",
      "p" : "2.391",
      "s" : "sell",
      "i" : "AXSUSD-PERP",
      "m" : "4611686018432569563"
    }, {
      "d" : "1756423814277958929",
      "t" : 1756423814277,
      "tn" : 1756423814277958929,
      "q" : "0.1",
      "p" : "2.391",
      "s" : "sell",
      "i" : "AXSUSD-PERP",
      "m" : "4611686018432569562"
    }, {
      "d" : "1756423810262965869",
      "t" : 1756423810262,
      "tn" : 1756423810262965869,
      "q" : "0.1",
      "p" : "2.391",
      "s" : "sell",
      "i" : "AXSUSD-PERP",
      "m" : "4611686018432569561"
    }, {
      "d" : "1756423804231446195",
      "t" : 1756423804231,
      "tn" : 1756423804231446195,
      "q" : "0.1",
      "p" : "2.391",
      "s" : "sell",
      "i" : "AXSUSD-PERP",
      "m" : "4611686018432569560"
    }, {
      "d" : "1756423800248795694",
      "t" : 1756423800248,
      "tn" : 1756423800248795694,
      "q" : "0.1",
      "p" : "2.391",
      "s" : "sell",
      "i" : "AXSUSD-PERP",
      "m" : "4611686018432569559"
    }, {
      "d" : "1756423794225931193",
      "t" : 1756423794225,
      "tn" : 1756423794225931193,
      "q" : "0.1",
      "p" : "2.391",
      "s" : "sell",
      "i" : "AXSUSD-PERP",
      "m" : "4611686018432569558"
    }, {
      "d" : "1756423784222647604",
      "t" : 1756423784222,
      "tn" : 1756423784222647604,
      "q" : "0.1",
      "p" : "2.391",
      "s" : "sell",
      "i" : "AXSUSD-PERP",
      "m" : "4611686018432569557"
    }, {
      "d" : "1756423723154741824",
      "t" : 1756423723154,
      "tn" : 1756423723154741824,
      "q" : "0.1",
      "p" : "2.390",
      "s" : "sell",
      "i" : "AXSUSD-PERP",
      "m" : "4611686018432569556"
    }, {
      "d" : "1756423701879734460",
      "t" : 1756423701879,
      "tn" : 1756423701879734460,
      "q" : "0.1",
      "p" : "2.389",
      "s" : "sell",
      "i" : "AXSUSD-PERP",
      "m" : "4611686018432569555"
    }, {
      "d" : "1756423406374524347",
      "t" : 1756423406374,
      "tn" : 1756423406374524347,
      "q" : "0.1",
      "p" : "2.388",
      "s" : "sell",
      "i" : "AXSUSD-PERP",
      "m" : "4611686018432569554"
    }, {
      "d" : "1756423115115333007",
      "t" : 1756423115115,
      "tn" : 1756423115115333007,
      "q" : "0.1",
      "p" : "2.391",
      "s" : "sell",
      "i" : "AXSUSD-PERP",
      "m" : "4611686018432569553"
    }, {
      "d" : "1756422452367153962",
      "t" : 1756422452367,
      "tn" : 1756422452367153962,
      "q" : "0.1",
      "p" : "2.394",
      "s" : "sell",
      "i" : "AXSUSD-PERP",
      "m" : "4611686018432569552"
    }, {
      "d" : "1756422307658209046",
      "t" : 1756422307658,
      "tn" : 1756422307658209046,
      "q" : "24.5",
      "p" : "2.393",
      "s" : "sell",
      "i" : "AXSUSD-PERP",
      "m" : "4611686018432569551"
    }, {
      "d" : "1756422001081322651",
      "t" : 1756422001081,
      "tn" : 1756422001081322651,
      "q" : "0.1",
      "p" : "2.400",
      "s" : "sell",
      "i" : "AXSUSD-PERP",
      "m" : "4611686018432569550"
    }, {
      "d" : "1756421990717716657",
      "t" : 1756421990717,
      "tn" : 1756421990717716657,
      "q" : "0.1",
      "p" : "2.399",
      "s" : "sell",
      "i" : "AXSUSD-PERP",
      "m" : "4611686018432569549"
    }, {
      "d" : "1756421821067580710",
      "t" : 1756421821067,
      "tn" : 1756421821067580710,
      "q" : "0.1",
      "p" : "2.396",
      "s" : "sell",
      "i" : "AXSUSD-PERP",
      "m" : "4611686018432569548"
    }, {
      "d" : "1756421655959475050",
      "t" : 1756421655959,
      "tn" : 1756421655959475050,
      "q" : "0.1",
      "p" : "2.391",
      "s" : "sell",
      "i" : "AXSUSD-PERP",
      "m" : "4611686018432569547"
    }, {
      "d" : "1756421643337475945",
      "t" : 1756421643337,
      "tn" : 1756421643337475945,
      "q" : "0.1",
      "p" : "2.390",
      "s" : "sell",
      "i" : "AXSUSD-PERP",
      "m" : "4611686018432569546"
    }, {
      "d" : "1756421633316872394",
      "t" : 1756421633316,
      "tn" : 1756421633316872394,
      "q" : "0.1",
      "p" : "2.390",
      "s" : "sell",
      "i" : "AXSUSD-PERP",
      "m" : "4611686018432569545"
    }, {
      "d" : "1756421623257852104",
      "t" : 1756421623257,
      "tn" : 1756421623257852104,
      "q" : "0.1",
      "p" : "2.390",
      "s" : "sell",
      "i" : "AXSUSD-PERP",
      "m" : "4611686018432569544"
    }, {
      "d" : "1756421613241506446",
      "t" : 1756421613241,
      "tn" : 1756421613241506446,
      "q" : "0.1",
      "p" : "2.390",
      "s" : "sell",
      "i" : "AXSUSD-PERP",
      "m" : "4611686018432569543"
    }, {
      "d" : "1756421499119121136",
      "t" : 1756421499119,
      "tn" : 1756421499119121136,
      "q" : "0.1",
      "p" : "2.389",
      "s" : "sell",
      "i" : "AXSUSD-PERP",
      "m" : "4611686018432569542"
    }, {
      "d" : "1756421489111296999",
      "t" : 1756421489111,
      "tn" : 1756421489111296999,
      "q" : "0.1",
      "p" : "2.389",
      "s" : "sell",
      "i" : "AXSUSD-PERP",
      "m" : "4611686018432569541"
    }, {
      "d" : "1756421479110152096",
      "t" : 1756421479110,
      "tn" : 1756421479110152096,
      "q" : "0.1",
      "p" : "2.388",
      "s" : "sell",
      "i" : "AXSUSD-PERP",
      "m" : "4611686018432569540"
    }, {
      "d" : "1756421469102775620",
      "t" : 1756421469102,
      "tn" : 1756421469102775620,
      "q" : "0.1",
      "p" : "2.387",
      "s" : "sell",
      "i" : "AXSUSD-PERP",
      "m" : "4611686018432569539"
    }, {
      "d" : "1756421459054773630",
      "t" : 1756421459054,
      "tn" : 1756421459054773630,
      "q" : "0.1",
      "p" : "2.388",
      "s" : "sell",
      "i" : "AXSUSD-PERP",
      "m" : "4611686018432569538"
    }, {
      "d" : "1756421449028446965",
      "t" : 1756421449028,
      "tn" : 1756421449028446965,
      "q" : "0.1",
      "p" : "2.388",
      "s" : "sell",
      "i" : "AXSUSD-PERP",
      "m" : "4611686018432569537"
    }, {
      "d" : "1756421410502789842",
      "t" : 1756421410502,
      "tn" : 1756421410502789842,
      "q" : "0.1",
      "p" : "2.388",
      "s" : "sell",
      "i" : "AXSUSD-PERP",
      "m" : "4611686018432569536"
    }, {
      "d" : "1756421321213218532",
      "t" : 1756421321213,
      "tn" : 1756421321213218532,
      "q" : "0.1",
      "p" : "2.390",
      "s" : "sell",
      "i" : "AXSUSD-PERP",
      "m" : "4611686018432569535"
    }, {
      "d" : "1756421238758699329",
      "t" : 1756421238758,
      "tn" : 1756421238758699329,
      "q" : "0.1",
      "p" : "2.389",
      "s" : "sell",
      "i" : "AXSUSD-PERP",
      "m" : "4611686018432569534"
    }, {
      "d" : "1756421226008621831",
      "t" : 1756421226008,
      "tn" : 1756421226008621831,
      "q" : "0.1",
      "p" : "2.388",
      "s" : "sell",
      "i" : "AXSUSD-PERP",
      "m" : "4611686018432569533"
    }, {
      "d" : "1756420266643141798",
      "t" : 1756420266643,
      "tn" : 1756420266643141798,
      "q" : "0.1",
      "p" : "2.391",
      "s" : "sell",
      "i" : "AXSUSD-PERP",
      "m" : "4611686018432569532"
    }, {
      "d" : "1756420250485116456",
      "t" : 1756420250485,
      "tn" : 1756420250485116456,
      "q" : "0.1",
      "p" : "2.390",
      "s" : "sell",
      "i" : "AXSUSD-PERP",
      "m" : "4611686018432569531"
    }, {
      "d" : "1756420195377097285",
      "t" : 1756420195377,
      "tn" : 1756420195377097285,
      "q" : "0.1",
      "p" : "2.389",
      "s" : "sell",
      "i" : "AXSUSD-PERP",
      "m" : "4611686018432569530"
    }, {
      "d" : "1756420193594213327",
      "t" : 1756420193594,
      "tn" : 1756420193594213327,
      "q" : "0.1",
      "p" : "2.389",
      "s" : "sell",
      "i" : "AXSUSD-PERP",
      "m" : "4611686018432569529"
    }, {
      "d" : "1756420189607903875",
      "t" : 1756420189607,
      "tn" : 1756420189607903875,
      "q" : "0.1",
      "p" : "2.389",
      "s" : "sell",
      "i" : "AXSUSD-PERP",
      "m" : "4611686018432569528"
    }, {
      "d" : "1756420185345267425",
      "t" : 1756420185345,
      "tn" : 1756420185345267425,
      "q" : "0.1",
      "p" : "2.389",
      "s" : "sell",
      "i" : "AXSUSD-PERP",
      "m" : "4611686018432569527"
    }, {
      "d" : "1756420183594806813",
      "t" : 1756420183594,
      "tn" : 1756420183594806813,
      "q" : "0.1",
      "p" : "2.389",
      "s" : "sell",
      "i" : "AXSUSD-PERP",
      "m" : "4611686018432569526"
    }, {
      "d" : "1756420179608044069",
      "t" : 1756420179608,
      "tn" : 1756420179608044069,
      "q" : "0.1",
      "p" : "2.389",
      "s" : "sell",
      "i" : "AXSUSD-PERP",
      "m" : "4611686018432569525"
    }, {
      "d" : "1756420175313901641",
      "t" : 1756420175313,
      "tn" : 1756420175313901641,
      "q" : "0.1",
      "p" : "2.389",
      "s" : "sell",
      "i" : "AXSUSD-PERP",
      "m" : "4611686018432569524"
    }, {
      "d" : "1756420170603351529",
      "t" : 1756420170603,
      "tn" : 1756420170603351529,
      "q" : "0.1",
      "p" : "2.389",
      "s" : "sell",
      "i" : "AXSUSD-PERP",
      "m" : "4611686018432569523"
    }, {
      "d" : "1756420169589441259",
      "t" : 1756420169589,
      "tn" : 1756420169589441259,
      "q" : "0.1",
      "p" : "2.389",
      "s" : "sell",
      "i" : "AXSUSD-PERP",
      "m" : "4611686018432569522"
    }, {
      "d" : "1756420165257986103",
      "t" : 1756420165257,
      "tn" : 1756420165257986103,
      "q" : "0.1",
      "p" : "2.389",
      "s" : "sell",
      "i" : "AXSUSD-PERP",
      "m" : "4611686018432569521"
    }, {
      "d" : "1756420160579306700",
      "t" : 1756420160579,
      "tn" : 1756420160579306700,
      "q" : "0.1",
      "p" : "2.389",
      "s" : "sell",
      "i" : "AXSUSD-PERP",
      "m" : "4611686018432569520"
    }, {
      "d" : "1756420159564155894",
      "t" : 1756420159564,
      "tn" : 1756420159564155894,
      "q" : "0.1",
      "p" : "2.389",
      "s" : "sell",
      "i" : "AXSUSD-PERP",
      "m" : "4611686018432569519"
    }, {
      "d" : "1756420155232602560",
      "t" : 1756420155232,
      "tn" : 1756420155232602560,
      "q" : "0.1",
      "p" : "2.388",
      "s" : "sell",
      "i" : "AXSUSD-PERP",
      "m" : "4611686018432569518"
    }, {
      "d" : "1756420145204778660",
      "t" : 1756420145204,
      "tn" : 1756420145204778660,
      "q" : "0.1",
      "p" : "2.388",
      "s" : "sell",
      "i" : "AXSUSD-PERP",
      "m" : "4611686018432569517"
    }, {
      "d" : "1756420122213856939",
      "t" : 1756420122213,
      "tn" : 1756420122213856939,
      "q" : "0.1",
      "p" : "2.387",
      "s" : "sell",
      "i" : "AXSUSD-PERP",
      "m" : "4611686018432569516"
    }, {
      "d" : "1756420114067449325",
      "t" : 1756420114067,
      "tn" : 1756420114067449325,
      "q" : "0.1",
      "p" : "2.388",
      "s" : "sell",
      "i" : "AXSUSD-PERP",
      "m" : "4611686018432569515"
    }, {
      "d" : "1756420112197782973",
      "t" : 1756420112197,
      "tn" : 1756420112197782973,
      "q" : "0.1",
      "p" : "2.388",
      "s" : "sell",
      "i" : "AXSUSD-PERP",
      "m" : "4611686018432569514"
    }, {
      "d" : "1756420108024852617",
      "t" : 1756420108024,
      "tn" : 1756420108024852617,
      "q" : "0.1",
      "p" : "2.388",
      "s" : "sell",
      "i" : "AXSUSD-PERP",
      "m" : "4611686018432569513"
    }, {
      "d" : "1756420104027283921",
      "t" : 1756420104027,
      "tn" : 1756420104027283921,
      "q" : "0.1",
      "p" : "2.388",
      "s" : "sell",
      "i" : "AXSUSD-PERP",
      "m" : "4611686018432569512"
    }, {
      "d" : "1756420102172927951",
      "t" : 1756420102172,
      "tn" : 1756420102172927951,
      "q" : "0.1",
      "p" : "2.388",
      "s" : "sell",
      "i" : "AXSUSD-PERP",
      "m" : "4611686018432569511"
    }, {
      "d" : "1756420092149184666",
      "t" : 1756420092149,
      "tn" : 1756420092149184666,
      "q" : "0.1",
      "p" : "2.388",
      "s" : "sell",
      "i" : "AXSUSD-PERP",
      "m" : "4611686018432569510"
    }, {
      "d" : "1756420034265090704",
      "t" : 1756420034265,
      "tn" : 1756420034265090704,
      "q" : "0.1",
      "p" : "2.388",
      "s" : "sell",
      "i" : "AXSUSD-PERP",
      "m" : "4611686018432569509"
    }, {
      "d" : "1756420024261008037",
      "t" : 1756420024261,
      "tn" : 1756420024261008037,
      "q" : "0.1",
      "p" : "2.387",
      "s" : "sell",
      "i" : "AXSUSD-PERP",
      "m" : "4611686018432569508"
    }, {
      "d" : "1756420014220971946",
      "t" : 1756420014220,
      "tn" : 1756420014220971946,
      "q" : "0.1",
      "p" : "2.386",
      "s" : "sell",
      "i" : "AXSUSD-PERP",
      "m" : "4611686018432569507"
    }, {
      "d" : "1756420014061792930",
      "t" : 1756420014061,
      "tn" : 1756420014061792930,
      "q" : "0.1",
      "p" : "2.386",
      "s" : "sell",
      "i" : "AXSUSD-PERP",
      "m" : "4611686018432569506"
    }, {
      "d" : "1756420010053432501",
      "t" : 1756420010053,
      "tn" : 1756420010053432501,
      "q" : "0.1",
      "p" : "2.386",
      "s" : "sell",
      "i" : "AXSUSD-PERP",
      "m" : "4611686018432569505"
    }, {
      "d" : "1756420004181814801",
      "t" : 1756420004181,
      "tn" : 1756420004181814801,
      "q" : "0.1",
      "p" : "2.386",
      "s" : "sell",
      "i" : "AXSUSD-PERP",
      "m" : "4611686018432569504"
    }, {
      "d" : "1756419994148172614",
      "t" : 1756419994148,
      "tn" : 1756419994148172614,
      "q" : "0.1",
      "p" : "2.386",
      "s" : "sell",
      "i" : "AXSUSD-PERP",
      "m" : "4611686018432569503"
    }, {
      "d" : "1756419951787453751",
      "t" : 1756419951787,
      "tn" : 1756419951787453751,
      "q" : "0.1",
      "p" : "2.386",
      "s" : "sell",
      "i" : "AXSUSD-PERP",
      "m" : "4611686018432569502"
    }, {
      "d" : "1756419851991556736",
      "t" : 1756419851991,
      "tn" : 1756419851991556736,
      "q" : "0.1",
      "p" : "2.386",
      "s" : "sell",
      "i" : "AXSUSD-PERP",
      "m" : "4611686018432569501"
    }, {
      "d" : "1756419843411992671",
      "t" : 1756419843411,
      "tn" : 1756419843411992671,
      "q" : "0.1",
      "p" : "2.384",
      "s" : "sell",
      "i" : "AXSUSD-PERP",
      "m" : "4611686018432569500"
    }, {
      "d" : "1756419834040611268",
      "t" : 1756419834040,
      "tn" : 1756419834040611268,
      "q" : "0.1",
      "p" : "2.385",
      "s" : "sell",
      "i" : "AXSUSD-PERP",
      "m" : "4611686018432569499"
    }, {
      "d" : "1756419765016795086",
      "t" : 1756419765016,
      "tn" : 1756419765016795086,
      "q" : "0.1",
      "p" : "2.385",
      "s" : "sell",
      "i" : "AXSUSD-PERP",
      "m" : "4611686018432569498"
    }, {
      "d" : "1756419764009980631",
      "t" : 1756419764009,
      "tn" : 1756419764009980631,
      "q" : "0.1",
      "p" : "2.385",
      "s" : "sell",
      "i" : "AXSUSD-PERP",
      "m" : "4611686018432569497"
    }, {
      "d" : "1756419749041734907",
      "t" : 1756419749041,
      "tn" : 1756419749041734907,
      "q" : "0.1",
      "p" : "2.384",
      "s" : "sell",
      "i" : "AXSUSD-PERP",
      "m" : "4611686018432569496"
    }, {
      "d" : "1756419746962698691",
      "t" : 1756419746962,
      "tn" : 1756419746962698691,
      "q" : "0.1",
      "p" : "2.385",
      "s" : "sell",
      "i" : "AXSUSD-PERP",
      "m" : "4611686018432569495"
    }, {
      "d" : "1756419735402483547",
      "t" : 1756419735402,
      "tn" : 1756419735402483547,
      "q" : "0.1",
      "p" : "2.385",
      "s" : "sell",
      "i" : "AXSUSD-PERP",
      "m" : "4611686018432569494"
    }, {
      "d" : "1756419590050275440",
      "t" : 1756419590050,
      "tn" : 1756419590050275440,
      "q" : "0.1",
      "p" : "2.379",
      "s" : "sell",
      "i" : "AXSUSD-PERP",
      "m" : "4611686018432569493"
    }, {
      "d" : "1756419557014162081",
      "t" : 1756419557014,
      "tn" : 1756419557014162081,
      "q" : "0.1",
      "p" : "2.379",
      "s" : "sell",
      "i" : "AXSUSD-PERP",
      "m" : "4611686018432569492"
    }, {
      "d" : "1756419546971853886",
      "t" : 1756419546971,
      "tn" : 1756419546971853886,
      "q" : "0.1",
      "p" : "2.379",
      "s" : "sell",
      "i" : "AXSUSD-PERP",
      "m" : "4611686018432569491"
    }, {
      "d" : "1756419536930263582",
      "t" : 1756419536930,
      "tn" : 1756419536930263582,
      "q" : "0.1",
      "p" : "2.380",
      "s" : "sell",
      "i" : "AXSUSD-PERP",
      "m" : "4611686018432569490"
    }, {
      "d" : "1756419536098392056",
      "t" : 1756419536098,
      "tn" : 1756419536098392056,
      "q" : "0.1",
      "p" : "2.380",
      "s" : "sell",
      "i" : "AXSUSD-PERP",
      "m" : "4611686018432569489"
    }, {
      "d" : "1756419533394707734",
      "t" : 1756419533394,
      "tn" : 1756419533394707734,
      "q" : "0.1",
      "p" : "2.380",
      "s" : "sell",
      "i" : "AXSUSD-PERP",
      "m" : "4611686018432569488"
    }, {
      "d" : "1756419526873438106",
      "t" : 1756419526873,
      "tn" : 1756419526873438106,
      "q" : "0.1",
      "p" : "2.380",
      "s" : "sell",
      "i" : "AXSUSD-PERP",
      "m" : "4611686018432569487"
    }, {
      "d" : "1756419523394623846",
      "t" : 1756419523394,
      "tn" : 1756419523394623846,
      "q" : "0.1",
      "p" : "2.380",
      "s" : "sell",
      "i" : "AXSUSD-PERP",
      "m" : "4611686018432569486"
    }, {
      "d" : "1756419516846159967",
      "t" : 1756419516846,
      "tn" : 1756419516846159967,
      "q" : "0.1",
      "p" : "2.380",
      "s" : "sell",
      "i" : "AXSUSD-PERP",
      "m" : "4611686018432569485"
    }, {
      "d" : "1756419513363284636",
      "t" : 1756419513363,
      "tn" : 1756419513363284636,
      "q" : "0.1",
      "p" : "2.380",
      "s" : "sell",
      "i" : "AXSUSD-PERP",
      "m" : "4611686018432569484"
    }, {
      "d" : "1756419506784954025",
      "t" : 1756419506784,
      "tn" : 1756419506784954025,
      "q" : "0.1",
      "p" : "2.380",
      "s" : "sell",
      "i" : "AXSUSD-PERP",
      "m" : "4611686018432569483"
    } ]
  }
}