{
  "id" : -1,
  "method" : "public/get-trades",
  "code" : 0,
  "result" : {
    "data" : [ {
      "d" : "1756450571593611574",
      "t" : 1756450571593,
      "tn" : 1756450571593611574,
      "q" : "19.53",
      "p" : "1.2798",
      "s" : "sell",
      "i" : "BAL_USD",
      "m" : "4611686018429924253"
    }, {
      "d" : "1756446671865070044",
      "t" : 1756446671865,
      "tn" : 1756446671865070044,
      "q" : "10.63",
      "p" : "1.2909",
      "s" : "sell",
      "i" : "BAL_USD",
      "m" : "4611686018429924252"
    }, {
      "d" : "1756446671865067852",
      "t" : 1756446671865,
      "tn" : 1756446671865067852,
      "q" : "5.97",
      "p" : "1.2910",
      "s" : "sell",
      "i" : "BAL_USD",
      "m" : "4611686018429924251"
    }, {
      "d" : "1756446671851957817",
      "t" : 1756446671851,
      "tn" : 1756446671851957817,
      "q" : "154.92",
      "p" : "1.2910",
      "s" : "sell",
      "i" : "BAL_USD",
      "m" : "4611686018429924250"
    }, {
      "d" : "1756446601386223715",
      "t" : 1756446601386,
      "tn" : 1756446601386223715,
      "q" : "19.37",
      "p" : "1.2907",
      "s" : "sell",
      "i" : "BAL_USD",
      "m" : "4611686018429924249"
    }, {
      "d" : "1756446600060527230",
      "t" : 1756446600060,
      "tn" : 1756446600060527230,
      "q" : "156.26",
      "p" : "1.2799",
      "s" : "sell",
      "i" : "BAL_USD",
      "m" : "4611686018429924248"
    }, {
      "d" : "1756441165297459299",
      "t" : 1756441165297,
      "tn" : 1756441165297459299,
      "q" : "10.12",
      "p" : "1.3068",
      "s" : "sell",
      "i" : "BAL_USD",
      "m" : "4611686018429924247"
    }, {
      "d" : "1756441165282041752",
      "t" : 1756441165282,
      "tn" : 1756441165282041752,
      "q" : "40.00",
      "p" : "1.3068",
      "s" : "sell",
      "i" : "BAL_USD",
      "m" : "4611686018429924246"
    }, {
      "d" : "1756441165280473504",
      "t" : 1756441165280,
      "tn" : 1756441165280473504,
      "q" : "40.00",
      "p" : "1.3068",
      "s" : "sell",
      "i" : "BAL_USD",
      "m" : "4611686018429924245"
    }, {
      "d" : "1756441162989835280",
      "t" : 1756441162989,
      "tn" : 1756441162989835280,
      "q" : "2.20",
      "p" : "1.3067",
      "s" : "sell",
      "i" : "BAL_USD",
      "m" : "4611686018429924244"
    }, {
      "d" : "1756441162989832922",
      "t" : 1756441162989,
      "tn" : 1756441162989832922,
      "q" : "0.92",
      "p" : "1.3068",
      "s" : "sell",
      "i" : "BAL_USD",
      "m" : "4611686018429924243"
    }, {
      "d" : "1756441162987459364",
      "t" : 1756441162987,
      "tn" : 1756441162987459364,
      "q" : "13.00",
      "p" : "1.3068",
      "s" : "sell",
      "i" : "BAL_USD",
      "m" : "4611686018429924242"
    }, {
      "d" : "1756441162987120640",
      "t" : 1756441162987,
      "tn" : 1756441162987120640,
      "q" : "13.00",
      "p" : "1.3068",
      "s" : "sell",
      "i" : "BAL_USD",
      "m" : "4611686018429924241"
    }, {
      "d" : "1756441152694656295",
      "t" : 1756441152694,
      "tn" : 1756441152694656295,
      "q" : "11.00",
      "p" : "1.3067",
      "s" : "sell",
      "i" : "BAL_USD",
      "m" : "4611686018429924240"
    }, {
      "d" : "1756440030082003192",
      "t" : 1756440030082,
      "tn" : 1756440030082003192,
      "q" : "5.09",
      "p" : "1.3086",
      "s" : "sell",
      "i" : "BAL_USD",
      "m" : "4611686018429924239"
    }, {
      "d" : "1756440030066773625",
      "t" : 1756440030066,
      "tn" : 1756440030066773625,
      "q" : "17.00",
      "p" : "1.3086",
      "s" : "sell",
      "i" : "BAL_USD",
      "m" : "4611686018429924238"
    }, {
      "d" : "1756440030055456671",
      "t" : 1756440030055,
      "tn" : 1756440030055456671,
      "q" : "17.00",
      "p" : "1.3086",
      "s" : "sell",
      "i" : "BAL_USD",
      "m" : "4611686018429924237"
    }, {
      "d" : "1756419727877712550",
      "t" : 1756419727877,
      "tn" : 1756419727877712550,
      "q" : "153.69",
      "p" : "1.3013",
      "s" : "sell",
      "i" : "BAL_USD",
      "m" : "4611686018429924236"
    }, {
      "d" : "1756419727817100056",
      "t" : 1756419727817,
      "tn" : 1756419727817100056,
      "q" : "384.23",
      "p" : "1.3013",
      "s" : "sell",
      "i" : "BAL_USD",
      "m" : "4611686018429924235"
    }, {
      "d" : "1756419727756841448",
      "t" : 1756419727756,
      "tn" : 1756419727756841448,
      "q" : "384.23",
      "p" : "1.3013",
      "s" : "sell",
      "i" : "BAL_USD",
      "m" : "4611686018429924234"
    }, {
      "d" : "1756419384146493195",
      "t" : 1756419384146,
      "tn" : 1756419384146493195,
      "q" : "11.08",
      "p" : "1.3119",
      "s" : "buy",
      "i" : "BAL_USD",
      "m" : "4611686018429924233"
    }, {
      "d" : "1756410707518358445",
      "t" : 1756410707518,
      "tn" : 1756410707518358445,
      "q" : "37.00",
      "p" : "1.2916",
      "s" : "buy",
      "i" : "BAL_USD",
      "m" : "4611686018429924232"
    }, {
      "d" : "1756410707518355924",
      "t" : 1756410707518,
      "tn" : 1756410707518355924,
      "q" : "65.00",
      "p" : "1.2916",
      "s" : "buy",
      "i" : "BAL_USD",
      "m" : "4611686018429924231"
    }, {
      "d" : "1756410707509516029",
      "t" : 1756410707509,
      "tn" : 1756410707509516029,
      "q" : "27.00",
      "p" : "1.2916",
      "s" : "buy",
      "i" : "BAL_USD",
      "m" : "4611686018429924230"
    }, {
      "d" : "1756410707503251604",
      "t" : 1756410707503,
      "tn" : 1756410707503251604,
      "q" : "12.00",
      "p" : "1.2916",
      "s" : "buy",
      "i" : "BAL_USD",
      "m" : "4611686018429924229"
    }, {
      "d" : "1756410707503249100",
      "t" : 1756410707503,
      "tn" : 1756410707503249100,
      "q" : "18.00",
      "p" : "1.2916",
      "s" : "buy",
      "i" : "BAL_USD",
      "m" : "4611686018429924228"
    }, {
      "d" : "1756410707496837357",
      "t" : 1756410707496,
      "tn" : 1756410707496837357,
      "q" : "24.00",
      "p" : "1.2916",
      "s" : "buy",
      "i" : "BAL_USD",
      "m" : "4611686018429924227"
    }, {
      "d" : "1756410707416889053",
      "t" : 1756410707416,
      "tn" : 1756410707416889053,
      "q" : "13.00",
      "p" : "1.2916",
      "s" : "buy",
      "i" : "BAL_USD",
      "m" : "4611686018429924226"
    }, {
      "d" : "1756410707412692529",
      "t" : 1756410707412,
      "tn" : 1756410707412692529,
      "q" : "27.00",
      "p" : "1.2916",
      "s" : "buy",
      "i" : "BAL_USD",
      "m" : "4611686018429924225"
    }, {
      "d" : "1756410707404765408",
      "t" : 1756410707404,
      "tn" : 1756410707404765408,
      "q" : "23.00",
      "p" : "1.2916",
      "s" : "buy",
      "i" : "BAL_USD",
      "m" : "4611686018429924224"
    }, {
      "d" : "1756410707394794248",
      "t" : 1756410707394,
      "tn" : 1756410707394794248,
      "q" : "69.68",
      "p" : "1.2916",
      "s" : "buy",
      "i" : "BAL_USD",
      "m" : "4611686018429924223"
    }, {
      "d" : "1756410707361243958",
      "t" : 1756410707361,
      "tn" : 1756410707361243958,
      "q" : "27.00",
      "p" : "1.2916",
      "s" : "buy",
      "i" : "BAL_USD",
      "m" : "4611686018429924222"
    }, {
      "d" : "1756410707360661723",
      "t" : 1756410707360,
      "tn" : 1756410707360661723,
      "q" : "29.00",
      "p" : "1.2916",
      "s" : "buy",
      "i" : "BAL_USD",
      "m" : "4611686018429924221"
    }, {
      "d" : "1756410707352015881",
      "t" : 1756410707352,
      "tn" : 1756410707352015881,
      "q" : "27.00",
      "p" : "1.2916",
      "s" : "buy",
      "i" : "BAL_USD",
      "m" : "4611686018429924220"
    }, {
      "d" : "1756410707350825058",
      "t" : 1756410707350,
      "tn" : 1756410707350825058,
      "q" : "29.00",
      "p" : "1.2916",
      "s" : "buy",
      "i" : "BAL_USD",
      "m" : "4611686018429924219"
    }, {
      "d" : "1756410707348983473",
      "t" : 1756410707348,
      "tn" : 1756410707348983473,
      "q" : "27.00",
      "p" : "1.2916",
      "s" : "buy",
      "i" : "BAL_USD",
      "m" : "4611686018429924218"
    }, {
      "d" : "1756410707341075897",
      "t" : 1756410707341,
      "tn" : 1756410707341075897,
      "q" : "65.00",
      "p" : "1.2916",
      "s" : "buy",
      "i" : "BAL_USD",
      "m" : "4611686018429924217"
    }, {
      "d" : "1756410707339500896",
      "t" : 1756410707339,
      "tn" : 1756410707339500896,
      "q" : "65.00",
      "p" : "1.2916",
      "s" : "buy",
      "i" : "BAL_USD",
      "m" : "4611686018429924216"
    }, {
      "d" : "1756410707334936600",
      "t" : 1756410707334,
      "tn" : 1756410707334936600,
      "q" : "69.68",
      "p" : "1.2916",
      "s" : "buy",
      "i" : "BAL_USD",
      "m" : "4611686018429924215"
    }, {
      "d" : "1756410707328230792",
      "t" : 1756410707328,
      "tn" : 1756410707328230792,
      "q" : "534.67",
      "p" : "1.2916",
      "s" : "sell",
      "i" : "BAL_USD",
      "m" : "4611686018429924214"
    }, {
      "d" : "1756392238420405194",
      "t" : 1756392238420,
      "tn" : 1756392238420405194,
      "q" : "36.37",
      "p" : "1.3171",
      "s" : "sell",
      "i" : "BAL_USD",
      "m" : "4611686018429924213"
    }, {
      "d" : "1756388236380954057",
      "t" : 1756388236380,
      "tn" : 1756388236380954057,
      "q" : "18.78",
      "p" : "1.3311",
      "s" : "sell",
      "i" : "BAL_USD",
      "m" : "4611686018429924212"
    }, {
      "d" : "1756384478185608700",
      "t" : 1756384478185,
      "tn" : 1756384478185608700,
      "q" : "54.00",
      "p" : "1.3756",
      "s" : "sell",
      "i" : "BAL_USD",
      "m" : "4611686018429924211"
    }, {
      "d" : "1756384478185606271",
      "t" : 1756384478185,
      "tn" : 1756384478185606271,
      "q" : "68.00",
      "p" : "1.3756",
      "s" : "sell",
      "i" : "BAL_USD",
      "m" : "4611686018429924210"
    }, {
      "d" : "1756384478185603763",
      "t" : 1756384478185,
      "tn" : 1756384478185603763,
      "q" : "174.87",
      "p" : "1.3756",
      "s" : "sell",
      "i" : "BAL_USD",
      "m" : "4611686018429924209"
    }, {
      "d" : "1756384478185601743",
      "t" : 1756384478185,
      "tn" : 1756384478185601743,
      "q" : "7.13",
      "p" : "1.3757",
      "s" : "sell",
      "i" : "BAL_USD",
      "m" : "4611686018429924208"
    }, {
      "d" : "1756384478179822649",
      "t" : 1756384478179,
      "tn" : 1756384478179822649,
      "q" : "313.24",
      "p" : "1.3757",
      "s" : "sell",
      "i" : "BAL_USD",
      "m" : "4611686018429924207"
    }, {
      "d" : "1756384478179820834",
      "t" : 1756384478179,
      "tn" : 1756384478179820834,
      "q" : "86.76",
      "p" : "1.3873",
      "s" : "sell",
      "i" : "BAL_USD",
      "m" : "4611686018429924206"
    }, {
      "d" : "1756384478156487482",
      "t" : 1756384478156,
      "tn" : 1756384478156487482,
      "q" : "700.00",
      "p" : "1.3873",
      "s" : "sell",
      "i" : "BAL_USD",
      "m" : "4611686018429924205"
    }, {
      "d" : "1756384478146060406",
      "t" : 1756384478146,
      "tn" : 1756384478146060406,
      "q" : "54.00",
      "p" : "1.3873",
      "s" : "sell",
      "i" : "BAL_USD",
      "m" : "4611686018429924204"
    }, {
      "d" : "1756384041175690003",
      "t" : 1756384041175,
      "tn" : 1756384041175690003,
      "q" : "11.20",
      "p" : "1.3575",
      "s" : "sell",
      "i" : "BAL_USD",
      "m" : "4611686018429924203"
    }, {
      "d" : "1756384027190137223",
      "t" : 1756384027190,
      "tn" : 1756384027190137223,
      "q" : "11.20",
      "p" : "1.3575",
      "s" : "sell",
      "i" : "BAL_USD",
      "m" : "4611686018429924202"
    }, {
      "d" : "1756384020444360920",
      "t" : 1756384020444,
      "tn" : 1756384020444360920,
      "q" : "8.92",
      "p" : "1.3690",
      "s" : "sell",
      "i" : "BAL_USD",
      "m" : "4611686018429924201"
    }, {
      "d" : "1756384000580164120",
      "t" : 1756384000580,
      "tn" : 1756384000580164120,
      "q" : "11.22",
      "p" : "1.3574",
      "s" : "sell",
      "i" : "BAL_USD",
      "m" : "4611686018429924200"
    }, {
      "d" : "1756383985745157118",
      "t" : 1756383985745,
      "tn" : 1756383985745157118,
      "q" : "11.22",
      "p" : "1.3574",
      "s" : "sell",
      "i" : "BAL_USD",
      "m" : "4611686018429924199"
    }, {
      "d" : "1756383897511265156",
      "t" : 1756383897511,
      "tn" : 1756383897511265156,
      "q" : "18.00",
      "p" : "1.3518",
      "s" : "sell",
      "i" : "BAL_USD",
      "m" : "4611686018429924198"
    }, {
      "d" : "1756383897499584894",
      "t" : 1756383897499,
      "tn" : 1756383897499584894,
      "q" : "64.00",
      "p" : "1.3518",
      "s" : "sell",
      "i" : "BAL_USD",
      "m" : "4611686018429924197"
    }, {
      "d" : "1756383897220851988",
      "t" : 1756383897220,
      "tn" : 1756383897220851988,
      "q" : "15.00",
      "p" : "1.3518",
      "s" : "sell",
      "i" : "BAL_USD",
      "m" : "4611686018429924196"
    }, {
      "d" : "1756383897200195794",
      "t" : 1756383897200,
      "tn" : 1756383897200195794,
      "q" : "100.00",
      "p" : "1.3518",
      "s" : "sell",
      "i" : "BAL_USD",
      "m" : "4611686018429924195"
    }, {
      "d" : "1756383897200113272",
      "t" : 1756383897200,
      "tn" : 1756383897200113272,
      "q" : "17.00",
      "p" : "1.3518",
      "s" : "sell",
      "i" : "BAL_USD",
      "m" : "4611686018429924194"
    } ]
  }
}