{
  "id" : -1,
  "method" : "public/get-trades",
  "code" : 0,
  "result" : {
    "data" : [ {
      "d" : "1756439878697224951",
      "t" : 1756439878697,
      "tn" : 1756439878697224951,
      "q" : "0.01",
      "p" : "20.222",
      "s" : "buy",
      "i" : "BANANAUSD-PERP",
      "m" : "4611686018427874253"
    }, {
      "d" : "1756439728826333518",
      "t" : 1756439728826,
      "tn" : 1756439728826333518,
      "q" : "0.01",
      "p" : "20.253",
      "s" : "sell",
      "i" : "BANANAUSD-PERP",
      "m" : "4611686018427874252"
    }, {
      "d" : "1756439453626387644",
      "t" : 1756439453626,
      "tn" : 1756439453626387644,
      "q" : "0.01",
      "p" : "20.229",
      "s" : "sell",
      "i" : "BANANAUSD-PERP",
      "m" : "4611686018427874251"
    }, {
      "d" : "1756438844946186684",
      "t" : 1756438844946,
      "tn" : 1756438844946186684,
      "q" : "0.01",
      "p" : "20.229",
      "s" : "sell",
      "i" : "BANANAUSD-PERP",
      "m" : "4611686018427874250"
    }, {
      "d" : "1756438824926235092",
      "t" : 1756438824926,
      "tn" : 1756438824926235092,
      "q" : "0.01",
      "p" : "20.243",
      "s" : "sell",
      "i" : "BANANAUSD-PERP",
      "m" : "4611686018427874249"
    }, {
      "d" : "1756438715606440579",
      "t" : 1756438715606,
      "tn" : 1756438715606440579,
      "q" : "0.01",
      "p" : "20.219",
      "s" : "sell",
      "i" : "BANANAUSD-PERP",
      "m" : "4611686018427874248"
    }, {
      "d" : "1756436547626224080",
      "t" : 1756436547626,
      "tn" : 1756436547626224080,
      "q" : "0.01",
      "p" : "20.171",
      "s" : "sell",
      "i" : "BANANAUSD-PERP",
      "m" : "4611686018427874247"
    }, {
      "d" : "1756406218526361623",
      "t" : 1756406218526,
      "tn" : 1756406218526361623,
      "q" : "0.01",
      "p" : "20.149",
      "s" : "sell",
      "i" : "BANANAUSD-PERP",
      "m" : "4611686018427874246"
    }, {
      "d" : "1756403270836209950",
      "t" : 1756403270836,
      "tn" : 1756403270836209950,
      "q" : "0.01",
      "p" : "20.149",
      "s" : "sell",
      "i" : "BANANAUSD-PERP",
      "m" : "4611686018427874245"
    }, {
      "d" : "1756402620526231281",
      "t" : 1756402620526,
      "tn" : 1756402620526231281,
      "q" : "0.01",
      "p" : "20.117",
      "s" : "sell",
      "i" : "BANANAUSD-PERP",
      "m" : "4611686018427874244"
    }, {
      "d" : "1756400370492993173",
      "t" : 1756400370492,
      "tn" : 1756400370492993173,
      "q" : "0.12",
      "p" : "19.972",
      "s" : "buy",
      "i" : "BANANAUSD-PERP",
      "m" : "4611686018427874243"
    }, {
      "d" : "1756400370492990837",
      "t" : 1756400370492,
      "tn" : 1756400370492990837,
      "q" : "0.01",
      "p" : "19.966",
      "s" : "buy",
      "i" : "BANANAUSD-PERP",
      "m" : "4611686018427874242"
    }, {
      "d" : "1756400370492988648",
      "t" : 1756400370492,
      "tn" : 1756400370492988648,
      "q" : "0.01",
      "p" : "19.962",
      "s" : "buy",
      "i" : "BANANAUSD-PERP",
      "m" : "4611686018427874241"
    }, {
      "d" : "1756400356908340976",
      "t" : 1756400356908,
      "tn" : 1756400356908340976,
      "q" : "0.01",
      "p" : "19.938",
      "s" : "sell",
      "i" : "BANANAUSD-PERP",
      "m" : "4611686018427874240"
    }, {
      "d" : "1756400356908338422",
      "t" : 1756400356908,
      "tn" : 1756400356908338422,
      "q" : "1.60",
      "p" : "19.943",
      "s" : "sell",
      "i" : "BANANAUSD-PERP",
      "m" : "4611686018427874239"
    }, {
      "d" : "1756400356593653888",
      "t" : 1756400356593,
      "tn" : 1756400356593653888,
      "q" : "0.36",
      "p" : "19.908",
      "s" : "sell",
      "i" : "BANANAUSD-PERP",
      "m" : "4611686018427874238"
    }, {
      "d" : "1756400356593653054",
      "t" : 1756400356593,
      "tn" : 1756400356593653054,
      "q" : "24.27",
      "p" : "19.929",
      "s" : "sell",
      "i" : "BANANAUSD-PERP",
      "m" : "4611686018427874237"
    }, {
      "d" : "1756400356589156082",
      "t" : 1756400356589,
      "tn" : 1756400356589156082,
      "q" : "31.35",
      "p" : "19.946",
      "s" : "sell",
      "i" : "BANANAUSD-PERP",
      "m" : "4611686018427874236"
    }, {
      "d" : "1756400356589153803",
      "t" : 1756400356589,
      "tn" : 1756400356589153803,
      "q" : "2.50",
      "p" : "19.956",
      "s" : "sell",
      "i" : "BANANAUSD-PERP",
      "m" : "4611686018427874235"
    }, {
      "d" : "1756400356589151576",
      "t" : 1756400356589,
      "tn" : 1756400356589151576,
      "q" : "2.50",
      "p" : "19.960",
      "s" : "sell",
      "i" : "BANANAUSD-PERP",
      "m" : "4611686018427874234"
    }, {
      "d" : "1756400356589149188",
      "t" : 1756400356589,
      "tn" : 1756400356589149188,
      "q" : "2.50",
      "p" : "19.964",
      "s" : "sell",
      "i" : "BANANAUSD-PERP",
      "m" : "4611686018427874233"
    }, {
      "d" : "1756400356589146071",
      "t" : 1756400356589,
      "tn" : 1756400356589146071,
      "q" : "2.50",
      "p" : "19.968",
      "s" : "sell",
      "i" : "BANANAUSD-PERP",
      "m" : "4611686018427874232"
    }, {
      "d" : "1756400356589143380",
      "t" : 1756400356589,
      "tn" : 1756400356589143380,
      "q" : "10.01",
      "p" : "19.970",
      "s" : "sell",
      "i" : "BANANAUSD-PERP",
      "m" : "4611686018427874231"
    }, {
      "d" : "1756400356589140575",
      "t" : 1756400356589,
      "tn" : 1756400356589140575,
      "q" : "0.01",
      "p" : "20.004",
      "s" : "sell",
      "i" : "BANANAUSD-PERP",
      "m" : "4611686018427874230"
    }, {
      "d" : "1756395301826214426",
      "t" : 1756395301826,
      "tn" : 1756395301826214426,
      "q" : "0.01",
      "p" : "20.265",
      "s" : "sell",
      "i" : "BANANAUSD-PERP",
      "m" : "4611686018427874229"
    }, {
      "d" : "1756395084526242418",
      "t" : 1756395084526,
      "tn" : 1756395084526242418,
      "q" : "0.01",
      "p" : "20.257",
      "s" : "sell",
      "i" : "BANANAUSD-PERP",
      "m" : "4611686018427874228"
    }, {
      "d" : "1756394941936251254",
      "t" : 1756394941936,
      "tn" : 1756394941936251254,
      "q" : "0.01",
      "p" : "20.197",
      "s" : "sell",
      "i" : "BANANAUSD-PERP",
      "m" : "4611686018427874227"
    }, {
      "d" : "1756394564326722358",
      "t" : 1756394564326,
      "tn" : 1756394564326722358,
      "q" : "0.01",
      "p" : "20.285",
      "s" : "sell",
      "i" : "BANANAUSD-PERP",
      "m" : "4611686018427874226"
    }, {
      "d" : "1756394526326314425",
      "t" : 1756394526326,
      "tn" : 1756394526326314425,
      "q" : "0.01",
      "p" : "20.297",
      "s" : "sell",
      "i" : "BANANAUSD-PERP",
      "m" : "4611686018427874225"
    }, {
      "d" : "1756394501636320831",
      "t" : 1756394501636,
      "tn" : 1756394501636320831,
      "q" : "0.01",
      "p" : "20.317",
      "s" : "sell",
      "i" : "BANANAUSD-PERP",
      "m" : "4611686018427874224"
    }, {
      "d" : "1756394480026308076",
      "t" : 1756394480026,
      "tn" : 1756394480026308076,
      "q" : "0.01",
      "p" : "20.324",
      "s" : "sell",
      "i" : "BANANAUSD-PERP",
      "m" : "4611686018427874223"
    }, {
      "d" : "1756394449816276724",
      "t" : 1756394449816,
      "tn" : 1756394449816276724,
      "q" : "0.01",
      "p" : "20.337",
      "s" : "sell",
      "i" : "BANANAUSD-PERP",
      "m" : "4611686018427874222"
    }, {
      "d" : "1756394309826295735",
      "t" : 1756394309826,
      "tn" : 1756394309826295735,
      "q" : "0.01",
      "p" : "20.417",
      "s" : "sell",
      "i" : "BANANAUSD-PERP",
      "m" : "4611686018427874221"
    }, {
      "d" : "1756393869426307097",
      "t" : 1756393869426,
      "tn" : 1756393869426307097,
      "q" : "0.01",
      "p" : "20.409",
      "s" : "sell",
      "i" : "BANANAUSD-PERP",
      "m" : "4611686018427874220"
    }, {
      "d" : "1756393666626303967",
      "t" : 1756393666626,
      "tn" : 1756393666626303967,
      "q" : "0.01",
      "p" : "20.418",
      "s" : "sell",
      "i" : "BANANAUSD-PERP",
      "m" : "4611686018427874219"
    }, {
      "d" : "1756393471596271066",
      "t" : 1756393471596,
      "tn" : 1756393471596271066,
      "q" : "0.01",
      "p" : "20.477",
      "s" : "sell",
      "i" : "BANANAUSD-PERP",
      "m" : "4611686018427874218"
    }, {
      "d" : "1756393030726338499",
      "t" : 1756393030726,
      "tn" : 1756393030726338499,
      "q" : "0.01",
      "p" : "20.499",
      "s" : "sell",
      "i" : "BANANAUSD-PERP",
      "m" : "4611686018427874217"
    }, {
      "d" : "1756393020626313996",
      "t" : 1756393020626,
      "tn" : 1756393020626313996,
      "q" : "0.01",
      "p" : "20.511",
      "s" : "sell",
      "i" : "BANANAUSD-PERP",
      "m" : "4611686018427874216"
    }, {
      "d" : "1756392847736293978",
      "t" : 1756392847736,
      "tn" : 1756392847736293978,
      "q" : "0.01",
      "p" : "20.477",
      "s" : "sell",
      "i" : "BANANAUSD-PERP",
      "m" : "4611686018427874215"
    }, {
      "d" : "1756392837425688732",
      "t" : 1756392837425,
      "tn" : 1756392837425688732,
      "q" : "0.01",
      "p" : "20.479",
      "s" : "sell",
      "i" : "BANANAUSD-PERP",
      "m" : "4611686018427874214"
    }, {
      "d" : "1756392558326297951",
      "t" : 1756392558326,
      "tn" : 1756392558326297951,
      "q" : "0.01",
      "p" : "20.505",
      "s" : "sell",
      "i" : "BANANAUSD-PERP",
      "m" : "4611686018427874213"
    }, {
      "d" : "1756392139226320277",
      "t" : 1756392139226,
      "tn" : 1756392139226320277,
      "q" : "0.01",
      "p" : "20.517",
      "s" : "sell",
      "i" : "BANANAUSD-PERP",
      "m" : "4611686018427874212"
    }, {
      "d" : "1756392063226374232",
      "t" : 1756392063226,
      "tn" : 1756392063226374232,
      "q" : "0.01",
      "p" : "20.507",
      "s" : "sell",
      "i" : "BANANAUSD-PERP",
      "m" : "4611686018427874211"
    }, {
      "d" : "1756391925006261597",
      "t" : 1756391925006,
      "tn" : 1756391925006261597,
      "q" : "0.01",
      "p" : "20.465",
      "s" : "sell",
      "i" : "BANANAUSD-PERP",
      "m" : "4611686018427874210"
    }, {
      "d" : "1756391905526319294",
      "t" : 1756391905526,
      "tn" : 1756391905526319294,
      "q" : "0.01",
      "p" : "20.465",
      "s" : "sell",
      "i" : "BANANAUSD-PERP",
      "m" : "4611686018427874209"
    }, {
      "d" : "1756391819232256263",
      "t" : 1756391819232,
      "tn" : 1756391819232256263,
      "q" : "1.20",
      "p" : "20.404",
      "s" : "sell",
      "i" : "BANANAUSD-PERP",
      "m" : "4611686018427874208"
    }, {
      "d" : "1756391819232253186",
      "t" : 1756391819232,
      "tn" : 1756391819232253186,
      "q" : "1.28",
      "p" : "20.420",
      "s" : "sell",
      "i" : "BANANAUSD-PERP",
      "m" : "4611686018427874207"
    }, {
      "d" : "1756391819232250702",
      "t" : 1756391819232,
      "tn" : 1756391819232250702,
      "q" : "0.01",
      "p" : "20.434",
      "s" : "sell",
      "i" : "BANANAUSD-PERP",
      "m" : "4611686018427874206"
    }, {
      "d" : "1756391819232248604",
      "t" : 1756391819232,
      "tn" : 1756391819232248604,
      "q" : "0.01",
      "p" : "20.445",
      "s" : "sell",
      "i" : "BANANAUSD-PERP",
      "m" : "4611686018427874205"
    } ]
  }
}