{
  "id" : -1,
  "method" : "public/get-trades",
  "code" : 0,
  "result" : {
    "data" : [ {
      "d" : "1756458157603862504",
      "t" : 1756458157603,
      "tn" : 1756458157603862504,
      "q" : "26.6",
      "p" : "0.8122",
      "s" : "sell",
      "i" : "BAND_USDT",
      "m" : "4611686018430235724"
    }, {
      "d" : "1756455072227041973",
      "t" : 1756455072227,
      "tn" : 1756455072227041973,
      "q" : "1.3",
      "p" : "0.8199",
      "s" : "sell",
      "i" : "BAND_USDT",
      "m" : "4611686018430235723"
    }, {
      "d" : "1756454211507459940",
      "t" : 1756454211507,
      "tn" : 1756454211507459940,
      "q" : "27.9",
      "p" : "0.8207",
      "s" : "buy",
      "i" : "BAND_USDT",
      "m" : "4611686018430235722"
    }, {
      "d" : "1756433262173947994",
      "t" : 1756433262173,
      "tn" : 1756433262173947994,
      "q" : "1.3",
      "p" : "0.8570",
      "s" : "buy",
      "i" : "BAND_USDT",
      "m" : "4611686018430235721"
    }, {
      "d" : "1756432155137738701",
      "t" : 1756432155137,
      "tn" : 1756432155137738701,
      "q" : "1.3",
      "p" : "0.8570",
      "s" : "sell",
      "i" : "BAND_USDT",
      "m" : "4611686018430235720"
    }, {
      "d" : "1756426195591210504",
      "t" : 1756426195591,
      "tn" : 1756426195591210504,
      "q" : "1.3",
      "p" : "0.8580",
      "s" : "sell",
      "i" : "BAND_USDT",
      "m" : "4611686018430235719"
    }, {
      "d" : "1756426021532064840",
      "t" : 1756426021532,
      "tn" : 1756426021532064840,
      "q" : "48.0",
      "p" : "0.8589",
      "s" : "sell",
      "i" : "BAND_USDT",
      "m" : "4611686018430235718"
    }, {
      "d" : "1756422755609724941",
      "t" : 1756422755609,
      "tn" : 1756422755609724941,
      "q" : "35.3",
      "p" : "0.8521",
      "s" : "buy",
      "i" : "BAND_USDT",
      "m" : "4611686018430235717"
    }, {
      "d" : "1756422627089660091",
      "t" : 1756422627089,
      "tn" : 1756422627089660091,
      "q" : "12.7",
      "p" : "0.8524",
      "s" : "buy",
      "i" : "BAND_USDT",
      "m" : "4611686018430235716"
    }, {
      "d" : "1756397410724396491",
      "t" : 1756397410724,
      "tn" : 1756397410724396491,
      "q" : "63.8",
      "p" : "0.8544",
      "s" : "sell",
      "i" : "BAND_USDT",
      "m" : "4611686018430235715"
    }, {
      "d" : "1756395095203010541",
      "t" : 1756395095203,
      "tn" : 1756395095203010541,
      "q" : "15.2",
      "p" : "0.8633",
      "s" : "buy",
      "i" : "BAND_USDT",
      "m" : "4611686018430235714"
    }, {
      "d" : "1756395095203008938",
      "t" : 1756395095203,
      "tn" : 1756395095203008938,
      "q" : "63.8",
      "p" : "0.8600",
      "s" : "buy",
      "i" : "BAND_USDT",
      "m" : "4611686018430235713"
    }, {
      "d" : "1756394140103138210",
      "t" : 1756394140103,
      "tn" : 1756394140103138210,
      "q" : "11.9",
      "p" : "0.8595",
      "s" : "sell",
      "i" : "BAND_USDT",
      "m" : "4611686018430235712"
    }, {
      "d" : "1756394083451197996",
      "t" : 1756394083451,
      "tn" : 1756394083451197996,
      "q" : "2.0",
      "p" : "0.8595",
      "s" : "sell",
      "i" : "BAND_USDT",
      "m" : "4611686018430235711"
    }, {
      "d" : "1756393724632237654",
      "t" : 1756393724632,
      "tn" : 1756393724632237654,
      "q" : "2.0",
      "p" : "0.8621",
      "s" : "buy",
      "i" : "BAND_USDT",
      "m" : "4611686018430235710"
    }, {
      "d" : "1756392125730124249",
      "t" : 1756392125730,
      "tn" : 1756392125730124248,
      "q" : "143.1",
      "p" : "0.8689",
      "s" : "sell",
      "i" : "BAND_USDT",
      "m" : "4611686018430235709"
    }, {
      "d" : "1756392125730124248",
      "t" : 1756392125730,
      "tn" : 1756392125730124248,
      "q" : "63.8",
      "p" : "0.8689",
      "s" : "sell",
      "i" : "BAND_USDT",
      "m" : "4611686018430235709"
    }, {
      "d" : "1756390955713877789",
      "t" : 1756390955713,
      "tn" : 1756390955713877788,
      "q" : "14.0",
      "p" : "0.8737",
      "s" : "buy",
      "i" : "BAND_USDT",
      "m" : "4611686018430235708"
    }, {
      "d" : "1756390955713877788",
      "t" : 1756390955713,
      "tn" : 1756390955713877788,
      "q" : "63.8",
      "p" : "0.8737",
      "s" : "buy",
      "i" : "BAND_USDT",
      "m" : "4611686018430235708"
    }, {
      "d" : "1756390164728887420",
      "t" : 1756390164728,
      "tn" : 1756390164728887420,
      "q" : "226.9",
      "p" : "0.8740",
      "s" : "sell",
      "i" : "BAND_USDT",
      "m" : "4611686018430235707"
    }, {
      "d" : "1756389998076586963",
      "t" : 1756389998076,
      "tn" : 1756389998076586963,
      "q" : "222.5",
      "p" : "0.8995",
      "s" : "buy",
      "i" : "BAND_USDT",
      "m" : "4611686018430235706"
    }, {
      "d" : "1756389944210928193",
      "t" : 1756389944210,
      "tn" : 1756389944210928193,
      "q" : "20.6",
      "p" : "0.8898",
      "s" : "sell",
      "i" : "BAND_USDT",
      "m" : "4611686018430235705"
    }, {
      "d" : "1756389906671085302",
      "t" : 1756389906671,
      "tn" : 1756389906671085302,
      "q" : "216.6",
      "p" : "0.8895",
      "s" : "sell",
      "i" : "BAND_USDT",
      "m" : "4611686018430235704"
    }, {
      "d" : "1756389906261666283",
      "t" : 1756389906261,
      "tn" : 1756389906261666283,
      "q" : "14.6",
      "p" : "0.8924",
      "s" : "sell",
      "i" : "BAND_USDT",
      "m" : "4611686018430235703"
    }, {
      "d" : "1756389776199065891",
      "t" : 1756389776199,
      "tn" : 1756389776199065891,
      "q" : "63.8",
      "p" : "0.9119",
      "s" : "sell",
      "i" : "BAND_USDT",
      "m" : "4611686018430235702"
    }, {
      "d" : "1756389687114163576",
      "t" : 1756389687114,
      "tn" : 1756389687114163576,
      "q" : "14.6",
      "p" : "0.8907",
      "s" : "buy",
      "i" : "BAND_USDT",
      "m" : "4611686018430235701"
    }, {
      "d" : "1756389687114081269",
      "t" : 1756389687114,
      "tn" : 1756389687114081269,
      "q" : "49.2",
      "p" : "0.8907",
      "s" : "buy",
      "i" : "BAND_USDT",
      "m" : "4611686018430235700"
    }, {
      "d" : "1756389566706706486",
      "t" : 1756389566706,
      "tn" : 1756389566706706486,
      "q" : "10.2",
      "p" : "0.8769",
      "s" : "sell",
      "i" : "BAND_USDT",
      "m" : "4611686018430235699"
    }, {
      "d" : "1756389566706704679",
      "t" : 1756389566706,
      "tn" : 1756389566706704679,
      "q" : "63.8",
      "p" : "0.8801",
      "s" : "sell",
      "i" : "BAND_USDT",
      "m" : "4611686018430235698"
    }, {
      "d" : "1756389385191129980",
      "t" : 1756389385191,
      "tn" : 1756389385191129980,
      "q" : "680.2",
      "p" : "0.8834",
      "s" : "buy",
      "i" : "BAND_USDT",
      "m" : "4611686018430235697"
    }, {
      "d" : "1756389049917928384",
      "t" : 1756389049917,
      "tn" : 1756389049917928384,
      "q" : "167.5",
      "p" : "0.8647",
      "s" : "buy",
      "i" : "BAND_USDT",
      "m" : "4611686018430235696"
    }, {
      "d" : "1756389049917926644",
      "t" : 1756389049917,
      "tn" : 1756389049917926644,
      "q" : "63.8",
      "p" : "0.8643",
      "s" : "buy",
      "i" : "BAND_USDT",
      "m" : "4611686018430235695"
    }, {
      "d" : "1756388958725141746",
      "t" : 1756388958725,
      "tn" : 1756388958725141746,
      "q" : "63.8",
      "p" : "0.8693",
      "s" : "sell",
      "i" : "BAND_USDT",
      "m" : "4611686018430235694"
    }, {
      "d" : "1756388784807236985",
      "t" : 1756388784807,
      "tn" : 1756388784807236985,
      "q" : "63.8",
      "p" : "0.8536",
      "s" : "buy",
      "i" : "BAND_USDT",
      "m" : "4611686018430235693"
    }, {
      "d" : "1756383468867593123",
      "t" : 1756383468867,
      "tn" : 1756383468867593123,
      "q" : "2.6",
      "p" : "0.8441",
      "s" : "sell",
      "i" : "BAND_USDT",
      "m" : "4611686018430235692"
    }, {
      "d" : "1756381606544477726",
      "t" : 1756381606544,
      "tn" : 1756381606544477726,
      "q" : "4.0",
      "p" : "0.8432",
      "s" : "sell",
      "i" : "BAND_USDT",
      "m" : "4611686018430235691"
    } ]
  }
}