{
  "id" : -1,
  "method" : "public/get-trades",
  "code" : 0,
  "result" : {
    "data" : [ {
      "d" : "1756458183366048138",
      "t" : 1756458183366,
      "tn" : 1756458183366048138,
      "q" : "2.6",
      "p" : "0.8104",
      "s" : "sell",
      "i" : "BAND_USD",
      "m" : "4611686018430064697"
    }, {
      "d" : "1756457848520879244",
      "t" : 1756457848520,
      "tn" : 1756457848520879244,
      "q" : "19.1",
      "p" : "0.8148",
      "s" : "sell",
      "i" : "BAND_USD",
      "m" : "4611686018430064696"
    }, {
      "d" : "1756457793055982979",
      "t" : 1756457793055,
      "tn" : 1756457793055982979,
      "q" : "24.4",
      "p" : "0.8165",
      "s" : "sell",
      "i" : "BAND_USD",
      "m" : "4611686018430064695"
    }, {
      "d" : "1756456988508807101",
      "t" : 1756456988508,
      "tn" : 1756456988508807101,
      "q" : "1.3",
      "p" : "0.8184",
      "s" : "sell",
      "i" : "BAND_USD",
      "m" : "4611686018430064694"
    }, {
      "d" : "1756456133418071403",
      "t" : 1756456133418,
      "tn" : 1756456133418071403,
      "q" : "14.0",
      "p" : "0.8176",
      "s" : "buy",
      "i" : "BAND_USD",
      "m" : "4611686018430064693"
    }, {
      "d" : "1756455633296431989",
      "t" : 1756455633296,
      "tn" : 1756455633296431988,
      "q" : "5.9",
      "p" : "0.8183",
      "s" : "sell",
      "i" : "BAND_USD",
      "m" : "4611686018430064692"
    }, {
      "d" : "1756455633296431988",
      "t" : 1756455633296,
      "tn" : 1756455633296431988,
      "q" : "7.9",
      "p" : "0.8183",
      "s" : "sell",
      "i" : "BAND_USD",
      "m" : "4611686018430064692"
    }, {
      "d" : "1756455072227032226",
      "t" : 1756455072227,
      "tn" : 1756455072227032226,
      "q" : "14.2",
      "p" : "0.8210",
      "s" : "sell",
      "i" : "BAND_USD",
      "m" : "4611686018430064691"
    }, {
      "d" : "1756454772243720679",
      "t" : 1756454772243,
      "tn" : 1756454772243720679,
      "q" : "27.8",
      "p" : "0.8220",
      "s" : "buy",
      "i" : "BAND_USD",
      "m" : "4611686018430064690"
    }, {
      "d" : "1756454211503512904",
      "t" : 1756454211503,
      "tn" : 1756454211503512904,
      "q" : "27.9",
      "p" : "0.8227",
      "s" : "sell",
      "i" : "BAND_USD",
      "m" : "4611686018430064689"
    }, {
      "d" : "1756454089086141238",
      "t" : 1756454089086,
      "tn" : 1756454089086141238,
      "q" : "235.0",
      "p" : "0.8228",
      "s" : "sell",
      "i" : "BAND_USD",
      "m" : "4611686018430064688"
    }, {
      "d" : "1756453945073798717",
      "t" : 1756453945073,
      "tn" : 1756453945073798717,
      "q" : "1.3",
      "p" : "0.8250",
      "s" : "sell",
      "i" : "BAND_USD",
      "m" : "4611686018430064687"
    }, {
      "d" : "1756452362700696764",
      "t" : 1756452362700,
      "tn" : 1756452362700696764,
      "q" : "1.7",
      "p" : "0.8248",
      "s" : "sell",
      "i" : "BAND_USD",
      "m" : "4611686018430064686"
    }, {
      "d" : "1756451562529639529",
      "t" : 1756451562529,
      "tn" : 1756451562529639529,
      "q" : "1.7",
      "p" : "0.8328",
      "s" : "sell",
      "i" : "BAND_USD",
      "m" : "4611686018430064685"
    }, {
      "d" : "1756451553384292299",
      "t" : 1756451553384,
      "tn" : 1756451553384292298,
      "q" : "1.7",
      "p" : "0.8298",
      "s" : "sell",
      "i" : "BAND_USD",
      "m" : "4611686018430064684"
    }, {
      "d" : "1756451553384292298",
      "t" : 1756451553384,
      "tn" : 1756451553384292298,
      "q" : "9.1",
      "p" : "0.8298",
      "s" : "sell",
      "i" : "BAND_USD",
      "m" : "4611686018430064684"
    }, {
      "d" : "1756451325306019346",
      "t" : 1756451325306,
      "tn" : 1756451325306019346,
      "q" : "18.7",
      "p" : "0.8316",
      "s" : "sell",
      "i" : "BAND_USD",
      "m" : "4611686018430064683"
    }, {
      "d" : "1756450947302224409",
      "t" : 1756450947302,
      "tn" : 1756450947302224409,
      "q" : "15.6",
      "p" : "0.8347",
      "s" : "sell",
      "i" : "BAND_USD",
      "m" : "4611686018430064682"
    }, {
      "d" : "1756450947302221843",
      "t" : 1756450947302,
      "tn" : 1756450947302221843,
      "q" : "12.9",
      "p" : "0.8348",
      "s" : "sell",
      "i" : "BAND_USD",
      "m" : "4611686018430064681"
    }, {
      "d" : "1756445426817070223",
      "t" : 1756445426817,
      "tn" : 1756445426817070223,
      "q" : "18.4",
      "p" : "0.8483",
      "s" : "sell",
      "i" : "BAND_USD",
      "m" : "4611686018430064680"
    }, {
      "d" : "1756442101047413580",
      "t" : 1756442101047,
      "tn" : 1756442101047413578,
      "q" : "18.1",
      "p" : "0.8591",
      "s" : "sell",
      "i" : "BAND_USD",
      "m" : "4611686018430064679"
    }, {
      "d" : "1756442101047413579",
      "t" : 1756442101047,
      "tn" : 1756442101047413578,
      "q" : "18.1",
      "p" : "0.8591",
      "s" : "sell",
      "i" : "BAND_USD",
      "m" : "4611686018430064679"
    }, {
      "d" : "1756442101047413578",
      "t" : 1756442101047,
      "tn" : 1756442101047413578,
      "q" : "2.0",
      "p" : "0.8591",
      "s" : "sell",
      "i" : "BAND_USD",
      "m" : "4611686018430064679"
    }, {
      "d" : "1756442100793595388",
      "t" : 1756442100793,
      "tn" : 1756442100793595377,
      "q" : "16.1",
      "p" : "0.8591",
      "s" : "sell",
      "i" : "BAND_USD",
      "m" : "4611686018430064678"
    }, {
      "d" : "1756442100793595387",
      "t" : 1756442100793,
      "tn" : 1756442100793595377,
      "q" : "18.1",
      "p" : "0.8591",
      "s" : "sell",
      "i" : "BAND_USD",
      "m" : "4611686018430064678"
    }, {
      "d" : "1756442100793595386",
      "t" : 1756442100793,
      "tn" : 1756442100793595377,
      "q" : "18.1",
      "p" : "0.8591",
      "s" : "sell",
      "i" : "BAND_USD",
      "m" : "4611686018430064678"
    }, {
      "d" : "1756442100793595385",
      "t" : 1756442100793,
      "tn" : 1756442100793595377,
      "q" : "18.1",
      "p" : "0.8591",
      "s" : "sell",
      "i" : "BAND_USD",
      "m" : "4611686018430064678"
    }, {
      "d" : "1756442100793595384",
      "t" : 1756442100793,
      "tn" : 1756442100793595377,
      "q" : "18.1",
      "p" : "0.8591",
      "s" : "sell",
      "i" : "BAND_USD",
      "m" : "4611686018430064678"
    }, {
      "d" : "1756442100793595383",
      "t" : 1756442100793,
      "tn" : 1756442100793595377,
      "q" : "18.1",
      "p" : "0.8591",
      "s" : "sell",
      "i" : "BAND_USD",
      "m" : "4611686018430064678"
    }, {
      "d" : "1756442100793595382",
      "t" : 1756442100793,
      "tn" : 1756442100793595377,
      "q" : "18.1",
      "p" : "0.8591",
      "s" : "sell",
      "i" : "BAND_USD",
      "m" : "4611686018430064678"
    }, {
      "d" : "1756442100793595381",
      "t" : 1756442100793,
      "tn" : 1756442100793595377,
      "q" : "18.1",
      "p" : "0.8591",
      "s" : "sell",
      "i" : "BAND_USD",
      "m" : "4611686018430064678"
    }, {
      "d" : "1756442100793595380",
      "t" : 1756442100793,
      "tn" : 1756442100793595377,
      "q" : "18.1",
      "p" : "0.8591",
      "s" : "sell",
      "i" : "BAND_USD",
      "m" : "4611686018430064678"
    }, {
      "d" : "1756442100793595379",
      "t" : 1756442100793,
      "tn" : 1756442100793595377,
      "q" : "18.1",
      "p" : "0.8591",
      "s" : "sell",
      "i" : "BAND_USD",
      "m" : "4611686018430064678"
    }, {
      "d" : "1756442100793595378",
      "t" : 1756442100793,
      "tn" : 1756442100793595377,
      "q" : "18.1",
      "p" : "0.8591",
      "s" : "sell",
      "i" : "BAND_USD",
      "m" : "4611686018430064678"
    }, {
      "d" : "1756442100793595377",
      "t" : 1756442100793,
      "tn" : 1756442100793595377,
      "q" : "18.1",
      "p" : "0.8591",
      "s" : "sell",
      "i" : "BAND_USD",
      "m" : "4611686018430064678"
    }, {
      "d" : "1756441378028774485",
      "t" : 1756441378028,
      "tn" : 1756441378028774485,
      "q" : "4.2",
      "p" : "0.8592",
      "s" : "sell",
      "i" : "BAND_USD",
      "m" : "4611686018430064677"
    }, {
      "d" : "1756441119344752418",
      "t" : 1756441119344,
      "tn" : 1756441119344752418,
      "q" : "2.3",
      "p" : "0.8560",
      "s" : "sell",
      "i" : "BAND_USD",
      "m" : "4611686018430064676"
    }, {
      "d" : "1756440837093422642",
      "t" : 1756440837093,
      "tn" : 1756440837093422642,
      "q" : "2.1",
      "p" : "0.8557",
      "s" : "sell",
      "i" : "BAND_USD",
      "m" : "4611686018430064675"
    }, {
      "d" : "1756440355935148841",
      "t" : 1756440355935,
      "tn" : 1756440355935148841,
      "q" : "1.9",
      "p" : "0.8581",
      "s" : "sell",
      "i" : "BAND_USD",
      "m" : "4611686018430064674"
    }, {
      "d" : "1756440253148625613",
      "t" : 1756440253148,
      "tn" : 1756440253148625613,
      "q" : "1.9",
      "p" : "0.8598",
      "s" : "sell",
      "i" : "BAND_USD",
      "m" : "4611686018430064673"
    }, {
      "d" : "1756434065481863100",
      "t" : 1756434065481,
      "tn" : 1756434065481863100,
      "q" : "1.3",
      "p" : "0.8628",
      "s" : "buy",
      "i" : "BAND_USD",
      "m" : "4611686018430064672"
    }, {
      "d" : "1756432155138733910",
      "t" : 1756432155138,
      "tn" : 1756432155138733910,
      "q" : "1.3",
      "p" : "0.8562",
      "s" : "buy",
      "i" : "BAND_USD",
      "m" : "4611686018430064671"
    }, {
      "d" : "1756430773427867189",
      "t" : 1756430773427,
      "tn" : 1756430773427867189,
      "q" : "37.0",
      "p" : "0.8518",
      "s" : "buy",
      "i" : "BAND_USD",
      "m" : "4611686018430064670"
    }, {
      "d" : "1756430249278497241",
      "t" : 1756430249278,
      "tn" : 1756430249278497241,
      "q" : "25.0",
      "p" : "0.8552",
      "s" : "buy",
      "i" : "BAND_USD",
      "m" : "4611686018430064669"
    }, {
      "d" : "1756428911372285349",
      "t" : 1756428911372,
      "tn" : 1756428911372285349,
      "q" : "14.6",
      "p" : "0.8617",
      "s" : "buy",
      "i" : "BAND_USD",
      "m" : "4611686018430064668"
    }, {
      "d" : "1756426840626062134",
      "t" : 1756426840626,
      "tn" : 1756426840626062134,
      "q" : "1.3",
      "p" : "0.8548",
      "s" : "buy",
      "i" : "BAND_USD",
      "m" : "4611686018430064667"
    }, {
      "d" : "1756426840623136322",
      "t" : 1756426840623,
      "tn" : 1756426840623136322,
      "q" : "29.2",
      "p" : "0.8548",
      "s" : "buy",
      "i" : "BAND_USD",
      "m" : "4611686018430064666"
    }, {
      "d" : "1756426195592194684",
      "t" : 1756426195592,
      "tn" : 1756426195592194684,
      "q" : "1.3",
      "p" : "0.8572",
      "s" : "buy",
      "i" : "BAND_USD",
      "m" : "4611686018430064665"
    }, {
      "d" : "1756426021532127391",
      "t" : 1756426021532,
      "tn" : 1756426021532127391,
      "q" : "8.3",
      "p" : "0.8584",
      "s" : "sell",
      "i" : "BAND_USD",
      "m" : "4611686018430064664"
    }, {
      "d" : "1756425665949725439",
      "t" : 1756425665949,
      "tn" : 1756425665949725439,
      "q" : "15.3",
      "p" : "0.8605",
      "s" : "buy",
      "i" : "BAND_USD",
      "m" : "4611686018430064663"
    }, {
      "d" : "1756424720233789954",
      "t" : 1756424720233,
      "tn" : 1756424720233789954,
      "q" : "8.9",
      "p" : "0.8555",
      "s" : "buy",
      "i" : "BAND_USD",
      "m" : "4611686018430064662"
    }, {
      "d" : "1756424038217895514",
      "t" : 1756424038217,
      "tn" : 1756424038217895514,
      "q" : "3.1",
      "p" : "0.8525",
      "s" : "sell",
      "i" : "BAND_USD",
      "m" : "4611686018430064661"
    }, {
      "d" : "1756419322832761951",
      "t" : 1756419322832,
      "tn" : 1756419322832761951,
      "q" : "176.4",
      "p" : "0.8465",
      "s" : "buy",
      "i" : "BAND_USD",
      "m" : "4611686018430064660"
    }, {
      "d" : "1756419094133327008",
      "t" : 1756419094133,
      "tn" : 1756419094133327008,
      "q" : "18.6",
      "p" : "0.8411",
      "s" : "buy",
      "i" : "BAND_USD",
      "m" : "4611686018430064659"
    }, {
      "d" : "1756418849545048554",
      "t" : 1756418849545,
      "tn" : 1756418849545048554,
      "q" : "3.7",
      "p" : "0.8449",
      "s" : "sell",
      "i" : "BAND_USD",
      "m" : "4611686018430064658"
    }, {
      "d" : "1756416657077487306",
      "t" : 1756416657077,
      "tn" : 1756416657077487306,
      "q" : "49.7",
      "p" : "0.8351",
      "s" : "buy",
      "i" : "BAND_USD",
      "m" : "4611686018430064657"
    }, {
      "d" : "1756415499655065941",
      "t" : 1756415499655,
      "tn" : 1756415499655065941,
      "q" : "1.3",
      "p" : "0.8348",
      "s" : "buy",
      "i" : "BAND_USD",
      "m" : "4611686018430064656"
    }, {
      "d" : "1756415207832865482",
      "t" : 1756415207832,
      "tn" : 1756415207832865482,
      "q" : "14.9",
      "p" : "0.8303",
      "s" : "buy",
      "i" : "BAND_USD",
      "m" : "4611686018430064655"
    }, {
      "d" : "1756415047552690575",
      "t" : 1756415047552,
      "tn" : 1756415047552690575,
      "q" : "29.1",
      "p" : "0.8330",
      "s" : "sell",
      "i" : "BAND_USD",
      "m" : "4611686018430064654"
    }, {
      "d" : "1756414399242943500",
      "t" : 1756414399242,
      "tn" : 1756414399242943500,
      "q" : "594.9",
      "p" : "0.8303",
      "s" : "buy",
      "i" : "BAND_USD",
      "m" : "4611686018430064653"
    }, {
      "d" : "1756414005431101805",
      "t" : 1756414005431,
      "tn" : 1756414005431101805,
      "q" : "1.8",
      "p" : "0.8297",
      "s" : "buy",
      "i" : "BAND_USD",
      "m" : "4611686018430064652"
    }, {
      "d" : "1756412527141598654",
      "t" : 1756412527141,
      "tn" : 1756412527141598654,
      "q" : "167.2",
      "p" : "0.8326",
      "s" : "sell",
      "i" : "BAND_USD",
      "m" : "4611686018430064651"
    }, {
      "d" : "1756412473938123526",
      "t" : 1756412473938,
      "tn" : 1756412473938123526,
      "q" : "1.3",
      "p" : "0.8308",
      "s" : "buy",
      "i" : "BAND_USD",
      "m" : "4611686018430064650"
    }, {
      "d" : "1756411525391827697",
      "t" : 1756411525391,
      "tn" : 1756411525391827697,
      "q" : "38.5",
      "p" : "0.8280",
      "s" : "sell",
      "i" : "BAND_USD",
      "m" : "4611686018430064649"
    }, {
      "d" : "1756410213002962372",
      "t" : 1756410213002,
      "tn" : 1756410213002962372,
      "q" : "1.7",
      "p" : "0.8253",
      "s" : "sell",
      "i" : "BAND_USD",
      "m" : "4611686018430064648"
    }, {
      "d" : "1756410188281226818",
      "t" : 1756410188281,
      "tn" : 1756410188281226818,
      "q" : "15.7",
      "p" : "0.8260",
      "s" : "sell",
      "i" : "BAND_USD",
      "m" : "4611686018430064647"
    }, {
      "d" : "1756409904143984596",
      "t" : 1756409904143,
      "tn" : 1756409904143984596,
      "q" : "690.5",
      "p" : "0.8295",
      "s" : "sell",
      "i" : "BAND_USD",
      "m" : "4611686018430064646"
    }, {
      "d" : "1756407451302888247",
      "t" : 1756407451302,
      "tn" : 1756407451302888247,
      "q" : "32.2",
      "p" : "0.8401",
      "s" : "buy",
      "i" : "BAND_USD",
      "m" : "4611686018430064645"
    }, {
      "d" : "1756404952885474092",
      "t" : 1756404952885,
      "tn" : 1756404952885474092,
      "q" : "1.7",
      "p" : "0.8394",
      "s" : "sell",
      "i" : "BAND_USD",
      "m" : "4611686018430064644"
    }, {
      "d" : "1756404116083441731",
      "t" : 1756404116083,
      "tn" : 1756404116083441731,
      "q" : "135.0",
      "p" : "0.8407",
      "s" : "buy",
      "i" : "BAND_USD",
      "m" : "4611686018430064643"
    }, {
      "d" : "1756403867648620882",
      "t" : 1756403867648,
      "tn" : 1756403867648620882,
      "q" : "16.4",
      "p" : "0.8456",
      "s" : "buy",
      "i" : "BAND_USD",
      "m" : "4611686018430064642"
    }, {
      "d" : "1756403239833542863",
      "t" : 1756403239833,
      "tn" : 1756403239833542863,
      "q" : "10.0",
      "p" : "0.8444",
      "s" : "buy",
      "i" : "BAND_USD",
      "m" : "4611686018430064641"
    }, {
      "d" : "1756402651887494929",
      "t" : 1756402651887,
      "tn" : 1756402651887494929,
      "q" : "234.8",
      "p" : "0.8438",
      "s" : "buy",
      "i" : "BAND_USD",
      "m" : "4611686018430064640"
    }, {
      "d" : "1756402391238917995",
      "t" : 1756402391238,
      "tn" : 1756402391238917995,
      "q" : "3.4",
      "p" : "0.8441",
      "s" : "sell",
      "i" : "BAND_USD",
      "m" : "4611686018430064639"
    }, {
      "d" : "1756398943356499187",
      "t" : 1756398943356,
      "tn" : 1756398943356499187,
      "q" : "3.7",
      "p" : "0.8503",
      "s" : "buy",
      "i" : "BAND_USD",
      "m" : "4611686018430064638"
    }, {
      "d" : "1756396341991211223",
      "t" : 1756396341991,
      "tn" : 1756396341991211223,
      "q" : "23.3",
      "p" : "0.8548",
      "s" : "sell",
      "i" : "BAND_USD",
      "m" : "4611686018430064637"
    }, {
      "d" : "1756395531140092084",
      "t" : 1756395531140,
      "tn" : 1756395531140092084,
      "q" : "2.6",
      "p" : "0.8613",
      "s" : "sell",
      "i" : "BAND_USD",
      "m" : "4611686018430064636"
    }, {
      "d" : "1756394053816902650",
      "t" : 1756394053816,
      "tn" : 1756394053816902649,
      "q" : "7.5",
      "p" : "0.8599",
      "s" : "sell",
      "i" : "BAND_USD",
      "m" : "4611686018430064635"
    }, {
      "d" : "1756394053816902649",
      "t" : 1756394053816,
      "tn" : 1756394053816902649,
      "q" : "0.1",
      "p" : "0.8599",
      "s" : "sell",
      "i" : "BAND_USD",
      "m" : "4611686018430064635"
    }, {
      "d" : "1756393910665050204",
      "t" : 1756393910665,
      "tn" : 1756393910665050204,
      "q" : "5.5",
      "p" : "0.8599",
      "s" : "sell",
      "i" : "BAND_USD",
      "m" : "4611686018430064634"
    }, {
      "d" : "1756392687153665567",
      "t" : 1756392687153,
      "tn" : 1756392687153665567,
      "q" : "4.0",
      "p" : "0.8696",
      "s" : "sell",
      "i" : "BAND_USD",
      "m" : "4611686018430064633"
    }, {
      "d" : "1756392125729153126",
      "t" : 1756392125729,
      "tn" : 1756392125729153126,
      "q" : "207.0",
      "p" : "0.8678",
      "s" : "buy",
      "i" : "BAND_USD",
      "m" : "4611686018430064632"
    }, {
      "d" : "1756392060667975441",
      "t" : 1756392060667,
      "tn" : 1756392060667975441,
      "q" : "155.2",
      "p" : "0.8717",
      "s" : "buy",
      "i" : "BAND_USD",
      "m" : "4611686018430064631"
    }, {
      "d" : "1756391920935401191",
      "t" : 1756391920935,
      "tn" : 1756391920935401191,
      "q" : "50.7",
      "p" : "0.8716",
      "s" : "sell",
      "i" : "BAND_USD",
      "m" : "4611686018430064630"
    }, {
      "d" : "1756390642626315517",
      "t" : 1756390642626,
      "tn" : 1756390642626315517,
      "q" : "61.4",
      "p" : "0.8695",
      "s" : "sell",
      "i" : "BAND_USD",
      "m" : "4611686018430064629"
    }, {
      "d" : "1756390642622319700",
      "t" : 1756390642622,
      "tn" : 1756390642622319700,
      "q" : "398.8",
      "p" : "0.8699",
      "s" : "sell",
      "i" : "BAND_USD",
      "m" : "4611686018430064628"
    }, {
      "d" : "1756390642620012412",
      "t" : 1756390642620,
      "tn" : 1756390642620012411,
      "q" : "257.8",
      "p" : "0.8699",
      "s" : "sell",
      "i" : "BAND_USD",
      "m" : "4611686018430064627"
    }, {
      "d" : "1756390642620012411",
      "t" : 1756390642620,
      "tn" : 1756390642620012411,
      "q" : "546.8",
      "p" : "0.8699",
      "s" : "sell",
      "i" : "BAND_USD",
      "m" : "4611686018430064627"
    }, {
      "d" : "1756390642612968504",
      "t" : 1756390642612,
      "tn" : 1756390642612968503,
      "q" : "618.3",
      "p" : "0.8718",
      "s" : "sell",
      "i" : "BAND_USD",
      "m" : "4611686018430064626"
    }, {
      "d" : "1756390642612968503",
      "t" : 1756390642612,
      "tn" : 1756390642612968503,
      "q" : "390.5",
      "p" : "0.8718",
      "s" : "sell",
      "i" : "BAND_USD",
      "m" : "4611686018430064626"
    }, {
      "d" : "1756390642612965241",
      "t" : 1756390642612,
      "tn" : 1756390642612965241,
      "q" : "173.0",
      "p" : "0.8719",
      "s" : "sell",
      "i" : "BAND_USD",
      "m" : "4611686018430064625"
    }, {
      "d" : "1756390642612155081",
      "t" : 1756390642612,
      "tn" : 1756390642612155081,
      "q" : "554.9",
      "p" : "0.8719",
      "s" : "sell",
      "i" : "BAND_USD",
      "m" : "4611686018430064624"
    }, {
      "d" : "1756390164720964716",
      "t" : 1756390164720,
      "tn" : 1756390164720964716,
      "q" : "245.1",
      "p" : "0.8759",
      "s" : "sell",
      "i" : "BAND_USD",
      "m" : "4611686018430064623"
    }, {
      "d" : "1756390132586192031",
      "t" : 1756390132586,
      "tn" : 1756390132586192031,
      "q" : "41.3",
      "p" : "0.8841",
      "s" : "buy",
      "i" : "BAND_USD",
      "m" : "4611686018430064622"
    }, {
      "d" : "1756390053106435505",
      "t" : 1756390053106,
      "tn" : 1756390053106435505,
      "q" : "446.5",
      "p" : "0.8958",
      "s" : "sell",
      "i" : "BAND_USD",
      "m" : "4611686018430064621"
    }, {
      "d" : "1756390005295517673",
      "t" : 1756390005295,
      "tn" : 1756390005295517673,
      "q" : "51.3",
      "p" : "0.9047",
      "s" : "sell",
      "i" : "BAND_USD",
      "m" : "4611686018430064620"
    }, {
      "d" : "1756389998076192415",
      "t" : 1756389998076,
      "tn" : 1756389998076192415,
      "q" : "214.3",
      "p" : "0.8985",
      "s" : "buy",
      "i" : "BAND_USD",
      "m" : "4611686018430064619"
    }, {
      "d" : "1756389906431017950",
      "t" : 1756389906431,
      "tn" : 1756389906431017950,
      "q" : "112.4",
      "p" : "0.8902",
      "s" : "sell",
      "i" : "BAND_USD",
      "m" : "4611686018430064618"
    }, {
      "d" : "1756389906256973267",
      "t" : 1756389906256,
      "tn" : 1756389906256973267,
      "q" : "86.8",
      "p" : "0.8937",
      "s" : "sell",
      "i" : "BAND_USD",
      "m" : "4611686018430064617"
    }, {
      "d" : "1756389906251021384",
      "t" : 1756389906251,
      "tn" : 1756389906251021384,
      "q" : "17.8",
      "p" : "0.8965",
      "s" : "sell",
      "i" : "BAND_USD",
      "m" : "4611686018430064616"
    }, {
      "d" : "1756389906251019089",
      "t" : 1756389906251,
      "tn" : 1756389906251019089,
      "q" : "34.3",
      "p" : "0.8966",
      "s" : "sell",
      "i" : "BAND_USD",
      "m" : "4611686018430064615"
    }, {
      "d" : "1756389906250129156",
      "t" : 1756389906250,
      "tn" : 1756389906250129156,
      "q" : "411.8",
      "p" : "0.8966",
      "s" : "sell",
      "i" : "BAND_USD",
      "m" : "4611686018430064614"
    }, {
      "d" : "1756389755866450422",
      "t" : 1756389755866,
      "tn" : 1756389755866450421,
      "q" : "7.5",
      "p" : "0.9016",
      "s" : "buy",
      "i" : "BAND_USD",
      "m" : "4611686018430064613"
    }, {
      "d" : "1756389755866450421",
      "t" : 1756389755866,
      "tn" : 1756389755866450421,
      "q" : "5.6",
      "p" : "0.9016",
      "s" : "buy",
      "i" : "BAND_USD",
      "m" : "4611686018430064613"
    }, {
      "d" : "1756389687193294508",
      "t" : 1756389687193,
      "tn" : 1756389687193294508,
      "q" : "23.3",
      "p" : "0.8932",
      "s" : "buy",
      "i" : "BAND_USD",
      "m" : "4611686018430064612"
    }, {
      "d" : "1756389687191955819",
      "t" : 1756389687191,
      "tn" : 1756389687191955819,
      "q" : "347.0",
      "p" : "0.8931",
      "s" : "buy",
      "i" : "BAND_USD",
      "m" : "4611686018430064611"
    }, {
      "d" : "1756389687145930562",
      "t" : 1756389687145,
      "tn" : 1756389687145930562,
      "q" : "92.6",
      "p" : "0.8931",
      "s" : "buy",
      "i" : "BAND_USD",
      "m" : "4611686018430064610"
    }, {
      "d" : "1756389687143956637",
      "t" : 1756389687143,
      "tn" : 1756389687143956637,
      "q" : "92.7",
      "p" : "0.8931",
      "s" : "buy",
      "i" : "BAND_USD",
      "m" : "4611686018430064609"
    }, {
      "d" : "1756389687143955103",
      "t" : 1756389687143,
      "tn" : 1756389687143955103,
      "q" : "47.1",
      "p" : "0.8929",
      "s" : "buy",
      "i" : "BAND_USD",
      "m" : "4611686018430064608"
    }, {
      "d" : "1756389687094692675",
      "t" : 1756389687094,
      "tn" : 1756389687094692675,
      "q" : "101.3",
      "p" : "0.8887",
      "s" : "buy",
      "i" : "BAND_USD",
      "m" : "4611686018430064607"
    }, {
      "d" : "1756389653398782465",
      "t" : 1756389653398,
      "tn" : 1756389653398782465,
      "q" : "2.1",
      "p" : "0.8884",
      "s" : "buy",
      "i" : "BAND_USD",
      "m" : "4611686018430064606"
    }, {
      "d" : "1756389600365156813",
      "t" : 1756389600365,
      "tn" : 1756389600365156813,
      "q" : "955.6",
      "p" : "0.8884",
      "s" : "sell",
      "i" : "BAND_USD",
      "m" : "4611686018430064605"
    }, {
      "d" : "1756389586498439896",
      "t" : 1756389586498,
      "tn" : 1756389586498439896,
      "q" : "606.8",
      "p" : "0.8864",
      "s" : "sell",
      "i" : "BAND_USD",
      "m" : "4611686018430064604"
    }, {
      "d" : "1756389586498268136",
      "t" : 1756389586498,
      "tn" : 1756389586498268136,
      "q" : "50.3",
      "p" : "0.8864",
      "s" : "sell",
      "i" : "BAND_USD",
      "m" : "4611686018430064603"
    }, {
      "d" : "1756389586498265943",
      "t" : 1756389586498,
      "tn" : 1756389586498265943,
      "q" : "564.1",
      "p" : "0.8864",
      "s" : "sell",
      "i" : "BAND_USD",
      "m" : "4611686018430064602"
    }, {
      "d" : "1756389586491751738",
      "t" : 1756389586491,
      "tn" : 1756389586491751737,
      "q" : "22.5",
      "p" : "0.8864",
      "s" : "buy",
      "i" : "BAND_USD",
      "m" : "4611686018430064601"
    }, {
      "d" : "1756389586491751737",
      "t" : 1756389586491,
      "tn" : 1756389586491751737,
      "q" : "659.3",
      "p" : "0.8864",
      "s" : "buy",
      "i" : "BAND_USD",
      "m" : "4611686018430064601"
    }, {
      "d" : "1756389552345191060",
      "t" : 1756389552345,
      "tn" : 1756389552345191060,
      "q" : "540.0",
      "p" : "0.8819",
      "s" : "sell",
      "i" : "BAND_USD",
      "m" : "4611686018430064600"
    }, {
      "d" : "1756389547156853166",
      "t" : 1756389547156,
      "tn" : 1756389547156853166,
      "q" : "438.2",
      "p" : "0.8819",
      "s" : "sell",
      "i" : "BAND_USD",
      "m" : "4611686018430064599"
    }, {
      "d" : "1756389545278797262",
      "t" : 1756389545278,
      "tn" : 1756389545278797262,
      "q" : "1903.0",
      "p" : "0.8829",
      "s" : "sell",
      "i" : "BAND_USD",
      "m" : "4611686018430064598"
    }, {
      "d" : "1756389377683741455",
      "t" : 1756389377683,
      "tn" : 1756389377683741455,
      "q" : "67.0",
      "p" : "0.8718",
      "s" : "buy",
      "i" : "BAND_USD",
      "m" : "4611686018430064597"
    }, {
      "d" : "1756389377683050328",
      "t" : 1756389377683,
      "tn" : 1756389377683050328,
      "q" : "164.2",
      "p" : "0.8718",
      "s" : "buy",
      "i" : "BAND_USD",
      "m" : "4611686018430064596"
    }, {
      "d" : "1756389377683048384",
      "t" : 1756389377683,
      "tn" : 1756389377683048384,
      "q" : "633.2",
      "p" : "0.8717",
      "s" : "buy",
      "i" : "BAND_USD",
      "m" : "4611686018430064595"
    }, {
      "d" : "1756389377683045331",
      "t" : 1756389377683,
      "tn" : 1756389377683045331,
      "q" : "371.4",
      "p" : "0.8716",
      "s" : "buy",
      "i" : "BAND_USD",
      "m" : "4611686018430064594"
    }, {
      "d" : "1756389377678315781",
      "t" : 1756389377678,
      "tn" : 1756389377678315781,
      "q" : "41.3",
      "p" : "0.8716",
      "s" : "buy",
      "i" : "BAND_USD",
      "m" : "4611686018430064593"
    }, {
      "d" : "1756388945448635985",
      "t" : 1756388945448,
      "tn" : 1756388945448635985,
      "q" : "6.0",
      "p" : "0.8732",
      "s" : "sell",
      "i" : "BAND_USD",
      "m" : "4611686018430064592"
    }, {
      "d" : "1756388921351199653",
      "t" : 1756388921351,
      "tn" : 1756388921351199653,
      "q" : "3.3",
      "p" : "0.8591",
      "s" : "buy",
      "i" : "BAND_USD",
      "m" : "4611686018430064591"
    }, {
      "d" : "1756388921349049440",
      "t" : 1756388921349,
      "tn" : 1756388921349049440,
      "q" : "299.4",
      "p" : "0.8591",
      "s" : "buy",
      "i" : "BAND_USD",
      "m" : "4611686018430064590"
    }, {
      "d" : "1756388921349047703",
      "t" : 1756388921349,
      "tn" : 1756388921349047703,
      "q" : "585.3",
      "p" : "0.8589",
      "s" : "buy",
      "i" : "BAND_USD",
      "m" : "4611686018430064589"
    }, {
      "d" : "1756388921347585033",
      "t" : 1756388921347,
      "tn" : 1756388921347585033,
      "q" : "13.3",
      "p" : "0.8589",
      "s" : "buy",
      "i" : "BAND_USD",
      "m" : "4611686018430064588"
    }, {
      "d" : "1756388807098972727",
      "t" : 1756388807098,
      "tn" : 1756388807098972727,
      "q" : "15.0",
      "p" : "0.8577",
      "s" : "sell",
      "i" : "BAND_USD",
      "m" : "4611686018430064587"
    }, {
      "d" : "1756388757796083332",
      "t" : 1756388757796,
      "tn" : 1756388757796083332,
      "q" : "7.0",
      "p" : "0.8476",
      "s" : "buy",
      "i" : "BAND_USD",
      "m" : "4611686018430064586"
    }, {
      "d" : "1756388057433348773",
      "t" : 1756388057433,
      "tn" : 1756388057433348773,
      "q" : "2.7",
      "p" : "0.8544",
      "s" : "sell",
      "i" : "BAND_USD",
      "m" : "4611686018430064585"
    }, {
      "d" : "1756387109860062189",
      "t" : 1756387109860,
      "tn" : 1756387109860062189,
      "q" : "112.9",
      "p" : "0.8509",
      "s" : "sell",
      "i" : "BAND_USD",
      "m" : "4611686018430064584"
    }, {
      "d" : "1756386983274373229",
      "t" : 1756386983274,
      "tn" : 1756386983274373229,
      "q" : "13.2",
      "p" : "0.8489",
      "s" : "buy",
      "i" : "BAND_USD",
      "m" : "4611686018430064583"
    }, {
      "d" : "1756386953503348944",
      "t" : 1756386953503,
      "tn" : 1756386953503348944,
      "q" : "438.1",
      "p" : "0.8490",
      "s" : "buy",
      "i" : "BAND_USD",
      "m" : "4611686018430064582"
    }, {
      "d" : "1756384294462273819",
      "t" : 1756384294462,
      "tn" : 1756384294462273819,
      "q" : "315.6",
      "p" : "0.8516",
      "s" : "buy",
      "i" : "BAND_USD",
      "m" : "4611686018430064581"
    }, {
      "d" : "1756384293638199037",
      "t" : 1756384293638,
      "tn" : 1756384293638199037,
      "q" : "47.0",
      "p" : "0.8516",
      "s" : "buy",
      "i" : "BAND_USD",
      "m" : "4611686018430064580"
    }, {
      "d" : "1756384293577170337",
      "t" : 1756384293577,
      "tn" : 1756384293577170337,
      "q" : "50.5",
      "p" : "0.8516",
      "s" : "buy",
      "i" : "BAND_USD",
      "m" : "4611686018430064579"
    }, {
      "d" : "1756382433462360888",
      "t" : 1756382433462,
      "tn" : 1756382433462360888,
      "q" : "3.9",
      "p" : "0.8448",
      "s" : "sell",
      "i" : "BAND_USD",
      "m" : "4611686018430064578"
    }, {
      "d" : "1756381606542402265",
      "t" : 1756381606542,
      "tn" : 1756381606542402265,
      "q" : "4.0",
      "p" : "0.8421",
      "s" : "buy",
      "i" : "BAND_USD",
      "m" : "4611686018430064577"
    }, {
      "d" : "1756380283835973067",
      "t" : 1756380283835,
      "tn" : 1756380283835973067,
      "q" : "10.8",
      "p" : "0.8533",
      "s" : "sell",
      "i" : "BAND_USD",
      "m" : "4611686018430064576"
    }, {
      "d" : "1756379903617327508",
      "t" : 1756379903617,
      "tn" : 1756379903617327508,
      "q" : "4.4",
      "p" : "0.8533",
      "s" : "sell",
      "i" : "BAND_USD",
      "m" : "4611686018430064575"
    }, {
      "d" : "1756379201048081261",
      "t" : 1756379201048,
      "tn" : 1756379201048081261,
      "q" : "23.3",
      "p" : "0.8548",
      "s" : "sell",
      "i" : "BAND_USD",
      "m" : "4611686018430064574"
    }, {
      "d" : "1756378925629060830",
      "t" : 1756378925629,
      "tn" : 1756378925629060830,
      "q" : "2.3",
      "p" : "0.8603",
      "s" : "sell",
      "i" : "BAND_USD",
      "m" : "4611686018430064573"
    }, {
      "d" : "1756378797313941949",
      "t" : 1756378797313,
      "tn" : 1756378797313941949,
      "q" : "20.2",
      "p" : "0.8566",
      "s" : "buy",
      "i" : "BAND_USD",
      "m" : "4611686018430064572"
    }, {
      "d" : "1756377619215788642",
      "t" : 1756377619215,
      "tn" : 1756377619215788642,
      "q" : "10.6",
      "p" : "0.8577",
      "s" : "buy",
      "i" : "BAND_USD",
      "m" : "4611686018430064571"
    }, {
      "d" : "1756377255171575163",
      "t" : 1756377255171,
      "tn" : 1756377255171575163,
      "q" : "3.0",
      "p" : "0.8600",
      "s" : "buy",
      "i" : "BAND_USD",
      "m" : "4611686018430064570"
    }, {
      "d" : "1756375150387619548",
      "t" : 1756375150387,
      "tn" : 1756375150387619548,
      "q" : "300.0",
      "p" : "0.8556",
      "s" : "buy",
      "i" : "BAND_USD",
      "m" : "4611686018430064569"
    }, {
      "d" : "1756374829779687582",
      "t" : 1756374829779,
      "tn" : 1756374829779687582,
      "q" : "48.0",
      "p" : "0.8560",
      "s" : "buy",
      "i" : "BAND_USD",
      "m" : "4611686018430064568"
    } ]
  }
}