{
  "id" : -1,
  "method" : "public/get-trades",
  "code" : 0,
  "result" : {
    "data" : [ {
      "d" : "1756458171819294018",
      "t" : 1756458171819,
      "tn" : 1756458171819294018,
      "q" : "246",
      "p" : "0.8101",
      "s" : "buy",
      "i" : "BANDUSD-PERP",
      "m" : "4611686018430059683"
    }, {
      "d" : "1756429730951239644",
      "t" : 1756429730951,
      "tn" : 1756429730951239643,
      "q" : "1",
      "p" : "0.8598",
      "s" : "sell",
      "i" : "BANDUSD-PERP",
      "m" : "4611686018430059682"
    }, {
      "d" : "1756429730951239643",
      "t" : 1756429730951,
      "tn" : 1756429730951239643,
      "q" : "1",
      "p" : "0.8598",
      "s" : "sell",
      "i" : "BANDUSD-PERP",
      "m" : "4611686018430059682"
    }, {
      "d" : "1756419837223841568",
      "t" : 1756419837223,
      "tn" : 1756419837223841568,
      "q" : "1",
      "p" : "0.8516",
      "s" : "buy",
      "i" : "BANDUSD-PERP",
      "m" : "4611686018430059681"
    }, {
      "d" : "1756419837223839095",
      "t" : 1756419837223,
      "tn" : 1756419837223839095,
      "q" : "1",
      "p" : "0.8508",
      "s" : "buy",
      "i" : "BANDUSD-PERP",
      "m" : "4611686018430059680"
    }, {
      "d" : "1756408635056038242",
      "t" : 1756408635056,
      "tn" : 1756408635056038242,
      "q" : "1",
      "p" : "0.8388",
      "s" : "sell",
      "i" : "BANDUSD-PERP",
      "m" : "4611686018430059679"
    }, {
      "d" : "1756400406239959102",
      "t" : 1756400406239,
      "tn" : 1756400406239959102,
      "q" : "238",
      "p" : "0.8354",
      "s" : "buy",
      "i" : "BANDUSD-PERP",
      "m" : "4611686018430059678"
    }, {
      "d" : "1756400406239957915",
      "t" : 1756400406239,
      "tn" : 1756400406239957915,
      "q" : "1",
      "p" : "0.8352",
      "s" : "buy",
      "i" : "BANDUSD-PERP",
      "m" : "4611686018430059677"
    }, {
      "d" : "1756397092036877682",
      "t" : 1756397092036,
      "tn" : 1756397092036877681,
      "q" : "52",
      "p" : "0.8567",
      "s" : "buy",
      "i" : "BANDUSD-PERP",
      "m" : "4611686018430059676"
    }, {
      "d" : "1756397092036877681",
      "t" : 1756397092036,
      "tn" : 1756397092036877681,
      "q" : "1",
      "p" : "0.8567",
      "s" : "buy",
      "i" : "BANDUSD-PERP",
      "m" : "4611686018430059676"
    }, {
      "d" : "1756397036096610693",
      "t" : 1756397036096,
      "tn" : 1756397036096610692,
      "q" : "126",
      "p" : "0.8556",
      "s" : "buy",
      "i" : "BANDUSD-PERP",
      "m" : "4611686018430059675"
    }, {
      "d" : "1756397036096610692",
      "t" : 1756397036096,
      "tn" : 1756397036096610692,
      "q" : "1",
      "p" : "0.8556",
      "s" : "buy",
      "i" : "BANDUSD-PERP",
      "m" : "4611686018430059675"
    }, {
      "d" : "1756394674606334615",
      "t" : 1756394674606,
      "tn" : 1756394674606334615,
      "q" : "232",
      "p" : "0.8576",
      "s" : "buy",
      "i" : "BANDUSD-PERP",
      "m" : "4611686018430059674"
    }, {
      "d" : "1756394674606332230",
      "t" : 1756394674606,
      "tn" : 1756394674606332230,
      "q" : "1",
      "p" : "0.8574",
      "s" : "buy",
      "i" : "BANDUSD-PERP",
      "m" : "4611686018430059673"
    }, {
      "d" : "1756390642632086070",
      "t" : 1756390642632,
      "tn" : 1756390642632086070,
      "q" : "875",
      "p" : "0.8702",
      "s" : "sell",
      "i" : "BANDUSD-PERP",
      "m" : "4611686018430059672"
    }, {
      "d" : "1756390642611708474",
      "t" : 1756390642611,
      "tn" : 1756390642611708474,
      "q" : "125",
      "p" : "0.8702",
      "s" : "sell",
      "i" : "BANDUSD-PERP",
      "m" : "4611686018430059671"
    }, {
      "d" : "1756390642608803469",
      "t" : 1756390642608,
      "tn" : 1756390642608803469,
      "q" : "1",
      "p" : "0.8761",
      "s" : "sell",
      "i" : "BANDUSD-PERP",
      "m" : "4611686018430059670"
    }, {
      "d" : "1756390402970939581",
      "t" : 1756390402970,
      "tn" : 1756390402970939581,
      "q" : "1",
      "p" : "0.8789",
      "s" : "sell",
      "i" : "BANDUSD-PERP",
      "m" : "4611686018430059669"
    }, {
      "d" : "1756390255284082866",
      "t" : 1756390255284,
      "tn" : 1756390255284082866,
      "q" : "1",
      "p" : "0.8753",
      "s" : "sell",
      "i" : "BANDUSD-PERP",
      "m" : "4611686018430059668"
    }, {
      "d" : "1756390255284080870",
      "t" : 1756390255284,
      "tn" : 1756390255284080870,
      "q" : "1",
      "p" : "0.8763",
      "s" : "sell",
      "i" : "BANDUSD-PERP",
      "m" : "4611686018430059667"
    }, {
      "d" : "1756390164721202255",
      "t" : 1756390164721,
      "tn" : 1756390164721202255,
      "q" : "227",
      "p" : "0.8783",
      "s" : "sell",
      "i" : "BANDUSD-PERP",
      "m" : "4611686018430059666"
    }, {
      "d" : "1756390164721200147",
      "t" : 1756390164721,
      "tn" : 1756390164721200147,
      "q" : "1",
      "p" : "0.8812",
      "s" : "sell",
      "i" : "BANDUSD-PERP",
      "m" : "4611686018430059665"
    }, {
      "d" : "1756390054623947765",
      "t" : 1756390054623,
      "tn" : 1756390054623947765,
      "q" : "222",
      "p" : "0.8942",
      "s" : "buy",
      "i" : "BANDUSD-PERP",
      "m" : "4611686018430059664"
    }, {
      "d" : "1756390054623945532",
      "t" : 1756390054623,
      "tn" : 1756390054623945532,
      "q" : "1",
      "p" : "0.8941",
      "s" : "buy",
      "i" : "BANDUSD-PERP",
      "m" : "4611686018430059663"
    }, {
      "d" : "1756390054102806358",
      "t" : 1756390054102,
      "tn" : 1756390054102806358,
      "q" : "1",
      "p" : "0.8930",
      "s" : "buy",
      "i" : "BANDUSD-PERP",
      "m" : "4611686018430059662"
    }, {
      "d" : "1756390053088091951",
      "t" : 1756390053088,
      "tn" : 1756390053088091951,
      "q" : "1",
      "p" : "0.8994",
      "s" : "sell",
      "i" : "BANDUSD-PERP",
      "m" : "4611686018430059661"
    }, {
      "d" : "1756390053088089662",
      "t" : 1756390053088,
      "tn" : 1756390053088089662,
      "q" : "1",
      "p" : "0.9007",
      "s" : "sell",
      "i" : "BANDUSD-PERP",
      "m" : "4611686018430059660"
    }, {
      "d" : "1756390025885029771",
      "t" : 1756390025885,
      "tn" : 1756390025885029771,
      "q" : "1",
      "p" : "0.9053",
      "s" : "sell",
      "i" : "BANDUSD-PERP",
      "m" : "4611686018430059659"
    }, {
      "d" : "1756389998084467788",
      "t" : 1756389998084,
      "tn" : 1756389998084467788,
      "q" : "1",
      "p" : "0.9003",
      "s" : "buy",
      "i" : "BANDUSD-PERP",
      "m" : "4611686018430059658"
    }, {
      "d" : "1756389962730042159",
      "t" : 1756389962730,
      "tn" : 1756389962730042159,
      "q" : "1",
      "p" : "0.8954",
      "s" : "buy",
      "i" : "BANDUSD-PERP",
      "m" : "4611686018430059657"
    }, {
      "d" : "1756389962730040182",
      "t" : 1756389962730,
      "tn" : 1756389962730040182,
      "q" : "1",
      "p" : "0.8942",
      "s" : "buy",
      "i" : "BANDUSD-PERP",
      "m" : "4611686018430059656"
    }, {
      "d" : "1756389906257708123",
      "t" : 1756389906257,
      "tn" : 1756389906257708123,
      "q" : "1048",
      "p" : "0.8964",
      "s" : "sell",
      "i" : "BANDUSD-PERP",
      "m" : "4611686018430059655"
    }, {
      "d" : "1756389906242153756",
      "t" : 1756389906242,
      "tn" : 1756389906242153756,
      "q" : "1",
      "p" : "0.8988",
      "s" : "sell",
      "i" : "BANDUSD-PERP",
      "m" : "4611686018430059654"
    }, {
      "d" : "1756389906242151540",
      "t" : 1756389906242,
      "tn" : 1756389906242151540,
      "q" : "1",
      "p" : "0.9002",
      "s" : "sell",
      "i" : "BANDUSD-PERP",
      "m" : "4611686018430059653"
    }, {
      "d" : "1756389776198975662",
      "t" : 1756389776198,
      "tn" : 1756389776198975662,
      "q" : "1",
      "p" : "0.9144",
      "s" : "sell",
      "i" : "BANDUSD-PERP",
      "m" : "4611686018430059652"
    }, {
      "d" : "1756389755871432647",
      "t" : 1756389755871,
      "tn" : 1756389755871432647,
      "q" : "391",
      "p" : "0.9042",
      "s" : "buy",
      "i" : "BANDUSD-PERP",
      "m" : "4611686018430059651"
    }, {
      "d" : "1756389755871430935",
      "t" : 1756389755871,
      "tn" : 1756389755871430935,
      "q" : "742",
      "p" : "0.9032",
      "s" : "buy",
      "i" : "BANDUSD-PERP",
      "m" : "4611686018430059650"
    }, {
      "d" : "1756389755870553412",
      "t" : 1756389755870,
      "tn" : 1756389755870553412,
      "q" : "232",
      "p" : "0.9032",
      "s" : "buy",
      "i" : "BANDUSD-PERP",
      "m" : "4611686018430059649"
    }, {
      "d" : "1756389755870552429",
      "t" : 1756389755870,
      "tn" : 1756389755870552429,
      "q" : "1",
      "p" : "0.9028",
      "s" : "buy",
      "i" : "BANDUSD-PERP",
      "m" : "4611686018430059648"
    }, {
      "d" : "1756389755870550514",
      "t" : 1756389755870,
      "tn" : 1756389755870550514,
      "q" : "1",
      "p" : "0.9014",
      "s" : "buy",
      "i" : "BANDUSD-PERP",
      "m" : "4611686018430059647"
    }, {
      "d" : "1756389687095559933",
      "t" : 1756389687095,
      "tn" : 1756389687095559933,
      "q" : "636",
      "p" : "0.8891",
      "s" : "buy",
      "i" : "BANDUSD-PERP",
      "m" : "4611686018430059646"
    }, {
      "d" : "1756389687094597611",
      "t" : 1756389687094,
      "tn" : 1756389687094597611,
      "q" : "1",
      "p" : "0.8848",
      "s" : "buy",
      "i" : "BANDUSD-PERP",
      "m" : "4611686018430059645"
    }, {
      "d" : "1756389687090026487",
      "t" : 1756389687090,
      "tn" : 1756389687090026487,
      "q" : "1",
      "p" : "0.8843",
      "s" : "buy",
      "i" : "BANDUSD-PERP",
      "m" : "4611686018430059644"
    }, {
      "d" : "1756389597435950416",
      "t" : 1756389597435,
      "tn" : 1756389597435950416,
      "q" : "1",
      "p" : "0.8858",
      "s" : "buy",
      "i" : "BANDUSD-PERP",
      "m" : "4611686018430059643"
    }, {
      "d" : "1756389597435948899",
      "t" : 1756389597435,
      "tn" : 1756389597435948899,
      "q" : "1",
      "p" : "0.8844",
      "s" : "buy",
      "i" : "BANDUSD-PERP",
      "m" : "4611686018430059642"
    }, {
      "d" : "1756389377678279397",
      "t" : 1756389377678,
      "tn" : 1756389377678279397,
      "q" : "1",
      "p" : "0.8725",
      "s" : "buy",
      "i" : "BANDUSD-PERP",
      "m" : "4611686018430059641"
    }, {
      "d" : "1756389377678277428",
      "t" : 1756389377678,
      "tn" : 1756389377678277428,
      "q" : "1",
      "p" : "0.8711",
      "s" : "buy",
      "i" : "BANDUSD-PERP",
      "m" : "4611686018430059640"
    }, {
      "d" : "1756389263262928945",
      "t" : 1756389263262,
      "tn" : 1756389263262928945,
      "q" : "1",
      "p" : "0.8685",
      "s" : "buy",
      "i" : "BANDUSD-PERP",
      "m" : "4611686018430059639"
    }, {
      "d" : "1756389263262927030",
      "t" : 1756389263262,
      "tn" : 1756389263262927030,
      "q" : "1",
      "p" : "0.8681",
      "s" : "buy",
      "i" : "BANDUSD-PERP",
      "m" : "4611686018430059638"
    }, {
      "d" : "1756389056561155446",
      "t" : 1756389056561,
      "tn" : 1756389056561155445,
      "q" : "231",
      "p" : "0.8658",
      "s" : "buy",
      "i" : "BANDUSD-PERP",
      "m" : "4611686018430059637"
    }, {
      "d" : "1756388921349190859",
      "t" : 1756388921349,
      "tn" : 1756388921349190859,
      "q" : "1",
      "p" : "0.8600",
      "s" : "buy",
      "i" : "BANDUSD-PERP",
      "m" : "4611686018430059636"
    }, {
      "d" : "1756381393738988273",
      "t" : 1756381393738,
      "tn" : 1756381393738988273,
      "q" : "1",
      "p" : "0.8513",
      "s" : "sell",
      "i" : "BANDUSD-PERP",
      "m" : "4611686018430059635"
    }, {
      "d" : "1756376393704032974",
      "t" : 1756376393704,
      "tn" : 1756376393704032974,
      "q" : "1",
      "p" : "0.8592",
      "s" : "buy",
      "i" : "BANDUSD-PERP",
      "m" : "4611686018430059634"
    }, {
      "d" : "1756376393704030855",
      "t" : 1756376393704,
      "tn" : 1756376393704030855,
      "q" : "1",
      "p" : "0.8583",
      "s" : "buy",
      "i" : "BANDUSD-PERP",
      "m" : "4611686018430059633"
    } ]
  }
}