{
  "id" : -1,
  "method" : "public/get-trades",
  "code" : 0,
  "result" : {
    "data" : [ {
      "d" : "1756460323185551294",
      "t" : 1756460323185,
      "tn" : 1756460323185551294,
      "q" : "2900000",
      "p" : "0.000001398",
      "s" : "buy",
      "i" : "BARA_USD",
      "m" : "4611686018428051655"
    }, {
      "d" : "1756460156830692251",
      "t" : 1756460156830,
      "tn" : 1756460156830692251,
      "q" : "5000000",
      "p" : "0.000001389",
      "s" : "sell",
      "i" : "BARA_USD",
      "m" : "4611686018428051654"
    }, {
      "d" : "1756460045527332467",
      "t" : 1756460045527,
      "tn" : 1756460045527332467,
      "q" : "1970000",
      "p" : "0.000001399",
      "s" : "buy",
      "i" : "BARA_USD",
      "m" : "4611686018428051653"
    }, {
      "d" : "1756460042282250917",
      "t" : 1756460042282,
      "tn" : 1756460042282250917,
      "q" : "63140000",
      "p" : "0.000001389",
      "s" : "sell",
      "i" : "BARA_USD",
      "m" : "4611686018428051652"
    }, {
      "d" : "1756460039012218751",
      "t" : 1756460039012,
      "tn" : 1756460039012218751,
      "q" : "40990000",
      "p" : "0.000001390",
      "s" : "sell",
      "i" : "BARA_USD",
      "m" : "4611686018428051651"
    }, {
      "d" : "1756460035811990768",
      "t" : 1756460035811,
      "tn" : 1756460035811990768,
      "q" : "79480000",
      "p" : "0.000001390",
      "s" : "sell",
      "i" : "BARA_USD",
      "m" : "4611686018428051650"
    }, {
      "d" : "1756459913209553972",
      "t" : 1756459913209,
      "tn" : 1756459913209553972,
      "q" : "2500000",
      "p" : "0.000001403",
      "s" : "buy",
      "i" : "BARA_USD",
      "m" : "4611686018428051649"
    }, {
      "d" : "1756459825552714652",
      "t" : 1756459825552,
      "tn" : 1756459825552714652,
      "q" : "3360000",
      "p" : "0.000001397",
      "s" : "buy",
      "i" : "BARA_USD",
      "m" : "4611686018428051648"
    }, {
      "d" : "1756459783715918892",
      "t" : 1756459783715,
      "tn" : 1756459783715918892,
      "q" : "64520000",
      "p" : "0.000001395",
      "s" : "buy",
      "i" : "BARA_USD",
      "m" : "4611686018428051647"
    }, {
      "d" : "1756459746460724732",
      "t" : 1756459746460,
      "tn" : 1756459746460724732,
      "q" : "2640000",
      "p" : "0.000001390",
      "s" : "buy",
      "i" : "BARA_USD",
      "m" : "4611686018428051646"
    }, {
      "d" : "1756459705291313740",
      "t" : 1756459705291,
      "tn" : 1756459705291313740,
      "q" : "1000000",
      "p" : "0.000001374",
      "s" : "sell",
      "i" : "BARA_USD",
      "m" : "4611686018428051645"
    }, {
      "d" : "1756459702204066189",
      "t" : 1756459702204,
      "tn" : 1756459702204066189,
      "q" : "4020000",
      "p" : "0.000001374",
      "s" : "sell",
      "i" : "BARA_USD",
      "m" : "4611686018428051644"
    }, {
      "d" : "1756459642542771131",
      "t" : 1756459642542,
      "tn" : 1756459642542771131,
      "q" : "19620000",
      "p" : "0.000001389",
      "s" : "buy",
      "i" : "BARA_USD",
      "m" : "4611686018428051643"
    }, {
      "d" : "1756459579542598138",
      "t" : 1756459579542,
      "tn" : 1756459579542598138,
      "q" : "2150000",
      "p" : "0.000001389",
      "s" : "buy",
      "i" : "BARA_USD",
      "m" : "4611686018428051642"
    }, {
      "d" : "1756459495426352415",
      "t" : 1756459495426,
      "tn" : 1756459495426352415,
      "q" : "1600000",
      "p" : "0.000001389",
      "s" : "buy",
      "i" : "BARA_USD",
      "m" : "4611686018428051641"
    }, {
      "d" : "1756459487649943928",
      "t" : 1756459487649,
      "tn" : 1756459487649943928,
      "q" : "2130000",
      "p" : "0.000001386",
      "s" : "buy",
      "i" : "BARA_USD",
      "m" : "4611686018428051640"
    }, {
      "d" : "1756459445626244891",
      "t" : 1756459445626,
      "tn" : 1756459445626244891,
      "q" : "2340000",
      "p" : "0.000001383",
      "s" : "buy",
      "i" : "BARA_USD",
      "m" : "4611686018428051639"
    }, {
      "d" : "1756459365912054889",
      "t" : 1756459365912,
      "tn" : 1756459365912054889,
      "q" : "6380000",
      "p" : "0.000001371",
      "s" : "sell",
      "i" : "BARA_USD",
      "m" : "4611686018428051638"
    }, {
      "d" : "1756459176414785532",
      "t" : 1756459176414,
      "tn" : 1756459176414785532,
      "q" : "10270000",
      "p" : "0.000001380",
      "s" : "buy",
      "i" : "BARA_USD",
      "m" : "4611686018428051637"
    }, {
      "d" : "1756459152236181454",
      "t" : 1756459152236,
      "tn" : 1756459152236181454,
      "q" : "17050000",
      "p" : "0.000001380",
      "s" : "buy",
      "i" : "BARA_USD",
      "m" : "4611686018428051636"
    }, {
      "d" : "1756459124173776189",
      "t" : 1756459124173,
      "tn" : 1756459124173776189,
      "q" : "1290000",
      "p" : "0.000001367",
      "s" : "sell",
      "i" : "BARA_USD",
      "m" : "4611686018428051635"
    }, {
      "d" : "1756459106123205352",
      "t" : 1756459106123,
      "tn" : 1756459106123205352,
      "q" : "22780000",
      "p" : "0.000001380",
      "s" : "buy",
      "i" : "BARA_USD",
      "m" : "4611686018428051634"
    }, {
      "d" : "1756459044951520144",
      "t" : 1756459044951,
      "tn" : 1756459044951520144,
      "q" : "2220000",
      "p" : "0.000001380",
      "s" : "buy",
      "i" : "BARA_USD",
      "m" : "4611686018428051633"
    }, {
      "d" : "1756458982060759832",
      "t" : 1756458982060,
      "tn" : 1756458982060759832,
      "q" : "7370000",
      "p" : "0.000001380",
      "s" : "buy",
      "i" : "BARA_USD",
      "m" : "4611686018428051632"
    }, {
      "d" : "1756458819491605015",
      "t" : 1756458819491,
      "tn" : 1756458819491605015,
      "q" : "13490000",
      "p" : "0.000001377",
      "s" : "buy",
      "i" : "BARA_USD",
      "m" : "4611686018428051631"
    }, {
      "d" : "1756458816266043501",
      "t" : 1756458816266,
      "tn" : 1756458816266043501,
      "q" : "10300000",
      "p" : "0.000001377",
      "s" : "buy",
      "i" : "BARA_USD",
      "m" : "4611686018428051630"
    }, {
      "d" : "1756458735086412934",
      "t" : 1756458735086,
      "tn" : 1756458735086412934,
      "q" : "2170000",
      "p" : "0.000001362",
      "s" : "sell",
      "i" : "BARA_USD",
      "m" : "4611686018428051629"
    }, {
      "d" : "1756458721595775715",
      "t" : 1756458721595,
      "tn" : 1756458721595775715,
      "q" : "5740000",
      "p" : "0.000001362",
      "s" : "sell",
      "i" : "BARA_USD",
      "m" : "4611686018428051628"
    }, {
      "d" : "1756458718338261530",
      "t" : 1756458718338,
      "tn" : 1756458718338261530,
      "q" : "53990000",
      "p" : "0.000001362",
      "s" : "sell",
      "i" : "BARA_USD",
      "m" : "4611686018428051627"
    }, {
      "d" : "1756458675459716768",
      "t" : 1756458675459,
      "tn" : 1756458675459716768,
      "q" : "6650000",
      "p" : "0.000001362",
      "s" : "sell",
      "i" : "BARA_USD",
      "m" : "4611686018428051626"
    }, {
      "d" : "1756458670120806823",
      "t" : 1756458670120,
      "tn" : 1756458670120806823,
      "q" : "68420000",
      "p" : "0.000001375",
      "s" : "buy",
      "i" : "BARA_USD",
      "m" : "4611686018428051625"
    }, {
      "d" : "1756458666851922434",
      "t" : 1756458666851,
      "tn" : 1756458666851922434,
      "q" : "20610000",
      "p" : "0.000001374",
      "s" : "buy",
      "i" : "BARA_USD",
      "m" : "4611686018428051624"
    }, {
      "d" : "1756458246434103991",
      "t" : 1756458246434,
      "tn" : 1756458246434103991,
      "q" : "1580000",
      "p" : "0.000001372",
      "s" : "buy",
      "i" : "BARA_USD",
      "m" : "4611686018428051623"
    }, {
      "d" : "1756458243247926709",
      "t" : 1756458243247,
      "tn" : 1756458243247926709,
      "q" : "8470000",
      "p" : "0.000001371",
      "s" : "buy",
      "i" : "BARA_USD",
      "m" : "4611686018428051622"
    }, {
      "d" : "1756458213142184460",
      "t" : 1756458213142,
      "tn" : 1756458213142184460,
      "q" : "3670000",
      "p" : "0.000001358",
      "s" : "sell",
      "i" : "BARA_USD",
      "m" : "4611686018428051621"
    }, {
      "d" : "1756458082713545143",
      "t" : 1756458082713,
      "tn" : 1756458082713545143,
      "q" : "6710000",
      "p" : "0.000001378",
      "s" : "buy",
      "i" : "BARA_USD",
      "m" : "4611686018428051620"
    }, {
      "d" : "1756458046835288533",
      "t" : 1756458046835,
      "tn" : 1756458046835288533,
      "q" : "3080000",
      "p" : "0.000001371",
      "s" : "sell",
      "i" : "BARA_USD",
      "m" : "4611686018428051619"
    }, {
      "d" : "1756457980441785220",
      "t" : 1756457980441,
      "tn" : 1756457980441785220,
      "q" : "3860000",
      "p" : "0.000001380",
      "s" : "buy",
      "i" : "BARA_USD",
      "m" : "4611686018428051618"
    }, {
      "d" : "1756457902333696382",
      "t" : 1756457902333,
      "tn" : 1756457902333696382,
      "q" : "27320000",
      "p" : "0.000001382",
      "s" : "sell",
      "i" : "BARA_USD",
      "m" : "4611686018428051617"
    }, {
      "d" : "1756457902333694645",
      "t" : 1756457902333,
      "tn" : 1756457902333694645,
      "q" : "81220000",
      "p" : "0.000001383",
      "s" : "sell",
      "i" : "BARA_USD",
      "m" : "4611686018428051616"
    }, {
      "d" : "1756457777601403706",
      "t" : 1756457777601,
      "tn" : 1756457777601403706,
      "q" : "5290000",
      "p" : "0.000001383",
      "s" : "sell",
      "i" : "BARA_USD",
      "m" : "4611686018428051615"
    }, {
      "d" : "1756457752380639547",
      "t" : 1756457752380,
      "tn" : 1756457752380639547,
      "q" : "2010000",
      "p" : "0.000001383",
      "s" : "sell",
      "i" : "BARA_USD",
      "m" : "4611686018428051614"
    }, {
      "d" : "1756457561236548604",
      "t" : 1756457561236,
      "tn" : 1756457561236548604,
      "q" : "1480000",
      "p" : "0.000001398",
      "s" : "buy",
      "i" : "BARA_USD",
      "m" : "4611686018428051613"
    }, {
      "d" : "1756457343796629525",
      "t" : 1756457343796,
      "tn" : 1756457343796629525,
      "q" : "10110000",
      "p" : "0.000001381",
      "s" : "sell",
      "i" : "BARA_USD",
      "m" : "4611686018428051612"
    }, {
      "d" : "1756457332951104204",
      "t" : 1756457332951,
      "tn" : 1756457332951104204,
      "q" : "770000",
      "p" : "0.000001381",
      "s" : "sell",
      "i" : "BARA_USD",
      "m" : "4611686018428051611"
    }, {
      "d" : "1756457274129255667",
      "t" : 1756457274129,
      "tn" : 1756457274129255667,
      "q" : "1220000",
      "p" : "0.000001394",
      "s" : "buy",
      "i" : "BARA_USD",
      "m" : "4611686018428051610"
    }, {
      "d" : "1756457198519817388",
      "t" : 1756457198519,
      "tn" : 1756457198519817388,
      "q" : "5050000",
      "p" : "0.000001393",
      "s" : "buy",
      "i" : "BARA_USD",
      "m" : "4611686018428051609"
    }, {
      "d" : "1756457163892525954",
      "t" : 1756457163892,
      "tn" : 1756457163892525954,
      "q" : "40010000",
      "p" : "0.000001379",
      "s" : "sell",
      "i" : "BARA_USD",
      "m" : "4611686018428051608"
    }, {
      "d" : "1756456923348403014",
      "t" : 1756456923348,
      "tn" : 1756456923348403014,
      "q" : "4570000",
      "p" : "0.000001381",
      "s" : "sell",
      "i" : "BARA_USD",
      "m" : "4611686018428051607"
    }, {
      "d" : "1756456848144595636",
      "t" : 1756456848144,
      "tn" : 1756456848144595636,
      "q" : "2600000",
      "p" : "0.000001395",
      "s" : "buy",
      "i" : "BARA_USD",
      "m" : "4611686018428051606"
    }, {
      "d" : "1756456695284155892",
      "t" : 1756456695284,
      "tn" : 1756456695284155892,
      "q" : "850000",
      "p" : "0.000001382",
      "s" : "sell",
      "i" : "BARA_USD",
      "m" : "4611686018428051605"
    }, {
      "d" : "1756456692049281087",
      "t" : 1756456692049,
      "tn" : 1756456692049281087,
      "q" : "5630000",
      "p" : "0.000001385",
      "s" : "sell",
      "i" : "BARA_USD",
      "m" : "4611686018428051604"
    }, {
      "d" : "1756456628989980801",
      "t" : 1756456628989,
      "tn" : 1756456628989980801,
      "q" : "1610000",
      "p" : "0.000001385",
      "s" : "sell",
      "i" : "BARA_USD",
      "m" : "4611686018428051603"
    }, {
      "d" : "1756456499522072852",
      "t" : 1756456499522,
      "tn" : 1756456499522072852,
      "q" : "8530000",
      "p" : "0.000001391",
      "s" : "buy",
      "i" : "BARA_USD",
      "m" : "4611686018428051602"
    }, {
      "d" : "1756456479823674175",
      "t" : 1756456479823,
      "tn" : 1756456479823674175,
      "q" : "2690000",
      "p" : "0.000001377",
      "s" : "sell",
      "i" : "BARA_USD",
      "m" : "4611686018428051601"
    }, {
      "d" : "1756456425167597945",
      "t" : 1756456425167,
      "tn" : 1756456425167597945,
      "q" : "1540000",
      "p" : "0.000001375",
      "s" : "sell",
      "i" : "BARA_USD",
      "m" : "4611686018428051600"
    }, {
      "d" : "1756456383852075078",
      "t" : 1756456383852,
      "tn" : 1756456383852075078,
      "q" : "1910000",
      "p" : "0.000001375",
      "s" : "sell",
      "i" : "BARA_USD",
      "m" : "4611686018428051599"
    }, {
      "d" : "1756456213856154388",
      "t" : 1756456213856,
      "tn" : 1756456213856154388,
      "q" : "22590000",
      "p" : "0.000001380",
      "s" : "sell",
      "i" : "BARA_USD",
      "m" : "4611686018428051598"
    }, {
      "d" : "1756455981696923758",
      "t" : 1756455981696,
      "tn" : 1756455981696923758,
      "q" : "9630000",
      "p" : "0.000001392",
      "s" : "buy",
      "i" : "BARA_USD",
      "m" : "4611686018428051597"
    }, {
      "d" : "1756455977137695351",
      "t" : 1756455977137,
      "tn" : 1756455977137695351,
      "q" : "8310000",
      "p" : "0.000001391",
      "s" : "buy",
      "i" : "BARA_USD",
      "m" : "4611686018428051596"
    }, {
      "d" : "1756455971387594124",
      "t" : 1756455971387,
      "tn" : 1756455971387594124,
      "q" : "8300000",
      "p" : "0.000001391",
      "s" : "buy",
      "i" : "BARA_USD",
      "m" : "4611686018428051595"
    }, {
      "d" : "1756455968117369543",
      "t" : 1756455968117,
      "tn" : 1756455968117369543,
      "q" : "15510000",
      "p" : "0.000001391",
      "s" : "buy",
      "i" : "BARA_USD",
      "m" : "4611686018428051594"
    }, {
      "d" : "1756455936019025906",
      "t" : 1756455936019,
      "tn" : 1756455936019025906,
      "q" : "1100000",
      "p" : "0.000001376",
      "s" : "sell",
      "i" : "BARA_USD",
      "m" : "4611686018428051593"
    }, {
      "d" : "1756455898278065779",
      "t" : 1756455898278,
      "tn" : 1756455898278065779,
      "q" : "4130000",
      "p" : "0.000001390",
      "s" : "buy",
      "i" : "BARA_USD",
      "m" : "4611686018428051592"
    }, {
      "d" : "1756455895095542845",
      "t" : 1756455895095,
      "tn" : 1756455895095542845,
      "q" : "31020000",
      "p" : "0.000001391",
      "s" : "buy",
      "i" : "BARA_USD",
      "m" : "4611686018428051591"
    }, {
      "d" : "1756455676931160163",
      "t" : 1756455676931,
      "tn" : 1756455676931160163,
      "q" : "6040000",
      "p" : "0.000001382",
      "s" : "sell",
      "i" : "BARA_USD",
      "m" : "4611686018428051590"
    }, {
      "d" : "1756455514750061690",
      "t" : 1756455514750,
      "tn" : 1756455514750061690,
      "q" : "5890000",
      "p" : "0.000001396",
      "s" : "buy",
      "i" : "BARA_USD",
      "m" : "4611686018428051589"
    }, {
      "d" : "1756455455116378517",
      "t" : 1756455455116,
      "tn" : 1756455455116378517,
      "q" : "4990000",
      "p" : "0.000001396",
      "s" : "buy",
      "i" : "BARA_USD",
      "m" : "4611686018428051588"
    }, {
      "d" : "1756455390443876689",
      "t" : 1756455390443,
      "tn" : 1756455390443876689,
      "q" : "17810000",
      "p" : "0.000001382",
      "s" : "sell",
      "i" : "BARA_USD",
      "m" : "4611686018428051587"
    }, {
      "d" : "1756455387175189487",
      "t" : 1756455387175,
      "tn" : 1756455387175189487,
      "q" : "1490000",
      "p" : "0.000001383",
      "s" : "sell",
      "i" : "BARA_USD",
      "m" : "4611686018428051586"
    }, {
      "d" : "1756455295483972591",
      "t" : 1756455295483,
      "tn" : 1756455295483972591,
      "q" : "1520000",
      "p" : "0.000001406",
      "s" : "buy",
      "i" : "BARA_USD",
      "m" : "4611686018428051585"
    }, {
      "d" : "1756455292330273282",
      "t" : 1756455292330,
      "tn" : 1756455292330273282,
      "q" : "7390000",
      "p" : "0.000001405",
      "s" : "buy",
      "i" : "BARA_USD",
      "m" : "4611686018428051584"
    }, {
      "d" : "1756455165150207061",
      "t" : 1756455165150,
      "tn" : 1756455165150207061,
      "q" : "13480000",
      "p" : "0.000001390",
      "s" : "sell",
      "i" : "BARA_USD",
      "m" : "4611686018428051583"
    }, {
      "d" : "1756455035081651645",
      "t" : 1756455035081,
      "tn" : 1756455035081651645,
      "q" : "4010000",
      "p" : "0.000001407",
      "s" : "buy",
      "i" : "BARA_USD",
      "m" : "4611686018428051582"
    }, {
      "d" : "1756455032261944545",
      "t" : 1756455032261,
      "tn" : 1756455032261944545,
      "q" : "11400000",
      "p" : "0.000001407",
      "s" : "buy",
      "i" : "BARA_USD",
      "m" : "4611686018428051581"
    }, {
      "d" : "1756455029108881852",
      "t" : 1756455029108,
      "tn" : 1756455029108881852,
      "q" : "22790000",
      "p" : "0.000001407",
      "s" : "buy",
      "i" : "BARA_USD",
      "m" : "4611686018428051580"
    }, {
      "d" : "1756454911809046939",
      "t" : 1756454911809,
      "tn" : 1756454911809046939,
      "q" : "4490000",
      "p" : "0.000001415",
      "s" : "buy",
      "i" : "BARA_USD",
      "m" : "4611686018428051579"
    }, {
      "d" : "1756454819899657491",
      "t" : 1756454819899,
      "tn" : 1756454819899657491,
      "q" : "2050000",
      "p" : "0.000001408",
      "s" : "sell",
      "i" : "BARA_USD",
      "m" : "4611686018428051578"
    }, {
      "d" : "1756454679384944902",
      "t" : 1756454679384,
      "tn" : 1756454679384944902,
      "q" : "2540000",
      "p" : "0.000001408",
      "s" : "sell",
      "i" : "BARA_USD",
      "m" : "4611686018428051577"
    }, {
      "d" : "1756454676086748259",
      "t" : 1756454676086,
      "tn" : 1756454676086748258,
      "q" : "8210000",
      "p" : "0.000001408",
      "s" : "sell",
      "i" : "BARA_USD",
      "m" : "4611686018428051576"
    }, {
      "d" : "1756454676086748258",
      "t" : 1756454676086,
      "tn" : 1756454676086748258,
      "q" : "7900000",
      "p" : "0.000001408",
      "s" : "sell",
      "i" : "BARA_USD",
      "m" : "4611686018428051576"
    }, {
      "d" : "1756454672898378867",
      "t" : 1756454672898,
      "tn" : 1756454672898378867,
      "q" : "15800000",
      "p" : "0.000001409",
      "s" : "sell",
      "i" : "BARA_USD",
      "m" : "4611686018428051575"
    }, {
      "d" : "1756454632938988188",
      "t" : 1756454632938,
      "tn" : 1756454632938988188,
      "q" : "21540000",
      "p" : "0.000001408",
      "s" : "sell",
      "i" : "BARA_USD",
      "m" : "4611686018428051574"
    }, {
      "d" : "1756454527263272716",
      "t" : 1756454527263,
      "tn" : 1756454527263272716,
      "q" : "6000000",
      "p" : "0.000001408",
      "s" : "sell",
      "i" : "BARA_USD",
      "m" : "4611686018428051573"
    }, {
      "d" : "1756454437417021984",
      "t" : 1756454437417,
      "tn" : 1756454437417021984,
      "q" : "17750000",
      "p" : "0.000001419",
      "s" : "buy",
      "i" : "BARA_USD",
      "m" : "4611686018428051572"
    }, {
      "d" : "1756454430986551743",
      "t" : 1756454430986,
      "tn" : 1756454430986551743,
      "q" : "27780000",
      "p" : "0.000001418",
      "s" : "buy",
      "i" : "BARA_USD",
      "m" : "4611686018428051571"
    }, {
      "d" : "1756454407254273200",
      "t" : 1756454407254,
      "tn" : 1756454407254273200,
      "q" : "2400000",
      "p" : "0.000001422",
      "s" : "buy",
      "i" : "BARA_USD",
      "m" : "4611686018428051570"
    }, {
      "d" : "1756454373129687569",
      "t" : 1756454373129,
      "tn" : 1756454373129687569,
      "q" : "1910000",
      "p" : "0.000001407",
      "s" : "sell",
      "i" : "BARA_USD",
      "m" : "4611686018428051569"
    }, {
      "d" : "1756454367340613758",
      "t" : 1756454367340,
      "tn" : 1756454367340613758,
      "q" : "8210000",
      "p" : "0.000001408",
      "s" : "sell",
      "i" : "BARA_USD",
      "m" : "4611686018428051568"
    }, {
      "d" : "1756454364049078166",
      "t" : 1756454364049,
      "tn" : 1756454364049078166,
      "q" : "30860000",
      "p" : "0.000001407",
      "s" : "sell",
      "i" : "BARA_USD",
      "m" : "4611686018428051567"
    }, {
      "d" : "1756454328814213944",
      "t" : 1756454328814,
      "tn" : 1756454328814213944,
      "q" : "26560000",
      "p" : "0.000001422",
      "s" : "buy",
      "i" : "BARA_USD",
      "m" : "4611686018428051566"
    }, {
      "d" : "1756454325708955706",
      "t" : 1756454325708,
      "tn" : 1756454325708955706,
      "q" : "8180000",
      "p" : "0.000001421",
      "s" : "buy",
      "i" : "BARA_USD",
      "m" : "4611686018428051565"
    }, {
      "d" : "1756454163092101771",
      "t" : 1756454163092,
      "tn" : 1756454163092101771,
      "q" : "3510000",
      "p" : "0.000001407",
      "s" : "sell",
      "i" : "BARA_USD",
      "m" : "4611686018428051564"
    }, {
      "d" : "1756454102151423386",
      "t" : 1756454102151,
      "tn" : 1756454102151423386,
      "q" : "3300000",
      "p" : "0.000001418",
      "s" : "buy",
      "i" : "BARA_USD",
      "m" : "4611686018428051563"
    }, {
      "d" : "1756453654302523836",
      "t" : 1756453654302,
      "tn" : 1756453654302523836,
      "q" : "8750000",
      "p" : "0.000001403",
      "s" : "sell",
      "i" : "BARA_USD",
      "m" : "4611686018428051562"
    }, {
      "d" : "1756453646699363769",
      "t" : 1756453646699,
      "tn" : 1756453646699363769,
      "q" : "2740000",
      "p" : "0.000001417",
      "s" : "buy",
      "i" : "BARA_USD",
      "m" : "4611686018428051561"
    }, {
      "d" : "1756453618109907420",
      "t" : 1756453618109,
      "tn" : 1756453618109907420,
      "q" : "5960000",
      "p" : "0.000001405",
      "s" : "sell",
      "i" : "BARA_USD",
      "m" : "4611686018428051560"
    }, {
      "d" : "1756453518829245832",
      "t" : 1756453518829,
      "tn" : 1756453518829245832,
      "q" : "63880000",
      "p" : "0.000001409",
      "s" : "buy",
      "i" : "BARA_USD",
      "m" : "4611686018428051559"
    }, {
      "d" : "1756453502911250243",
      "t" : 1756453502911,
      "tn" : 1756453502911250243,
      "q" : "15400000",
      "p" : "0.000001408",
      "s" : "buy",
      "i" : "BARA_USD",
      "m" : "4611686018428051558"
    }, {
      "d" : "1756453502907000587",
      "t" : 1756453502907,
      "tn" : 1756453502907000587,
      "q" : "37990000",
      "p" : "0.000001408",
      "s" : "buy",
      "i" : "BARA_USD",
      "m" : "4611686018428051557"
    }, {
      "d" : "1756453502906998916",
      "t" : 1756453502906,
      "tn" : 1756453502906998916,
      "q" : "4620000",
      "p" : "0.000001405",
      "s" : "buy",
      "i" : "BARA_USD",
      "m" : "4611686018428051556"
    }, {
      "d" : "1756453492911114449",
      "t" : 1756453492911,
      "tn" : 1756453492911114449,
      "q" : "850000",
      "p" : "0.000001405",
      "s" : "buy",
      "i" : "BARA_USD",
      "m" : "4611686018428051555"
    }, {
      "d" : "1756453450996505256",
      "t" : 1756453450996,
      "tn" : 1756453450996505256,
      "q" : "850000",
      "p" : "0.000001398",
      "s" : "sell",
      "i" : "BARA_USD",
      "m" : "4611686018428051554"
    }, {
      "d" : "1756453391618480036",
      "t" : 1756453391618,
      "tn" : 1756453391618480036,
      "q" : "4680000",
      "p" : "0.000001397",
      "s" : "sell",
      "i" : "BARA_USD",
      "m" : "4611686018428051553"
    }, {
      "d" : "1756453351708045457",
      "t" : 1756453351708,
      "tn" : 1756453351708045457,
      "q" : "6370000",
      "p" : "0.000001405",
      "s" : "buy",
      "i" : "BARA_USD",
      "m" : "4611686018428051552"
    }, {
      "d" : "1756453279504897152",
      "t" : 1756453279504,
      "tn" : 1756453279504897152,
      "q" : "64150000",
      "p" : "0.000001403",
      "s" : "buy",
      "i" : "BARA_USD",
      "m" : "4611686018428051551"
    }, {
      "d" : "1756453206770977850",
      "t" : 1756453206770,
      "tn" : 1756453206770977850,
      "q" : "3070000",
      "p" : "0.000001390",
      "s" : "sell",
      "i" : "BARA_USD",
      "m" : "4611686018428051550"
    }, {
      "d" : "1756453180238439795",
      "t" : 1756453180238,
      "tn" : 1756453180238439795,
      "q" : "21120000",
      "p" : "0.000001389",
      "s" : "sell",
      "i" : "BARA_USD",
      "m" : "4611686018428051549"
    }, {
      "d" : "1756453176971984912",
      "t" : 1756453176971,
      "tn" : 1756453176971984912,
      "q" : "431650000",
      "p" : "0.000001390",
      "s" : "buy",
      "i" : "BARA_USD",
      "m" : "4611686018428051548"
    }, {
      "d" : "1756453176967172386",
      "t" : 1756453176967,
      "tn" : 1756453176967172386,
      "q" : "8320000",
      "p" : "0.000001390",
      "s" : "sell",
      "i" : "BARA_USD",
      "m" : "4611686018428051547"
    }, {
      "d" : "1756453060248329273",
      "t" : 1756453060248,
      "tn" : 1756453060248329273,
      "q" : "49660000",
      "p" : "0.000001390",
      "s" : "sell",
      "i" : "BARA_USD",
      "m" : "4611686018428051546"
    }, {
      "d" : "1756452750816591556",
      "t" : 1756452750816,
      "tn" : 1756452750816591556,
      "q" : "64330000",
      "p" : "0.000001399",
      "s" : "buy",
      "i" : "BARA_USD",
      "m" : "4611686018428051545"
    }, {
      "d" : "1756452544093573284",
      "t" : 1756452544093,
      "tn" : 1756452544093573284,
      "q" : "6080000",
      "p" : "0.000001397",
      "s" : "buy",
      "i" : "BARA_USD",
      "m" : "4611686018428051544"
    }, {
      "d" : "1756452508053997572",
      "t" : 1756452508053,
      "tn" : 1756452508053997572,
      "q" : "19880000",
      "p" : "0.000001385",
      "s" : "sell",
      "i" : "BARA_USD",
      "m" : "4611686018428051543"
    }, {
      "d" : "1756452495633983529",
      "t" : 1756452495633,
      "tn" : 1756452495633983529,
      "q" : "30060000",
      "p" : "0.000001384",
      "s" : "sell",
      "i" : "BARA_USD",
      "m" : "4611686018428051542"
    }, {
      "d" : "1756452360680917835",
      "t" : 1756452360680,
      "tn" : 1756452360680917835,
      "q" : "2410000",
      "p" : "0.000001383",
      "s" : "buy",
      "i" : "BARA_USD",
      "m" : "4611686018428051541"
    }, {
      "d" : "1756452360680021758",
      "t" : 1756452360680,
      "tn" : 1756452360680021758,
      "q" : "28920000",
      "p" : "0.000001383",
      "s" : "buy",
      "i" : "BARA_USD",
      "m" : "4611686018428051540"
    }, {
      "d" : "1756452360667007481",
      "t" : 1756452360667,
      "tn" : 1756452360667007481,
      "q" : "8000000",
      "p" : "0.000001383",
      "s" : "sell",
      "i" : "BARA_USD",
      "m" : "4611686018428051539"
    }, {
      "d" : "1756452349855267750",
      "t" : 1756452349855,
      "tn" : 1756452349855267750,
      "q" : "9350000",
      "p" : "0.000001381",
      "s" : "sell",
      "i" : "BARA_USD",
      "m" : "4611686018428051538"
    }, {
      "d" : "1756452346736694901",
      "t" : 1756452346736,
      "tn" : 1756452346736694901,
      "q" : "8600000",
      "p" : "0.000001383",
      "s" : "sell",
      "i" : "BARA_USD",
      "m" : "4611686018428051537"
    }, {
      "d" : "1756452278659979273",
      "t" : 1756452278659,
      "tn" : 1756452278659979273,
      "q" : "8600000",
      "p" : "0.000001397",
      "s" : "buy",
      "i" : "BARA_USD",
      "m" : "4611686018428051536"
    }, {
      "d" : "1756452106229636730",
      "t" : 1756452106229,
      "tn" : 1756452106229636730,
      "q" : "7920000",
      "p" : "0.000001405",
      "s" : "buy",
      "i" : "BARA_USD",
      "m" : "4611686018428051535"
    }, {
      "d" : "1756451971877309712",
      "t" : 1756451971877,
      "tn" : 1756451971877309712,
      "q" : "1260000",
      "p" : "0.000001393",
      "s" : "sell",
      "i" : "BARA_USD",
      "m" : "4611686018428051534"
    }, {
      "d" : "1756451840563329705",
      "t" : 1756451840563,
      "tn" : 1756451840563329705,
      "q" : "13280000",
      "p" : "0.000001391",
      "s" : "buy",
      "i" : "BARA_USD",
      "m" : "4611686018428051533"
    }, {
      "d" : "1756451839647864508",
      "t" : 1756451839647,
      "tn" : 1756451839647864508,
      "q" : "28760000",
      "p" : "0.000001391",
      "s" : "buy",
      "i" : "BARA_USD",
      "m" : "4611686018428051532"
    }, {
      "d" : "1756451839643118435",
      "t" : 1756451839643,
      "tn" : 1756451839643118435,
      "q" : "7960000",
      "p" : "0.000001391",
      "s" : "sell",
      "i" : "BARA_USD",
      "m" : "4611686018428051531"
    }, {
      "d" : "1756451825657113124",
      "t" : 1756451825657,
      "tn" : 1756451825657113124,
      "q" : "2850000",
      "p" : "0.000001392",
      "s" : "sell",
      "i" : "BARA_USD",
      "m" : "4611686018428051530"
    }, {
      "d" : "1756451825657111401",
      "t" : 1756451825657,
      "tn" : 1756451825657111401,
      "q" : "11260000",
      "p" : "0.000001395",
      "s" : "sell",
      "i" : "BARA_USD",
      "m" : "4611686018428051529"
    }, {
      "d" : "1756451821798298403",
      "t" : 1756451821798,
      "tn" : 1756451821798298403,
      "q" : "14360000",
      "p" : "0.000001393",
      "s" : "buy",
      "i" : "BARA_USD",
      "m" : "4611686018428051528"
    }, {
      "d" : "1756451821793071645",
      "t" : 1756451821793,
      "tn" : 1756451821793071645,
      "q" : "11250000",
      "p" : "0.000001393",
      "s" : "sell",
      "i" : "BARA_USD",
      "m" : "4611686018428051527"
    }, {
      "d" : "1756451816678307702",
      "t" : 1756451816678,
      "tn" : 1756451816678307702,
      "q" : "6000000",
      "p" : "0.000001397",
      "s" : "sell",
      "i" : "BARA_USD",
      "m" : "4611686018428051526"
    }, {
      "d" : "1756451811015691317",
      "t" : 1756451811015,
      "tn" : 1756451811015691317,
      "q" : "1860000",
      "p" : "0.000001397",
      "s" : "sell",
      "i" : "BARA_USD",
      "m" : "4611686018428051525"
    }, {
      "d" : "1756451775525757804",
      "t" : 1756451775525,
      "tn" : 1756451775525757804,
      "q" : "3180000",
      "p" : "0.000001397",
      "s" : "sell",
      "i" : "BARA_USD",
      "m" : "4611686018428051524"
    }, {
      "d" : "1756451524535358021",
      "t" : 1756451524535,
      "tn" : 1756451524535358021,
      "q" : "4040000",
      "p" : "0.000001417",
      "s" : "buy",
      "i" : "BARA_USD",
      "m" : "4611686018428051523"
    }, {
      "d" : "1756451503811332956",
      "t" : 1756451503811,
      "tn" : 1756451503811332956,
      "q" : "1050000",
      "p" : "0.000001407",
      "s" : "sell",
      "i" : "BARA_USD",
      "m" : "4611686018428051522"
    }, {
      "d" : "1756451374539041268",
      "t" : 1756451374539,
      "tn" : 1756451374539041268,
      "q" : "1330000",
      "p" : "0.000001417",
      "s" : "buy",
      "i" : "BARA_USD",
      "m" : "4611686018428051521"
    }, {
      "d" : "1756451360893155353",
      "t" : 1756451360893,
      "tn" : 1756451360893155353,
      "q" : "1860000",
      "p" : "0.000001417",
      "s" : "buy",
      "i" : "BARA_USD",
      "m" : "4611686018428051520"
    }, {
      "d" : "1756451295763776295",
      "t" : 1756451295763,
      "tn" : 1756451295763776295,
      "q" : "18190000",
      "p" : "0.000001416",
      "s" : "buy",
      "i" : "BARA_USD",
      "m" : "4611686018428051519"
    }, {
      "d" : "1756451292520665949",
      "t" : 1756451292520,
      "tn" : 1756451292520665949,
      "q" : "7400000",
      "p" : "0.000001416",
      "s" : "buy",
      "i" : "BARA_USD",
      "m" : "4611686018428051518"
    }, {
      "d" : "1756451289230611869",
      "t" : 1756451289230,
      "tn" : 1756451289230611869,
      "q" : "7860000",
      "p" : "0.000001416",
      "s" : "buy",
      "i" : "BARA_USD",
      "m" : "4611686018428051517"
    }, {
      "d" : "1756451281197468035",
      "t" : 1756451281197,
      "tn" : 1756451281197468035,
      "q" : "81610000",
      "p" : "0.000001408",
      "s" : "sell",
      "i" : "BARA_USD",
      "m" : "4611686018428051516"
    }, {
      "d" : "1756451281197466020",
      "t" : 1756451281197,
      "tn" : 1756451281197466020,
      "q" : "8020000",
      "p" : "0.000001409",
      "s" : "sell",
      "i" : "BARA_USD",
      "m" : "4611686018428051515"
    }, {
      "d" : "1756451277990159127",
      "t" : 1756451277990,
      "tn" : 1756451277990159127,
      "q" : "8010000",
      "p" : "0.000001409",
      "s" : "sell",
      "i" : "BARA_USD",
      "m" : "4611686018428051514"
    }, {
      "d" : "1756451271970316353",
      "t" : 1756451271970,
      "tn" : 1756451271970316353,
      "q" : "16030000",
      "p" : "0.000001409",
      "s" : "sell",
      "i" : "BARA_USD",
      "m" : "4611686018428051513"
    }, {
      "d" : "1756451252715543696",
      "t" : 1756451252715,
      "tn" : 1756451252715543696,
      "q" : "72700000",
      "p" : "0.000001419",
      "s" : "sell",
      "i" : "BARA_USD",
      "m" : "4611686018428051512"
    }, {
      "d" : "1756451248786125541",
      "t" : 1756451248786,
      "tn" : 1756451248786125541,
      "q" : "32060000",
      "p" : "0.000001420",
      "s" : "sell",
      "i" : "BARA_USD",
      "m" : "4611686018428051511"
    }, {
      "d" : "1756451245574619552",
      "t" : 1756451245574,
      "tn" : 1756451245574619552,
      "q" : "31940000",
      "p" : "0.000001420",
      "s" : "sell",
      "i" : "BARA_USD",
      "m" : "4611686018428051510"
    }, {
      "d" : "1756451202177436682",
      "t" : 1756451202177,
      "tn" : 1756451202177436682,
      "q" : "10720000",
      "p" : "0.000001434",
      "s" : "buy",
      "i" : "BARA_USD",
      "m" : "4611686018428051509"
    }, {
      "d" : "1756451197539222936",
      "t" : 1756451197539,
      "tn" : 1756451197539222936,
      "q" : "21450000",
      "p" : "0.000001435",
      "s" : "buy",
      "i" : "BARA_USD",
      "m" : "4611686018428051508"
    }, {
      "d" : "1756451170613446804",
      "t" : 1756451170613,
      "tn" : 1756451170613446804,
      "q" : "14030000",
      "p" : "0.000001426",
      "s" : "buy",
      "i" : "BARA_USD",
      "m" : "4611686018428051507"
    } ]
  }
}