{
  "id" : -1,
  "method" : "public/get-trades",
  "code" : 0,
  "result" : {
    "data" : [ {
      "d" : "1756456808879080432",
      "t" : 1756456808879,
      "tn" : 1756456808879080432,
      "q" : "750",
      "p" : "0.14980",
      "s" : "buy",
      "i" : "BAT_USDT",
      "m" : "4611686018430766796"
    }, {
      "d" : "1756456709312922919",
      "t" : 1756456709312,
      "tn" : 1756456709312922919,
      "q" : "750",
      "p" : "0.14973",
      "s" : "buy",
      "i" : "BAT_USDT",
      "m" : "4611686018430766795"
    }, {
      "d" : "1756454702282759959",
      "t" : 1756454702282,
      "tn" : 1756454702282759959,
      "q" : "3370",
      "p" : "0.15489",
      "s" : "sell",
      "i" : "BAT_USDT",
      "m" : "4611686018430766794"
    }, {
      "d" : "1756454702282757461",
      "t" : 1756454702282,
      "tn" : 1756454702282757461,
      "q" : "2888",
      "p" : "0.15496",
      "s" : "sell",
      "i" : "BAT_USDT",
      "m" : "4611686018430766793"
    }, {
      "d" : "1756454702282577718",
      "t" : 1756454702282,
      "tn" : 1756454702282577718,
      "q" : "741",
      "p" : "0.15496",
      "s" : "sell",
      "i" : "BAT_USDT",
      "m" : "4611686018430766792"
    }, {
      "d" : "1756454701810364640",
      "t" : 1756454701810,
      "tn" : 1756454701810364640,
      "q" : "645",
      "p" : "0.15497",
      "s" : "sell",
      "i" : "BAT_USDT",
      "m" : "4611686018430766791"
    }, {
      "d" : "1756454596718254226",
      "t" : 1756454596718,
      "tn" : 1756454596718254226,
      "q" : "3199",
      "p" : "0.15598",
      "s" : "sell",
      "i" : "BAT_USDT",
      "m" : "4611686018430766790"
    }, {
      "d" : "1756454585074332538",
      "t" : 1756454585074,
      "tn" : 1756454585074332538,
      "q" : "3306",
      "p" : "0.15639",
      "s" : "sell",
      "i" : "BAT_USDT",
      "m" : "4611686018430766789"
    }, {
      "d" : "1756454562634668901",
      "t" : 1756454562634,
      "tn" : 1756454562634668901,
      "q" : "369",
      "p" : "0.15702",
      "s" : "sell",
      "i" : "BAT_USDT",
      "m" : "4611686018430766788"
    }, {
      "d" : "1756454562562016925",
      "t" : 1756454562562,
      "tn" : 1756454562562016925,
      "q" : "7",
      "p" : "0.15702",
      "s" : "sell",
      "i" : "BAT_USDT",
      "m" : "4611686018430766787"
    }, {
      "d" : "1756454219090184818",
      "t" : 1756454219090,
      "tn" : 1756454219090184818,
      "q" : "2618",
      "p" : "0.16033",
      "s" : "buy",
      "i" : "BAT_USDT",
      "m" : "4611686018430766786"
    }, {
      "d" : "1756454219090181914",
      "t" : 1756454219090,
      "tn" : 1756454219090181914,
      "q" : "779",
      "p" : "0.16032",
      "s" : "buy",
      "i" : "BAT_USDT",
      "m" : "4611686018430766785"
    }, {
      "d" : "1756454077513872947",
      "t" : 1756454077513,
      "tn" : 1756454077513872947,
      "q" : "7",
      "p" : "0.16055",
      "s" : "buy",
      "i" : "BAT_USDT",
      "m" : "4611686018430766784"
    }, {
      "d" : "1756453800200371190",
      "t" : 1756453800200,
      "tn" : 1756453800200371190,
      "q" : "368",
      "p" : "0.16069",
      "s" : "buy",
      "i" : "BAT_USDT",
      "m" : "4611686018430766783"
    }, {
      "d" : "1756453356895175940",
      "t" : 1756453356895,
      "tn" : 1756453356895175940,
      "q" : "625",
      "p" : "0.15976",
      "s" : "sell",
      "i" : "BAT_USDT",
      "m" : "4611686018430766782"
    }, {
      "d" : "1756453355967375225",
      "t" : 1756453355967,
      "tn" : 1756453355967375225,
      "q" : "3276",
      "p" : "0.15997",
      "s" : "sell",
      "i" : "BAT_USDT",
      "m" : "4611686018430766781"
    }, {
      "d" : "1756453355937373703",
      "t" : 1756453355937,
      "tn" : 1756453355937373703,
      "q" : "368",
      "p" : "0.16007",
      "s" : "sell",
      "i" : "BAT_USDT",
      "m" : "4611686018430766780"
    }, {
      "d" : "1756453355937369079",
      "t" : 1756453355937,
      "tn" : 1756453355937369079,
      "q" : "557",
      "p" : "0.16008",
      "s" : "sell",
      "i" : "BAT_USDT",
      "m" : "4611686018430766779"
    }, {
      "d" : "1756453289810787706",
      "t" : 1756453289810,
      "tn" : 1756453289810787706,
      "q" : "366",
      "p" : "0.16090",
      "s" : "sell",
      "i" : "BAT_USDT",
      "m" : "4611686018430766778"
    }, {
      "d" : "1756453080697121193",
      "t" : 1756453080697,
      "tn" : 1756453080697121193,
      "q" : "891",
      "p" : "0.16150",
      "s" : "buy",
      "i" : "BAT_USDT",
      "m" : "4611686018430766777"
    }, {
      "d" : "1756452357238692685",
      "t" : 1756452357238,
      "tn" : 1756452357238692685,
      "q" : "1356",
      "p" : "0.15731",
      "s" : "buy",
      "i" : "BAT_USDT",
      "m" : "4611686018430766776"
    }, {
      "d" : "1756452357238687537",
      "t" : 1756452357238,
      "tn" : 1756452357238687537,
      "q" : "1088",
      "p" : "0.15730",
      "s" : "buy",
      "i" : "BAT_USDT",
      "m" : "4611686018430766775"
    }, {
      "d" : "1756452357238684363",
      "t" : 1756452357238,
      "tn" : 1756452357238684363,
      "q" : "794",
      "p" : "0.15729",
      "s" : "buy",
      "i" : "BAT_USDT",
      "m" : "4611686018430766774"
    }, {
      "d" : "1756452353753149097",
      "t" : 1756452353753,
      "tn" : 1756452353753149097,
      "q" : "3315",
      "p" : "0.15458",
      "s" : "buy",
      "i" : "BAT_USDT",
      "m" : "4611686018430766773"
    }, {
      "d" : "1756452353753146868",
      "t" : 1756452353753,
      "tn" : 1756452353753146868,
      "q" : "2037",
      "p" : "0.15456",
      "s" : "buy",
      "i" : "BAT_USDT",
      "m" : "4611686018430766772"
    }, {
      "d" : "1756452353749154842",
      "t" : 1756452353749,
      "tn" : 1756452353749154842,
      "q" : "807",
      "p" : "0.15447",
      "s" : "buy",
      "i" : "BAT_USDT",
      "m" : "4611686018430766771"
    }, {
      "d" : "1756451245735628528",
      "t" : 1756451245735,
      "tn" : 1756451245735628528,
      "q" : "417",
      "p" : "0.15472",
      "s" : "sell",
      "i" : "BAT_USDT",
      "m" : "4611686018430766770"
    }, {
      "d" : "1756445374181251895",
      "t" : 1756445374181,
      "tn" : 1756445374181251895,
      "q" : "1500",
      "p" : "0.15711",
      "s" : "buy",
      "i" : "BAT_USDT",
      "m" : "4611686018430766769"
    }, {
      "d" : "1756440655188115120",
      "t" : 1756440655188,
      "tn" : 1756440655188115120,
      "q" : "651",
      "p" : "0.15720",
      "s" : "sell",
      "i" : "BAT_USDT",
      "m" : "4611686018430766768"
    }, {
      "d" : "1756440655183440040",
      "t" : 1756440655183,
      "tn" : 1756440655183440040,
      "q" : "849",
      "p" : "0.15720",
      "s" : "sell",
      "i" : "BAT_USDT",
      "m" : "4611686018430766767"
    }, {
      "d" : "1756440655183437625",
      "t" : 1756440655183,
      "tn" : 1756440655183437625,
      "q" : "636",
      "p" : "0.15721",
      "s" : "sell",
      "i" : "BAT_USDT",
      "m" : "4611686018430766766"
    }, {
      "d" : "1756430695950335610",
      "t" : 1756430695950,
      "tn" : 1756430695950335610,
      "q" : "12",
      "p" : "0.15603",
      "s" : "buy",
      "i" : "BAT_USDT",
      "m" : "4611686018430766765"
    }, {
      "d" : "1756428060323781875",
      "t" : 1756428060323,
      "tn" : 1756428060323781875,
      "q" : "876",
      "p" : "0.15810",
      "s" : "sell",
      "i" : "BAT_USDT",
      "m" : "4611686018430766764"
    }, {
      "d" : "1756425902777229621",
      "t" : 1756425902777,
      "tn" : 1756425902777229621,
      "q" : "7",
      "p" : "0.15939",
      "s" : "sell",
      "i" : "BAT_USDT",
      "m" : "4611686018430766763"
    }, {
      "d" : "1756425611647133236",
      "t" : 1756425611647,
      "tn" : 1756425611647133236,
      "q" : "1600",
      "p" : "0.15982",
      "s" : "buy",
      "i" : "BAT_USDT",
      "m" : "4611686018430766762"
    }, {
      "d" : "1756419257804663351",
      "t" : 1756419257804,
      "tn" : 1756419257804663351,
      "q" : "891",
      "p" : "0.15760",
      "s" : "buy",
      "i" : "BAT_USDT",
      "m" : "4611686018430766761"
    }, {
      "d" : "1756416034582250933",
      "t" : 1756416034582,
      "tn" : 1756416034582250933,
      "q" : "215",
      "p" : "0.15578",
      "s" : "buy",
      "i" : "BAT_USDT",
      "m" : "4611686018430766760"
    }, {
      "d" : "1756413534679535078",
      "t" : 1756413534679,
      "tn" : 1756413534679535078,
      "q" : "243",
      "p" : "0.15497",
      "s" : "sell",
      "i" : "BAT_USDT",
      "m" : "4611686018430766759"
    }, {
      "d" : "1756407650283072624",
      "t" : 1756407650283,
      "tn" : 1756407650283072624,
      "q" : "77",
      "p" : "0.15621",
      "s" : "sell",
      "i" : "BAT_USDT",
      "m" : "4611686018430766758"
    }, {
      "d" : "1756404118115519977",
      "t" : 1756404118115,
      "tn" : 1756404118115519977,
      "q" : "559",
      "p" : "0.15546",
      "s" : "sell",
      "i" : "BAT_USDT",
      "m" : "4611686018430766757"
    }, {
      "d" : "1756400293490534302",
      "t" : 1756400293490,
      "tn" : 1756400293490534302,
      "q" : "780",
      "p" : "0.15684",
      "s" : "sell",
      "i" : "BAT_USDT",
      "m" : "4611686018430766756"
    }, {
      "d" : "1756400150718921186",
      "t" : 1756400150718,
      "tn" : 1756400150718921186,
      "q" : "737",
      "p" : "0.15722",
      "s" : "sell",
      "i" : "BAT_USDT",
      "m" : "4611686018430766755"
    }, {
      "d" : "1756400141013016142",
      "t" : 1756400141013,
      "tn" : 1756400141013016142,
      "q" : "800",
      "p" : "0.15725",
      "s" : "sell",
      "i" : "BAT_USDT",
      "m" : "4611686018430766754"
    }, {
      "d" : "1756400135735336061",
      "t" : 1756400135735,
      "tn" : 1756400135735336061,
      "q" : "800",
      "p" : "0.15725",
      "s" : "sell",
      "i" : "BAT_USDT",
      "m" : "4611686018430766753"
    }, {
      "d" : "1756400114815807734",
      "t" : 1756400114815,
      "tn" : 1756400114815807734,
      "q" : "800",
      "p" : "0.15722",
      "s" : "sell",
      "i" : "BAT_USDT",
      "m" : "4611686018430766752"
    }, {
      "d" : "1756400111880854871",
      "t" : 1756400111880,
      "tn" : 1756400111880854871,
      "q" : "800",
      "p" : "0.15723",
      "s" : "sell",
      "i" : "BAT_USDT",
      "m" : "4611686018430766751"
    }, {
      "d" : "1756399619430174207",
      "t" : 1756399619430,
      "tn" : 1756399619430174207,
      "q" : "39",
      "p" : "0.15760",
      "s" : "sell",
      "i" : "BAT_USDT",
      "m" : "4611686018430766750"
    }, {
      "d" : "1756399619429978880",
      "t" : 1756399619429,
      "tn" : 1756399619429978880,
      "q" : "1118",
      "p" : "0.15760",
      "s" : "sell",
      "i" : "BAT_USDT",
      "m" : "4611686018430766749"
    }, {
      "d" : "1756399619422819284",
      "t" : 1756399619422,
      "tn" : 1756399619422819284,
      "q" : "876",
      "p" : "0.15760",
      "s" : "buy",
      "i" : "BAT_USDT",
      "m" : "4611686018430766748"
    }, {
      "d" : "1756399619421560908",
      "t" : 1756399619421,
      "tn" : 1756399619421560908,
      "q" : "724",
      "p" : "0.15760",
      "s" : "buy",
      "i" : "BAT_USDT",
      "m" : "4611686018430766747"
    }, {
      "d" : "1756399619421559029",
      "t" : 1756399619421,
      "tn" : 1756399619421559029,
      "q" : "730",
      "p" : "0.15759",
      "s" : "buy",
      "i" : "BAT_USDT",
      "m" : "4611686018430766746"
    }, {
      "d" : "1756399604261800510",
      "t" : 1756399604261,
      "tn" : 1756399604261800510,
      "q" : "1600",
      "p" : "0.15740",
      "s" : "sell",
      "i" : "BAT_USDT",
      "m" : "4611686018430766745"
    }, {
      "d" : "1756399570986717149",
      "t" : 1756399570986,
      "tn" : 1756399570986717149,
      "q" : "3973",
      "p" : "0.15769",
      "s" : "sell",
      "i" : "BAT_USDT",
      "m" : "4611686018430766744"
    }, {
      "d" : "1756399517991394474",
      "t" : 1756399517991,
      "tn" : 1756399517991394474,
      "q" : "514",
      "p" : "0.15770",
      "s" : "sell",
      "i" : "BAT_USDT",
      "m" : "4611686018430766743"
    }, {
      "d" : "1756398988219020088",
      "t" : 1756398988219,
      "tn" : 1756398988219020088,
      "q" : "800",
      "p" : "0.15812",
      "s" : "sell",
      "i" : "BAT_USDT",
      "m" : "4611686018430766742"
    }, {
      "d" : "1756398988219017198",
      "t" : 1756398988219,
      "tn" : 1756398988219017197,
      "q" : "3628",
      "p" : "0.15813",
      "s" : "sell",
      "i" : "BAT_USDT",
      "m" : "4611686018430766741"
    }, {
      "d" : "1756398988219017197",
      "t" : 1756398988219,
      "tn" : 1756398988219017197,
      "q" : "438",
      "p" : "0.15813",
      "s" : "sell",
      "i" : "BAT_USDT",
      "m" : "4611686018430766741"
    }, {
      "d" : "1756398804643967344",
      "t" : 1756398804643,
      "tn" : 1756398804643967344,
      "q" : "177",
      "p" : "0.15888",
      "s" : "sell",
      "i" : "BAT_USDT",
      "m" : "4611686018430766740"
    }, {
      "d" : "1756397253684975104",
      "t" : 1756397253684,
      "tn" : 1756397253684975104,
      "q" : "1013",
      "p" : "0.15999",
      "s" : "sell",
      "i" : "BAT_USDT",
      "m" : "4611686018430766739"
    }, {
      "d" : "1756397253675261987",
      "t" : 1756397253675,
      "tn" : 1756397253675261987,
      "q" : "129",
      "p" : "0.15999",
      "s" : "sell",
      "i" : "BAT_USDT",
      "m" : "4611686018430766738"
    }, {
      "d" : "1756397012139986030",
      "t" : 1756397012139,
      "tn" : 1756397012139986030,
      "q" : "623",
      "p" : "0.16026",
      "s" : "sell",
      "i" : "BAT_USDT",
      "m" : "4611686018430766737"
    }, {
      "d" : "1756395765138442425",
      "t" : 1756395765138,
      "tn" : 1756395765138442425,
      "q" : "602",
      "p" : "0.16085",
      "s" : "sell",
      "i" : "BAT_USDT",
      "m" : "4611686018430766736"
    }, {
      "d" : "1756395738857065886",
      "t" : 1756395738857,
      "tn" : 1756395738857065886,
      "q" : "800",
      "p" : "0.16081",
      "s" : "buy",
      "i" : "BAT_USDT",
      "m" : "4611686018430766735"
    }, {
      "d" : "1756395738539140401",
      "t" : 1756395738539,
      "tn" : 1756395738539140401,
      "q" : "1039",
      "p" : "0.16074",
      "s" : "buy",
      "i" : "BAT_USDT",
      "m" : "4611686018430766734"
    }, {
      "d" : "1756395465964863183",
      "t" : 1756395465964,
      "tn" : 1756395465964863183,
      "q" : "800",
      "p" : "0.16071",
      "s" : "buy",
      "i" : "BAT_USDT",
      "m" : "4611686018430766733"
    }, {
      "d" : "1756395457573233033",
      "t" : 1756395457573,
      "tn" : 1756395457573233033,
      "q" : "800",
      "p" : "0.16065",
      "s" : "buy",
      "i" : "BAT_USDT",
      "m" : "4611686018430766732"
    }, {
      "d" : "1756395450528069846",
      "t" : 1756395450528,
      "tn" : 1756395450528069846,
      "q" : "800",
      "p" : "0.16095",
      "s" : "buy",
      "i" : "BAT_USDT",
      "m" : "4611686018430766731"
    }, {
      "d" : "1756395443439218934",
      "t" : 1756395443439,
      "tn" : 1756395443439218934,
      "q" : "800",
      "p" : "0.16095",
      "s" : "buy",
      "i" : "BAT_USDT",
      "m" : "4611686018430766730"
    }, {
      "d" : "1756395440882040689",
      "t" : 1756395440882,
      "tn" : 1756395440882040689,
      "q" : "800",
      "p" : "0.16101",
      "s" : "buy",
      "i" : "BAT_USDT",
      "m" : "4611686018430766729"
    }, {
      "d" : "1756395430488797451",
      "t" : 1756395430488,
      "tn" : 1756395430488797451,
      "q" : "1820",
      "p" : "0.16054",
      "s" : "buy",
      "i" : "BAT_USDT",
      "m" : "4611686018430766728"
    }, {
      "d" : "1756395365317411144",
      "t" : 1756395365317,
      "tn" : 1756395365317411144,
      "q" : "800",
      "p" : "0.16039",
      "s" : "buy",
      "i" : "BAT_USDT",
      "m" : "4611686018430766727"
    }, {
      "d" : "1756395330974406077",
      "t" : 1756395330974,
      "tn" : 1756395330974406077,
      "q" : "800",
      "p" : "0.16033",
      "s" : "buy",
      "i" : "BAT_USDT",
      "m" : "4611686018430766726"
    }, {
      "d" : "1756395297926729993",
      "t" : 1756395297926,
      "tn" : 1756395297926729993,
      "q" : "2031",
      "p" : "0.15994",
      "s" : "buy",
      "i" : "BAT_USDT",
      "m" : "4611686018430766725"
    }, {
      "d" : "1756395088768830359",
      "t" : 1756395088768,
      "tn" : 1756395088768830359,
      "q" : "207",
      "p" : "0.15958",
      "s" : "buy",
      "i" : "BAT_USDT",
      "m" : "4611686018430766724"
    }, {
      "d" : "1756394587784868912",
      "t" : 1756394587784,
      "tn" : 1756394587784868912,
      "q" : "702",
      "p" : "0.15732",
      "s" : "buy",
      "i" : "BAT_USDT",
      "m" : "4611686018430766723"
    }, {
      "d" : "1756394587782055176",
      "t" : 1756394587782,
      "tn" : 1756394587782055176,
      "q" : "449",
      "p" : "0.15732",
      "s" : "buy",
      "i" : "BAT_USDT",
      "m" : "4611686018430766722"
    }, {
      "d" : "1756393261994197545",
      "t" : 1756393261994,
      "tn" : 1756393261994197545,
      "q" : "800",
      "p" : "0.15730",
      "s" : "buy",
      "i" : "BAT_USDT",
      "m" : "4611686018430766721"
    }, {
      "d" : "1756393125109062537",
      "t" : 1756393125109,
      "tn" : 1756393125109062537,
      "q" : "389",
      "p" : "0.15764",
      "s" : "buy",
      "i" : "BAT_USDT",
      "m" : "4611686018430766720"
    }, {
      "d" : "1756393125109059948",
      "t" : 1756393125109,
      "tn" : 1756393125109059948,
      "q" : "373",
      "p" : "0.15763",
      "s" : "buy",
      "i" : "BAT_USDT",
      "m" : "4611686018430766719"
    }, {
      "d" : "1756392064607315060",
      "t" : 1756392064607,
      "tn" : 1756392064607315060,
      "q" : "510",
      "p" : "0.15713",
      "s" : "sell",
      "i" : "BAT_USDT",
      "m" : "4611686018430766718"
    }, {
      "d" : "1756388876953126912",
      "t" : 1756388876953,
      "tn" : 1756388876953126912,
      "q" : "576",
      "p" : "0.15476",
      "s" : "buy",
      "i" : "BAT_USDT",
      "m" : "4611686018430766717"
    }, {
      "d" : "1756384292592340095",
      "t" : 1756384292592,
      "tn" : 1756384292592340095,
      "q" : "3157",
      "p" : "0.15462",
      "s" : "buy",
      "i" : "BAT_USDT",
      "m" : "4611686018430766716"
    }, {
      "d" : "1756384291850239319",
      "t" : 1756384291850,
      "tn" : 1756384291850239319,
      "q" : "127",
      "p" : "0.15462",
      "s" : "buy",
      "i" : "BAT_USDT",
      "m" : "4611686018430766715"
    }, {
      "d" : "1756383523877643673",
      "t" : 1756383523877,
      "tn" : 1756383523877643673,
      "q" : "13",
      "p" : "0.15421",
      "s" : "sell",
      "i" : "BAT_USDT",
      "m" : "4611686018430766714"
    }, {
      "d" : "1756381479000318811",
      "t" : 1756381479000,
      "tn" : 1756381479000318811,
      "q" : "7",
      "p" : "0.15428",
      "s" : "buy",
      "i" : "BAT_USDT",
      "m" : "4611686018430766713"
    } ]
  }
}