{
  "id" : -1,
  "method" : "public/get-trades",
  "code" : 0,
  "result" : {
    "data" : [ {
      "d" : "1756459326318341419",
      "t" : 1756459326318,
      "tn" : 1756459326318341419,
      "q" : "629",
      "p" : "0.15167",
      "s" : "buy",
      "i" : "BAT_USD",
      "m" : "4611686018430061061"
    }, {
      "d" : "1756457358372419779",
      "t" : 1756457358372,
      "tn" : 1756457358372419779,
      "q" : "6",
      "p" : "0.14991",
      "s" : "buy",
      "i" : "BAT_USD",
      "m" : "4611686018430061060"
    }, {
      "d" : "1756457358370257132",
      "t" : 1756457358370,
      "tn" : 1756457358370257132,
      "q" : "600",
      "p" : "0.14991",
      "s" : "buy",
      "i" : "BAT_USD",
      "m" : "4611686018430061059"
    }, {
      "d" : "1756457229224466039",
      "t" : 1756457229224,
      "tn" : 1756457229224466039,
      "q" : "87",
      "p" : "0.14991",
      "s" : "sell",
      "i" : "BAT_USD",
      "m" : "4611686018430061058"
    }, {
      "d" : "1756456395888028923",
      "t" : 1756456395888,
      "tn" : 1756456395888028923,
      "q" : "255",
      "p" : "0.15060",
      "s" : "sell",
      "i" : "BAT_USD",
      "m" : "4611686018430061057"
    }, {
      "d" : "1756455870190309647",
      "t" : 1756455870190,
      "tn" : 1756455870190309647,
      "q" : "1985",
      "p" : "0.15114",
      "s" : "sell",
      "i" : "BAT_USD",
      "m" : "4611686018430061056"
    }, {
      "d" : "1756455870190307528",
      "t" : 1756455870190,
      "tn" : 1756455870190307528,
      "q" : "1323",
      "p" : "0.15115",
      "s" : "sell",
      "i" : "BAT_USD",
      "m" : "4611686018430061055"
    }, {
      "d" : "1756455628546700107",
      "t" : 1756455628546,
      "tn" : 1756455628546700107,
      "q" : "88",
      "p" : "0.15210",
      "s" : "sell",
      "i" : "BAT_USD",
      "m" : "4611686018430061054"
    }, {
      "d" : "1756455626258984946",
      "t" : 1756455626258,
      "tn" : 1756455626258984946,
      "q" : "164",
      "p" : "0.15210",
      "s" : "sell",
      "i" : "BAT_USD",
      "m" : "4611686018430061053"
    }, {
      "d" : "1756455626242557572",
      "t" : 1756455626242,
      "tn" : 1756455626242557572,
      "q" : "1972",
      "p" : "0.15211",
      "s" : "sell",
      "i" : "BAT_USD",
      "m" : "4611686018430061052"
    }, {
      "d" : "1756455301864846724",
      "t" : 1756455301864,
      "tn" : 1756455301864846724,
      "q" : "6492",
      "p" : "0.15294",
      "s" : "sell",
      "i" : "BAT_USD",
      "m" : "4611686018430061051"
    }, {
      "d" : "1756455301858603631",
      "t" : 1756455301858,
      "tn" : 1756455301858603631,
      "q" : "608",
      "p" : "0.15294",
      "s" : "buy",
      "i" : "BAT_USD",
      "m" : "4611686018430061050"
    }, {
      "d" : "1756454928553722795",
      "t" : 1756454928553,
      "tn" : 1756454928553722795,
      "q" : "87",
      "p" : "0.15362",
      "s" : "sell",
      "i" : "BAT_USD",
      "m" : "4611686018430061049"
    }, {
      "d" : "1756454928425419880",
      "t" : 1756454928425,
      "tn" : 1756454928425419880,
      "q" : "163",
      "p" : "0.15362",
      "s" : "sell",
      "i" : "BAT_USD",
      "m" : "4611686018430061048"
    }, {
      "d" : "1756454707035732058",
      "t" : 1756454707035,
      "tn" : 1756454707035732058,
      "q" : "259",
      "p" : "0.15467",
      "s" : "sell",
      "i" : "BAT_USD",
      "m" : "4611686018430061047"
    }, {
      "d" : "1756454705272258265",
      "t" : 1756454705272,
      "tn" : 1756454705272258265,
      "q" : "757",
      "p" : "0.15467",
      "s" : "sell",
      "i" : "BAT_USD",
      "m" : "4611686018430061046"
    }, {
      "d" : "1756454705249259400",
      "t" : 1756454705249,
      "tn" : 1756454705249259400,
      "q" : "2155",
      "p" : "0.15467",
      "s" : "sell",
      "i" : "BAT_USD",
      "m" : "4611686018430061045"
    }, {
      "d" : "1756454704527343824",
      "t" : 1756454704527,
      "tn" : 1756454704527343824,
      "q" : "2112",
      "p" : "0.15470",
      "s" : "sell",
      "i" : "BAT_USD",
      "m" : "4611686018430061044"
    }, {
      "d" : "1756454704518586787",
      "t" : 1756454704518,
      "tn" : 1756454704518586787,
      "q" : "1016",
      "p" : "0.15490",
      "s" : "sell",
      "i" : "BAT_USD",
      "m" : "4611686018430061043"
    }, {
      "d" : "1756454704504758433",
      "t" : 1756454704504,
      "tn" : 1756454704504758433,
      "q" : "710",
      "p" : "0.15470",
      "s" : "sell",
      "i" : "BAT_USD",
      "m" : "4611686018430061042"
    }, {
      "d" : "1756454704327885567",
      "t" : 1756454704327,
      "tn" : 1756454704327885567,
      "q" : "100",
      "p" : "0.15470",
      "s" : "sell",
      "i" : "BAT_USD",
      "m" : "4611686018430061041"
    }, {
      "d" : "1756454704316403088",
      "t" : 1756454704316,
      "tn" : 1756454704316403088,
      "q" : "245",
      "p" : "0.15491",
      "s" : "sell",
      "i" : "BAT_USD",
      "m" : "4611686018430061040"
    }, {
      "d" : "1756454704316400121",
      "t" : 1756454704316,
      "tn" : 1756454704316400121,
      "q" : "1291",
      "p" : "0.15491",
      "s" : "sell",
      "i" : "BAT_USD",
      "m" : "4611686018430061039"
    }, {
      "d" : "1756454704294269896",
      "t" : 1756454704294,
      "tn" : 1756454704294269896,
      "q" : "160",
      "p" : "0.15487",
      "s" : "sell",
      "i" : "BAT_USD",
      "m" : "4611686018430061038"
    }, {
      "d" : "1756454704265529689",
      "t" : 1756454704265,
      "tn" : 1756454704265529688,
      "q" : "88",
      "p" : "0.15487",
      "s" : "sell",
      "i" : "BAT_USD",
      "m" : "4611686018430061037"
    }, {
      "d" : "1756454704265529688",
      "t" : 1756454704265,
      "tn" : 1756454704265529688,
      "q" : "170",
      "p" : "0.15487",
      "s" : "sell",
      "i" : "BAT_USD",
      "m" : "4611686018430061037"
    }, {
      "d" : "1756454704241353796",
      "t" : 1756454704241,
      "tn" : 1756454704241353796,
      "q" : "78",
      "p" : "0.15487",
      "s" : "sell",
      "i" : "BAT_USD",
      "m" : "4611686018430061036"
    }, {
      "d" : "1756454704241351798",
      "t" : 1756454704241,
      "tn" : 1756454704241351798,
      "q" : "1282",
      "p" : "0.15489",
      "s" : "sell",
      "i" : "BAT_USD",
      "m" : "4611686018430061035"
    }, {
      "d" : "1756454704221349655",
      "t" : 1756454704221,
      "tn" : 1756454704221349655,
      "q" : "2309",
      "p" : "0.15489",
      "s" : "sell",
      "i" : "BAT_USD",
      "m" : "4611686018430061034"
    }, {
      "d" : "1756454704206340319",
      "t" : 1756454704206,
      "tn" : 1756454704206340318,
      "q" : "3123",
      "p" : "0.15489",
      "s" : "sell",
      "i" : "BAT_USD",
      "m" : "4611686018430061033"
    }, {
      "d" : "1756454704206340318",
      "t" : 1756454704206,
      "tn" : 1756454704206340318,
      "q" : "105",
      "p" : "0.15489",
      "s" : "sell",
      "i" : "BAT_USD",
      "m" : "4611686018430061033"
    }, {
      "d" : "1756454704173397857",
      "t" : 1756454704173,
      "tn" : 1756454704173397857,
      "q" : "1413",
      "p" : "0.15489",
      "s" : "sell",
      "i" : "BAT_USD",
      "m" : "4611686018430061032"
    }, {
      "d" : "1756454704173395623",
      "t" : 1756454704173,
      "tn" : 1756454704173395623,
      "q" : "413",
      "p" : "0.15490",
      "s" : "sell",
      "i" : "BAT_USD",
      "m" : "4611686018430061031"
    }, {
      "d" : "1756454704173393390",
      "t" : 1756454704173,
      "tn" : 1756454704173393390,
      "q" : "564",
      "p" : "0.15491",
      "s" : "sell",
      "i" : "BAT_USD",
      "m" : "4611686018430061030"
    }, {
      "d" : "1756454560594937478",
      "t" : 1756454560594,
      "tn" : 1756454560594937478,
      "q" : "1108",
      "p" : "0.15815",
      "s" : "buy",
      "i" : "BAT_USD",
      "m" : "4611686018430061029"
    }, {
      "d" : "1756454560594935643",
      "t" : 1756454560594,
      "tn" : 1756454560594935643,
      "q" : "1580",
      "p" : "0.15814",
      "s" : "buy",
      "i" : "BAT_USD",
      "m" : "4611686018430061028"
    }, {
      "d" : "1756454560349113780",
      "t" : 1756454560349,
      "tn" : 1756454560349113780,
      "q" : "536",
      "p" : "0.15815",
      "s" : "sell",
      "i" : "BAT_USD",
      "m" : "4611686018430061027"
    }, {
      "d" : "1756454560349110703",
      "t" : 1756454560349,
      "tn" : 1756454560349110702,
      "q" : "3156",
      "p" : "0.15815",
      "s" : "sell",
      "i" : "BAT_USD",
      "m" : "4611686018430061026"
    }, {
      "d" : "1756454560349110702",
      "t" : 1756454560349,
      "tn" : 1756454560349110702,
      "q" : "6",
      "p" : "0.15815",
      "s" : "sell",
      "i" : "BAT_USD",
      "m" : "4611686018430061026"
    }, {
      "d" : "1756454558809105164",
      "t" : 1756454558809,
      "tn" : 1756454558809105164,
      "q" : "29",
      "p" : "0.15816",
      "s" : "buy",
      "i" : "BAT_USD",
      "m" : "4611686018430061025"
    }, {
      "d" : "1756454558137226658",
      "t" : 1756454558137,
      "tn" : 1756454558137226658,
      "q" : "856",
      "p" : "0.15816",
      "s" : "buy",
      "i" : "BAT_USD",
      "m" : "4611686018430061024"
    }, {
      "d" : "1756454554630188135",
      "t" : 1756454554630,
      "tn" : 1756454554630188135,
      "q" : "302",
      "p" : "0.15816",
      "s" : "buy",
      "i" : "BAT_USD",
      "m" : "4611686018430061023"
    }, {
      "d" : "1756454554624433874",
      "t" : 1756454554624,
      "tn" : 1756454554624433874,
      "q" : "488",
      "p" : "0.15816",
      "s" : "buy",
      "i" : "BAT_USD",
      "m" : "4611686018430061022"
    }, {
      "d" : "1756454554439151483",
      "t" : 1756454554439,
      "tn" : 1756454554439151483,
      "q" : "25",
      "p" : "0.15816",
      "s" : "buy",
      "i" : "BAT_USD",
      "m" : "4611686018430061021"
    }, {
      "d" : "1756454554116825825",
      "t" : 1756454554116,
      "tn" : 1756454554116825825,
      "q" : "123",
      "p" : "0.15816",
      "s" : "buy",
      "i" : "BAT_USD",
      "m" : "4611686018430061020"
    }, {
      "d" : "1756454554010465896",
      "t" : 1756454554010,
      "tn" : 1756454554010465896,
      "q" : "144",
      "p" : "0.15816",
      "s" : "buy",
      "i" : "BAT_USD",
      "m" : "4611686018430061019"
    }, {
      "d" : "1756454553204783709",
      "t" : 1756454553204,
      "tn" : 1756454553204783709,
      "q" : "1499",
      "p" : "0.15816",
      "s" : "buy",
      "i" : "BAT_USD",
      "m" : "4611686018430061018"
    }, {
      "d" : "1756454536423312148",
      "t" : 1756454536423,
      "tn" : 1756454536423312148,
      "q" : "126",
      "p" : "0.15815",
      "s" : "sell",
      "i" : "BAT_USD",
      "m" : "4611686018430061017"
    }, {
      "d" : "1756454536406354304",
      "t" : 1756454536406,
      "tn" : 1756454536406354304,
      "q" : "111",
      "p" : "0.15815",
      "s" : "sell",
      "i" : "BAT_USD",
      "m" : "4611686018430061016"
    }, {
      "d" : "1756454536406352685",
      "t" : 1756454536406,
      "tn" : 1756454536406352685,
      "q" : "142",
      "p" : "0.15816",
      "s" : "sell",
      "i" : "BAT_USD",
      "m" : "4611686018430061015"
    }, {
      "d" : "1756454536390509551",
      "t" : 1756454536390,
      "tn" : 1756454536390509551,
      "q" : "506",
      "p" : "0.15816",
      "s" : "sell",
      "i" : "BAT_USD",
      "m" : "4611686018430061014"
    }, {
      "d" : "1756454536382419295",
      "t" : 1756454536382,
      "tn" : 1756454536382419295,
      "q" : "1421",
      "p" : "0.15816",
      "s" : "sell",
      "i" : "BAT_USD",
      "m" : "4611686018430061013"
    }, {
      "d" : "1756454533147104862",
      "t" : 1756454533147,
      "tn" : 1756454533147104862,
      "q" : "140",
      "p" : "0.15859",
      "s" : "sell",
      "i" : "BAT_USD",
      "m" : "4611686018430061012"
    }, {
      "d" : "1756454219091843141",
      "t" : 1756454219091,
      "tn" : 1756454219091843141,
      "q" : "2125",
      "p" : "0.16017",
      "s" : "buy",
      "i" : "BAT_USD",
      "m" : "4611686018430061011"
    }, {
      "d" : "1756454219086481654",
      "t" : 1756454219086,
      "tn" : 1756454219086481654,
      "q" : "1561",
      "p" : "0.16013",
      "s" : "buy",
      "i" : "BAT_USD",
      "m" : "4611686018430061010"
    }, {
      "d" : "1756454127625216924",
      "t" : 1756454127625,
      "tn" : 1756454127625216924,
      "q" : "240",
      "p" : "0.15965",
      "s" : "sell",
      "i" : "BAT_USD",
      "m" : "4611686018430061009"
    }, {
      "d" : "1756453864559180882",
      "t" : 1756453864559,
      "tn" : 1756453864559180882,
      "q" : "240",
      "p" : "0.16117",
      "s" : "buy",
      "i" : "BAT_USD",
      "m" : "4611686018430061008"
    }, {
      "d" : "1756453545901079981",
      "t" : 1756453545901,
      "tn" : 1756453545901079981,
      "q" : "6487",
      "p" : "0.15994",
      "s" : "buy",
      "i" : "BAT_USD",
      "m" : "4611686018430061007"
    }, {
      "d" : "1756453545901076550",
      "t" : 1756453545901,
      "tn" : 1756453545901076550,
      "q" : "1488",
      "p" : "0.15992",
      "s" : "buy",
      "i" : "BAT_USD",
      "m" : "4611686018430061006"
    }, {
      "d" : "1756453504357267488",
      "t" : 1756453504357,
      "tn" : 1756453504357267488,
      "q" : "176",
      "p" : "0.15999",
      "s" : "sell",
      "i" : "BAT_USD",
      "m" : "4611686018430061005"
    }, {
      "d" : "1756453468103772768",
      "t" : 1756453468103,
      "tn" : 1756453468103772768,
      "q" : "240",
      "p" : "0.15965",
      "s" : "sell",
      "i" : "BAT_USD",
      "m" : "4611686018430061004"
    }, {
      "d" : "1756453356716152326",
      "t" : 1756453356716,
      "tn" : 1756453356716152326,
      "q" : "1249",
      "p" : "0.16000",
      "s" : "sell",
      "i" : "BAT_USD",
      "m" : "4611686018430061003"
    }, {
      "d" : "1756453356704219782",
      "t" : 1756453356704,
      "tn" : 1756453356704219782,
      "q" : "1897",
      "p" : "0.15999",
      "s" : "sell",
      "i" : "BAT_USD",
      "m" : "4611686018430061002"
    }, {
      "d" : "1756453356330201071",
      "t" : 1756453356330,
      "tn" : 1756453356330201070,
      "q" : "739",
      "p" : "0.15997",
      "s" : "sell",
      "i" : "BAT_USD",
      "m" : "4611686018430061001"
    }, {
      "d" : "1756453356330201070",
      "t" : 1756453356330,
      "tn" : 1756453356330201070,
      "q" : "4880",
      "p" : "0.15997",
      "s" : "sell",
      "i" : "BAT_USD",
      "m" : "4611686018430061001"
    }, {
      "d" : "1756453356184166186",
      "t" : 1756453356184,
      "tn" : 1756453356184166186,
      "q" : "1113",
      "p" : "0.15999",
      "s" : "sell",
      "i" : "BAT_USD",
      "m" : "4611686018430061000"
    }, {
      "d" : "1756453356174170938",
      "t" : 1756453356174,
      "tn" : 1756453356174170938,
      "q" : "1250",
      "p" : "0.15998",
      "s" : "sell",
      "i" : "BAT_USD",
      "m" : "4611686018430060999"
    }, {
      "d" : "1756453355968843124",
      "t" : 1756453355968,
      "tn" : 1756453355968843124,
      "q" : "1451",
      "p" : "0.15997",
      "s" : "sell",
      "i" : "BAT_USD",
      "m" : "4611686018430060998"
    }, {
      "d" : "1756453355967259700",
      "t" : 1756453355967,
      "tn" : 1756453355967259700,
      "q" : "865",
      "p" : "0.15997",
      "s" : "sell",
      "i" : "BAT_USD",
      "m" : "4611686018430060997"
    }, {
      "d" : "1756453355967255796",
      "t" : 1756453355967,
      "tn" : 1756453355967255796,
      "q" : "1250",
      "p" : "0.15998",
      "s" : "sell",
      "i" : "BAT_USD",
      "m" : "4611686018430060996"
    }, {
      "d" : "1756453355588699670",
      "t" : 1756453355588,
      "tn" : 1756453355588699670,
      "q" : "3101",
      "p" : "0.16028",
      "s" : "sell",
      "i" : "BAT_USD",
      "m" : "4611686018430060995"
    }, {
      "d" : "1756453132565800427",
      "t" : 1756453132565,
      "tn" : 1756453132565800427,
      "q" : "238",
      "p" : "0.16117",
      "s" : "sell",
      "i" : "BAT_USD",
      "m" : "4611686018430060994"
    }, {
      "d" : "1756453100579206965",
      "t" : 1756453100579,
      "tn" : 1756453100579206965,
      "q" : "245",
      "p" : "0.16267",
      "s" : "buy",
      "i" : "BAT_USD",
      "m" : "4611686018430060993"
    }, {
      "d" : "1756453100466330974",
      "t" : 1756453100466,
      "tn" : 1756453100466330974,
      "q" : "317",
      "p" : "0.16265",
      "s" : "buy",
      "i" : "BAT_USD",
      "m" : "4611686018430060992"
    }, {
      "d" : "1756453100464338020",
      "t" : 1756453100464,
      "tn" : 1756453100464338020,
      "q" : "574",
      "p" : "0.16265",
      "s" : "buy",
      "i" : "BAT_USD",
      "m" : "4611686018430060991"
    }, {
      "d" : "1756453100464335960",
      "t" : 1756453100464,
      "tn" : 1756453100464335960,
      "q" : "1541",
      "p" : "0.16264",
      "s" : "buy",
      "i" : "BAT_USD",
      "m" : "4611686018430060990"
    }, {
      "d" : "1756453025548764915",
      "t" : 1756453025548,
      "tn" : 1756453025548764915,
      "q" : "547",
      "p" : "0.16090",
      "s" : "sell",
      "i" : "BAT_USD",
      "m" : "4611686018430060989"
    }, {
      "d" : "1756452984674956260",
      "t" : 1756452984674,
      "tn" : 1756452984674956260,
      "q" : "245",
      "p" : "0.16117",
      "s" : "buy",
      "i" : "BAT_USD",
      "m" : "4611686018430060988"
    }, {
      "d" : "1756452981633112207",
      "t" : 1756452981633,
      "tn" : 1756452981633112207,
      "q" : "139",
      "p" : "0.16109",
      "s" : "buy",
      "i" : "BAT_USD",
      "m" : "4611686018430060987"
    }, {
      "d" : "1756452964776064650",
      "t" : 1756452964776,
      "tn" : 1756452964776064650,
      "q" : "160",
      "p" : "0.15842",
      "s" : "buy",
      "i" : "BAT_USD",
      "m" : "4611686018430060986"
    }, {
      "d" : "1756452899172215329",
      "t" : 1756452899172,
      "tn" : 1756452899172215329,
      "q" : "102",
      "p" : "0.16037",
      "s" : "buy",
      "i" : "BAT_USD",
      "m" : "4611686018430060985"
    }, {
      "d" : "1756452804728442226",
      "t" : 1756452804728,
      "tn" : 1756452804728442226,
      "q" : "245",
      "p" : "0.15965",
      "s" : "buy",
      "i" : "BAT_USD",
      "m" : "4611686018430060984"
    }, {
      "d" : "1756452498928872650",
      "t" : 1756452498928,
      "tn" : 1756452498928872650,
      "q" : "1199",
      "p" : "0.15815",
      "s" : "buy",
      "i" : "BAT_USD",
      "m" : "4611686018430060983"
    }, {
      "d" : "1756452357238899653",
      "t" : 1756452357238,
      "tn" : 1756452357238899653,
      "q" : "245",
      "p" : "0.15815",
      "s" : "buy",
      "i" : "BAT_USD",
      "m" : "4611686018430060982"
    }, {
      "d" : "1756452357180807878",
      "t" : 1756452357180,
      "tn" : 1756452357180807878,
      "q" : "247",
      "p" : "0.15664",
      "s" : "buy",
      "i" : "BAT_USD",
      "m" : "4611686018430060981"
    }, {
      "d" : "1756452357177153786",
      "t" : 1756452357177,
      "tn" : 1756452357177153786,
      "q" : "1919",
      "p" : "0.15663",
      "s" : "buy",
      "i" : "BAT_USD",
      "m" : "4611686018430060980"
    }, {
      "d" : "1756452353977159410",
      "t" : 1756452353977,
      "tn" : 1756452353977159410,
      "q" : "3604",
      "p" : "0.15487",
      "s" : "buy",
      "i" : "BAT_USD",
      "m" : "4611686018430060979"
    }, {
      "d" : "1756452353977153194",
      "t" : 1756452353977,
      "tn" : 1756452353977153194,
      "q" : "581",
      "p" : "0.15487",
      "s" : "buy",
      "i" : "BAT_USD",
      "m" : "4611686018430060978"
    }, {
      "d" : "1756452353821097560",
      "t" : 1756452353821,
      "tn" : 1756452353821097560,
      "q" : "1532",
      "p" : "0.15484",
      "s" : "buy",
      "i" : "BAT_USD",
      "m" : "4611686018430060977"
    }, {
      "d" : "1756452104581101060",
      "t" : 1756452104581,
      "tn" : 1756452104581101060,
      "q" : "74",
      "p" : "0.15496",
      "s" : "buy",
      "i" : "BAT_USD",
      "m" : "4611686018430060976"
    }, {
      "d" : "1756451441394305558",
      "t" : 1756451441394,
      "tn" : 1756451441394305558,
      "q" : "6741",
      "p" : "0.15564",
      "s" : "buy",
      "i" : "BAT_USD",
      "m" : "4611686018430060975"
    }, {
      "d" : "1756451441394303331",
      "t" : 1756451441394,
      "tn" : 1756451441394303331,
      "q" : "1182",
      "p" : "0.15563",
      "s" : "buy",
      "i" : "BAT_USD",
      "m" : "4611686018430060974"
    }, {
      "d" : "1756450971778059240",
      "t" : 1756450971778,
      "tn" : 1756450971778059240,
      "q" : "247",
      "p" : "0.15512",
      "s" : "sell",
      "i" : "BAT_USD",
      "m" : "4611686018430060973"
    }, {
      "d" : "1756450897580182344",
      "t" : 1756450897580,
      "tn" : 1756450897580182344,
      "q" : "7710",
      "p" : "0.15587",
      "s" : "sell",
      "i" : "BAT_USD",
      "m" : "4611686018430060972"
    }, {
      "d" : "1756448217193718279",
      "t" : 1756448217193,
      "tn" : 1756448217193718279,
      "q" : "245",
      "p" : "0.15664",
      "s" : "sell",
      "i" : "BAT_USD",
      "m" : "4611686018430060971"
    }, {
      "d" : "1756445688614332702",
      "t" : 1756445688614,
      "tn" : 1756445688614332702,
      "q" : "91",
      "p" : "0.15833",
      "s" : "buy",
      "i" : "BAT_USD",
      "m" : "4611686018430060970"
    }, {
      "d" : "1756445575082002714",
      "t" : 1756445575082,
      "tn" : 1756445575082002714,
      "q" : "301",
      "p" : "0.15847",
      "s" : "buy",
      "i" : "BAT_USD",
      "m" : "4611686018430060969"
    }, {
      "d" : "1756443403945410051",
      "t" : 1756443403945,
      "tn" : 1756443403945410048,
      "q" : "245",
      "p" : "0.15695",
      "s" : "sell",
      "i" : "BAT_USD",
      "m" : "4611686018430060968"
    }, {
      "d" : "1756443403945410050",
      "t" : 1756443403945,
      "tn" : 1756443403945410048,
      "q" : "245",
      "p" : "0.15695",
      "s" : "sell",
      "i" : "BAT_USD",
      "m" : "4611686018430060968"
    }, {
      "d" : "1756443403945410049",
      "t" : 1756443403945,
      "tn" : 1756443403945410048,
      "q" : "245",
      "p" : "0.15695",
      "s" : "sell",
      "i" : "BAT_USD",
      "m" : "4611686018430060968"
    }, {
      "d" : "1756443403945410048",
      "t" : 1756443403945,
      "tn" : 1756443403945410048,
      "q" : "245",
      "p" : "0.15695",
      "s" : "sell",
      "i" : "BAT_USD",
      "m" : "4611686018430060968"
    }, {
      "d" : "1756440657881694584",
      "t" : 1756440657881,
      "tn" : 1756440657881694584,
      "q" : "2710",
      "p" : "0.15696",
      "s" : "buy",
      "i" : "BAT_USD",
      "m" : "4611686018430060967"
    }, {
      "d" : "1756440657878202534",
      "t" : 1756440657878,
      "tn" : 1756440657878202534,
      "q" : "4518",
      "p" : "0.15696",
      "s" : "buy",
      "i" : "BAT_USD",
      "m" : "4611686018430060966"
    }, {
      "d" : "1756440657876884593",
      "t" : 1756440657876,
      "tn" : 1756440657876884593,
      "q" : "749",
      "p" : "0.15696",
      "s" : "sell",
      "i" : "BAT_USD",
      "m" : "4611686018430060965"
    }, {
      "d" : "1756440655184797168",
      "t" : 1756440655184,
      "tn" : 1756440655184797168,
      "q" : "7526",
      "p" : "0.15690",
      "s" : "buy",
      "i" : "BAT_USD",
      "m" : "4611686018430060964"
    }, {
      "d" : "1756440655182562589",
      "t" : 1756440655182,
      "tn" : 1756440655182562588,
      "q" : "1274",
      "p" : "0.15690",
      "s" : "sell",
      "i" : "BAT_USD",
      "m" : "4611686018430060963"
    }, {
      "d" : "1756440655182562588",
      "t" : 1756440655182,
      "tn" : 1756440655182562588,
      "q" : "1485",
      "p" : "0.15690",
      "s" : "sell",
      "i" : "BAT_USD",
      "m" : "4611686018430060963"
    }, {
      "d" : "1756440388073230119",
      "t" : 1756440388073,
      "tn" : 1756440388073230119,
      "q" : "519",
      "p" : "0.15714",
      "s" : "sell",
      "i" : "BAT_USD",
      "m" : "4611686018430060962"
    }, {
      "d" : "1756440281931344135",
      "t" : 1756440281931,
      "tn" : 1756440281931344135,
      "q" : "99",
      "p" : "0.15783",
      "s" : "buy",
      "i" : "BAT_USD",
      "m" : "4611686018430060961"
    }, {
      "d" : "1756440149830463413",
      "t" : 1756440149830,
      "tn" : 1756440149830463412,
      "q" : "41",
      "p" : "0.15721",
      "s" : "sell",
      "i" : "BAT_USD",
      "m" : "4611686018430060960"
    }, {
      "d" : "1756440149830463412",
      "t" : 1756440149830,
      "tn" : 1756440149830463412,
      "q" : "15",
      "p" : "0.15721",
      "s" : "sell",
      "i" : "BAT_USD",
      "m" : "4611686018430060960"
    }, {
      "d" : "1756439772003903583",
      "t" : 1756439772003,
      "tn" : 1756439772003903583,
      "q" : "94",
      "p" : "0.15782",
      "s" : "buy",
      "i" : "BAT_USD",
      "m" : "4611686018430060959"
    }, {
      "d" : "1756439648027148901",
      "t" : 1756439648027,
      "tn" : 1756439648027148901,
      "q" : "642",
      "p" : "0.15740",
      "s" : "sell",
      "i" : "BAT_USD",
      "m" : "4611686018430060958"
    }, {
      "d" : "1756439302663602589",
      "t" : 1756439302663,
      "tn" : 1756439302663602589,
      "q" : "517",
      "p" : "0.15707",
      "s" : "sell",
      "i" : "BAT_USD",
      "m" : "4611686018430060957"
    }, {
      "d" : "1756435211870626515",
      "t" : 1756435211870,
      "tn" : 1756435211870626515,
      "q" : "62",
      "p" : "0.15646",
      "s" : "buy",
      "i" : "BAT_USD",
      "m" : "4611686018430060956"
    }, {
      "d" : "1756433899911880188",
      "t" : 1756433899911,
      "tn" : 1756433899911880188,
      "q" : "160",
      "p" : "0.15583",
      "s" : "buy",
      "i" : "BAT_USD",
      "m" : "4611686018430060955"
    }, {
      "d" : "1756432280044388697",
      "t" : 1756432280044,
      "tn" : 1756432280044388697,
      "q" : "673",
      "p" : "0.15557",
      "s" : "sell",
      "i" : "BAT_USD",
      "m" : "4611686018430060954"
    }, {
      "d" : "1756430695950312585",
      "t" : 1756430695950,
      "tn" : 1756430695950312585,
      "q" : "12",
      "p" : "0.15625",
      "s" : "sell",
      "i" : "BAT_USD",
      "m" : "4611686018430060953"
    }, {
      "d" : "1756430695455599356",
      "t" : 1756430695455,
      "tn" : 1756430695455599356,
      "q" : "128",
      "p" : "0.15625",
      "s" : "sell",
      "i" : "BAT_USD",
      "m" : "4611686018430060952"
    }, {
      "d" : "1756428388642951767",
      "t" : 1756428388642,
      "tn" : 1756428388642951767,
      "q" : "180",
      "p" : "0.15723",
      "s" : "sell",
      "i" : "BAT_USD",
      "m" : "4611686018430060951"
    }, {
      "d" : "1756425823597550680",
      "t" : 1756425823597,
      "tn" : 1756425823597550680,
      "q" : "158",
      "p" : "0.15875",
      "s" : "sell",
      "i" : "BAT_USD",
      "m" : "4611686018430060950"
    }, {
      "d" : "1756425676688243414",
      "t" : 1756425676688,
      "tn" : 1756425676688243414,
      "q" : "341",
      "p" : "0.16003",
      "s" : "buy",
      "i" : "BAT_USD",
      "m" : "4611686018430060949"
    }, {
      "d" : "1756425676688241425",
      "t" : 1756425676688,
      "tn" : 1756425676688241425,
      "q" : "177",
      "p" : "0.16002",
      "s" : "buy",
      "i" : "BAT_USD",
      "m" : "4611686018430060948"
    }, {
      "d" : "1756425644508474683",
      "t" : 1756425644508,
      "tn" : 1756425644508474683,
      "q" : "257",
      "p" : "0.16071",
      "s" : "buy",
      "i" : "BAT_USD",
      "m" : "4611686018430060947"
    }, {
      "d" : "1756424670107015590",
      "t" : 1756424670107,
      "tn" : 1756424670107015590,
      "q" : "4518",
      "p" : "0.15869",
      "s" : "buy",
      "i" : "BAT_USD",
      "m" : "4611686018430060946"
    }, {
      "d" : "1756424390014551221",
      "t" : 1756424390014,
      "tn" : 1756424390014551221,
      "q" : "139",
      "p" : "0.15863",
      "s" : "buy",
      "i" : "BAT_USD",
      "m" : "4611686018430060945"
    }, {
      "d" : "1756422361106942041",
      "t" : 1756422361106,
      "tn" : 1756422361106942041,
      "q" : "400",
      "p" : "0.15765",
      "s" : "sell",
      "i" : "BAT_USD",
      "m" : "4611686018430060944"
    }, {
      "d" : "1756420332272063635",
      "t" : 1756420332272,
      "tn" : 1756420332272063635,
      "q" : "1218",
      "p" : "0.15895",
      "s" : "buy",
      "i" : "BAT_USD",
      "m" : "4611686018430060943"
    }, {
      "d" : "1756419765979060044",
      "t" : 1756419765979,
      "tn" : 1756419765979060044,
      "q" : "98",
      "p" : "0.15842",
      "s" : "buy",
      "i" : "BAT_USD",
      "m" : "4611686018430060942"
    }, {
      "d" : "1756419234178113241",
      "t" : 1756419234178,
      "tn" : 1756419234178113241,
      "q" : "611",
      "p" : "0.15803",
      "s" : "buy",
      "i" : "BAT_USD",
      "m" : "4611686018430060941"
    }, {
      "d" : "1756418579464568662",
      "t" : 1756418579464,
      "tn" : 1756418579464568662,
      "q" : "100",
      "p" : "0.15660",
      "s" : "sell",
      "i" : "BAT_USD",
      "m" : "4611686018430060940"
    }, {
      "d" : "1756418028096677041",
      "t" : 1756418028096,
      "tn" : 1756418028096677041,
      "q" : "124",
      "p" : "0.15714",
      "s" : "buy",
      "i" : "BAT_USD",
      "m" : "4611686018430060939"
    }, {
      "d" : "1756417744977899484",
      "t" : 1756417744977,
      "tn" : 1756417744977899484,
      "q" : "158",
      "p" : "0.15643",
      "s" : "sell",
      "i" : "BAT_USD",
      "m" : "4611686018430060938"
    }, {
      "d" : "1756416034581262228",
      "t" : 1756416034581,
      "tn" : 1756416034581262228,
      "q" : "215",
      "p" : "0.15613",
      "s" : "sell",
      "i" : "BAT_USD",
      "m" : "4611686018430060937"
    }, {
      "d" : "1756416034581067304",
      "t" : 1756416034581,
      "tn" : 1756416034581067304,
      "q" : "256",
      "p" : "0.15613",
      "s" : "sell",
      "i" : "BAT_USD",
      "m" : "4611686018430060936"
    }, {
      "d" : "1756416034572842486",
      "t" : 1756416034572,
      "tn" : 1756416034572842486,
      "q" : "140",
      "p" : "0.15613",
      "s" : "buy",
      "i" : "BAT_USD",
      "m" : "4611686018430060935"
    }, {
      "d" : "1756413491326216416",
      "t" : 1756413491326,
      "tn" : 1756413491326216416,
      "q" : "545",
      "p" : "0.15500",
      "s" : "buy",
      "i" : "BAT_USD",
      "m" : "4611686018430060934"
    }, {
      "d" : "1756410420801736575",
      "t" : 1756410420801,
      "tn" : 1756410420801736575,
      "q" : "626",
      "p" : "0.15504",
      "s" : "buy",
      "i" : "BAT_USD",
      "m" : "4611686018430060933"
    }, {
      "d" : "1756408296013175537",
      "t" : 1756408296013,
      "tn" : 1756408296013175537,
      "q" : "2244",
      "p" : "0.15645",
      "s" : "buy",
      "i" : "BAT_USD",
      "m" : "4611686018430060932"
    }, {
      "d" : "1756408296006304899",
      "t" : 1756408296006,
      "tn" : 1756408296006304899,
      "q" : "1",
      "p" : "0.15645",
      "s" : "sell",
      "i" : "BAT_USD",
      "m" : "4611686018430060931"
    }, {
      "d" : "1756407802191038562",
      "t" : 1756407802191,
      "tn" : 1756407802191038562,
      "q" : "1600",
      "p" : "0.15646",
      "s" : "buy",
      "i" : "BAT_USD",
      "m" : "4611686018430060930"
    }, {
      "d" : "1756407650283834644",
      "t" : 1756407650283,
      "tn" : 1756407650283834644,
      "q" : "77",
      "p" : "0.15645",
      "s" : "sell",
      "i" : "BAT_USD",
      "m" : "4611686018430060929"
    }, {
      "d" : "1756405649889604653",
      "t" : 1756405649889,
      "tn" : 1756405649889604653,
      "q" : "158",
      "p" : "0.15631",
      "s" : "buy",
      "i" : "BAT_USD",
      "m" : "4611686018430060928"
    }, {
      "d" : "1756403392387642790",
      "t" : 1756403392387,
      "tn" : 1756403392387642790,
      "q" : "337",
      "p" : "0.15523",
      "s" : "sell",
      "i" : "BAT_USD",
      "m" : "4611686018430060927"
    }, {
      "d" : "1756403382457528086",
      "t" : 1756403382457,
      "tn" : 1756403382457528086,
      "q" : "159",
      "p" : "0.15622",
      "s" : "buy",
      "i" : "BAT_USD",
      "m" : "4611686018430060926"
    }, {
      "d" : "1756400455914315030",
      "t" : 1756400455914,
      "tn" : 1756400455914315030,
      "q" : "182",
      "p" : "0.15614",
      "s" : "buy",
      "i" : "BAT_USD",
      "m" : "4611686018430060925"
    }, {
      "d" : "1756400165002371921",
      "t" : 1756400165002,
      "tn" : 1756400165002371921,
      "q" : "183",
      "p" : "0.15718",
      "s" : "sell",
      "i" : "BAT_USD",
      "m" : "4611686018430060924"
    }, {
      "d" : "1756400000030621200",
      "t" : 1756400000030,
      "tn" : 1756400000030621200,
      "q" : "70",
      "p" : "0.15776",
      "s" : "buy",
      "i" : "BAT_USD",
      "m" : "4611686018430060923"
    }, {
      "d" : "1756399982795228598",
      "t" : 1756399982795,
      "tn" : 1756399982795228598,
      "q" : "728",
      "p" : "0.15760",
      "s" : "sell",
      "i" : "BAT_USD",
      "m" : "4611686018430060922"
    }, {
      "d" : "1756399982788095719",
      "t" : 1756399982788,
      "tn" : 1756399982788095719,
      "q" : "272",
      "p" : "0.15760",
      "s" : "buy",
      "i" : "BAT_USD",
      "m" : "4611686018430060921"
    } ]
  }
}