{
  "id" : -1,
  "method" : "public/get-trades",
  "code" : 0,
  "result" : {
    "data" : [ {
      "d" : "1756460334854579704",
      "t" : 1756460334854,
      "tn" : 1756460334854579704,
      "q" : "1",
      "p" : "0.15088",
      "s" : "sell",
      "i" : "BATUSD-PERP",
      "m" : "4611686018430933225"
    }, {
      "d" : "1756460334720360662",
      "t" : 1756460334720,
      "tn" : 1756460334720360662,
      "q" : "1",
      "p" : "0.15089",
      "s" : "sell",
      "i" : "BATUSD-PERP",
      "m" : "4611686018430933224"
    }, {
      "d" : "1756460318554008965",
      "t" : 1756460318554,
      "tn" : 1756460318554008965,
      "q" : "1",
      "p" : "0.15088",
      "s" : "buy",
      "i" : "BATUSD-PERP",
      "m" : "4611686018430933223"
    }, {
      "d" : "1756460318554006446",
      "t" : 1756460318554,
      "tn" : 1756460318554006446,
      "q" : "1",
      "p" : "0.15087",
      "s" : "buy",
      "i" : "BATUSD-PERP",
      "m" : "4611686018430933222"
    }, {
      "d" : "1756460317239446789",
      "t" : 1756460317239,
      "tn" : 1756460317239446789,
      "q" : "1",
      "p" : "0.15089",
      "s" : "sell",
      "i" : "BATUSD-PERP",
      "m" : "4611686018430933221"
    }, {
      "d" : "1756460303681143244",
      "t" : 1756460303681,
      "tn" : 1756460303681143244,
      "q" : "1",
      "p" : "0.15089",
      "s" : "sell",
      "i" : "BATUSD-PERP",
      "m" : "4611686018430933220"
    }, {
      "d" : "1756460282389525736",
      "t" : 1756460282389,
      "tn" : 1756460282389525736,
      "q" : "1",
      "p" : "0.15089",
      "s" : "sell",
      "i" : "BATUSD-PERP",
      "m" : "4611686018430933219"
    }, {
      "d" : "1756460236407393997",
      "t" : 1756460236407,
      "tn" : 1756460236407393997,
      "q" : "1",
      "p" : "0.15089",
      "s" : "sell",
      "i" : "BATUSD-PERP",
      "m" : "4611686018430933218"
    }, {
      "d" : "1756460234381277836",
      "t" : 1756460234381,
      "tn" : 1756460234381277836,
      "q" : "1",
      "p" : "0.15079",
      "s" : "sell",
      "i" : "BATUSD-PERP",
      "m" : "4611686018430933217"
    }, {
      "d" : "1756460219249408270",
      "t" : 1756460219249,
      "tn" : 1756460219249408270,
      "q" : "1",
      "p" : "0.15069",
      "s" : "sell",
      "i" : "BATUSD-PERP",
      "m" : "4611686018430933216"
    }, {
      "d" : "1756460211770747096",
      "t" : 1756460211770,
      "tn" : 1756460211770747096,
      "q" : "1",
      "p" : "0.15069",
      "s" : "sell",
      "i" : "BATUSD-PERP",
      "m" : "4611686018430933215"
    }, {
      "d" : "1756460209754702431",
      "t" : 1756460209754,
      "tn" : 1756460209754702431,
      "q" : "1",
      "p" : "0.15069",
      "s" : "sell",
      "i" : "BATUSD-PERP",
      "m" : "4611686018430933214"
    }, {
      "d" : "1756460209199745847",
      "t" : 1756460209199,
      "tn" : 1756460209199745847,
      "q" : "1",
      "p" : "0.15069",
      "s" : "sell",
      "i" : "BATUSD-PERP",
      "m" : "4611686018430933213"
    }, {
      "d" : "1756460198846418083",
      "t" : 1756460198846,
      "tn" : 1756460198846418083,
      "q" : "1",
      "p" : "0.15079",
      "s" : "sell",
      "i" : "BATUSD-PERP",
      "m" : "4611686018430933212"
    }, {
      "d" : "1756460198722515208",
      "t" : 1756460198722,
      "tn" : 1756460198722515208,
      "q" : "1",
      "p" : "0.15079",
      "s" : "sell",
      "i" : "BATUSD-PERP",
      "m" : "4611686018430933211"
    }, {
      "d" : "1756460186824703826",
      "t" : 1756460186824,
      "tn" : 1756460186824703826,
      "q" : "1",
      "p" : "0.15079",
      "s" : "sell",
      "i" : "BATUSD-PERP",
      "m" : "4611686018430933210"
    }, {
      "d" : "1756460185791081290",
      "t" : 1756460185791,
      "tn" : 1756460185791081290,
      "q" : "1",
      "p" : "0.15079",
      "s" : "sell",
      "i" : "BATUSD-PERP",
      "m" : "4611686018430933209"
    }, {
      "d" : "1756460183604728292",
      "t" : 1756460183604,
      "tn" : 1756460183604728292,
      "q" : "1",
      "p" : "0.15070",
      "s" : "sell",
      "i" : "BATUSD-PERP",
      "m" : "4611686018430933208"
    }, {
      "d" : "1756460175681133767",
      "t" : 1756460175681,
      "tn" : 1756460175681133767,
      "q" : "1",
      "p" : "0.15060",
      "s" : "sell",
      "i" : "BATUSD-PERP",
      "m" : "4611686018430933207"
    }, {
      "d" : "1756460175537828489",
      "t" : 1756460175537,
      "tn" : 1756460175537828489,
      "q" : "1",
      "p" : "0.15060",
      "s" : "sell",
      "i" : "BATUSD-PERP",
      "m" : "4611686018430933206"
    }, {
      "d" : "1756460136498807293",
      "t" : 1756460136498,
      "tn" : 1756460136498807293,
      "q" : "1",
      "p" : "0.15076",
      "s" : "buy",
      "i" : "BATUSD-PERP",
      "m" : "4611686018430933205"
    }, {
      "d" : "1756460134873823656",
      "t" : 1756460134873,
      "tn" : 1756460134873823656,
      "q" : "1",
      "p" : "0.15076",
      "s" : "buy",
      "i" : "BATUSD-PERP",
      "m" : "4611686018430933204"
    }, {
      "d" : "1756460132491170863",
      "t" : 1756460132491,
      "tn" : 1756460132491170863,
      "q" : "1",
      "p" : "0.15076",
      "s" : "buy",
      "i" : "BATUSD-PERP",
      "m" : "4611686018430933203"
    }, {
      "d" : "1756460132426247342",
      "t" : 1756460132426,
      "tn" : 1756460132426247342,
      "q" : "1",
      "p" : "0.15076",
      "s" : "buy",
      "i" : "BATUSD-PERP",
      "m" : "4611686018430933202"
    }, {
      "d" : "1756460126606073096",
      "t" : 1756460126606,
      "tn" : 1756460126606073096,
      "q" : "1",
      "p" : "0.15080",
      "s" : "sell",
      "i" : "BATUSD-PERP",
      "m" : "4611686018430933201"
    }, {
      "d" : "1756460122476376397",
      "t" : 1756460122476,
      "tn" : 1756460122476376397,
      "q" : "1",
      "p" : "0.15076",
      "s" : "buy",
      "i" : "BATUSD-PERP",
      "m" : "4611686018430933200"
    }, {
      "d" : "1756460122411415486",
      "t" : 1756460122411,
      "tn" : 1756460122411415486,
      "q" : "1",
      "p" : "0.15076",
      "s" : "buy",
      "i" : "BATUSD-PERP",
      "m" : "4611686018430933199"
    }, {
      "d" : "1756460116561963832",
      "t" : 1756460116561,
      "tn" : 1756460116561963832,
      "q" : "1",
      "p" : "0.15080",
      "s" : "sell",
      "i" : "BATUSD-PERP",
      "m" : "4611686018430933198"
    }, {
      "d" : "1756460116437630492",
      "t" : 1756460116437,
      "tn" : 1756460116437630492,
      "q" : "1",
      "p" : "0.15080",
      "s" : "sell",
      "i" : "BATUSD-PERP",
      "m" : "4611686018430933197"
    }, {
      "d" : "1756460106507258188",
      "t" : 1756460106507,
      "tn" : 1756460106507258188,
      "q" : "1",
      "p" : "0.15079",
      "s" : "buy",
      "i" : "BATUSD-PERP",
      "m" : "4611686018430933196"
    }, {
      "d" : "1756460106507255974",
      "t" : 1756460106507,
      "tn" : 1756460106507255974,
      "q" : "1",
      "p" : "0.15076",
      "s" : "buy",
      "i" : "BATUSD-PERP",
      "m" : "4611686018430933195"
    }, {
      "d" : "1756460093659814206",
      "t" : 1756460093659,
      "tn" : 1756460093659814206,
      "q" : "1",
      "p" : "0.15070",
      "s" : "sell",
      "i" : "BATUSD-PERP",
      "m" : "4611686018430933194"
    }, {
      "d" : "1756460088409304423",
      "t" : 1756460088409,
      "tn" : 1756460088409304423,
      "q" : "1",
      "p" : "0.15069",
      "s" : "buy",
      "i" : "BATUSD-PERP",
      "m" : "4611686018430933193"
    }, {
      "d" : "1756460088409300803",
      "t" : 1756460088409,
      "tn" : 1756460088409300803,
      "q" : "1",
      "p" : "0.15066",
      "s" : "buy",
      "i" : "BATUSD-PERP",
      "m" : "4611686018430933192"
    }, {
      "d" : "1756460053221764528",
      "t" : 1756460053221,
      "tn" : 1756460053221764528,
      "q" : "1",
      "p" : "0.15069",
      "s" : "buy",
      "i" : "BATUSD-PERP",
      "m" : "4611686018430933191"
    }, {
      "d" : "1756460053200543347",
      "t" : 1756460053200,
      "tn" : 1756460053200543347,
      "q" : "1",
      "p" : "0.15066",
      "s" : "buy",
      "i" : "BATUSD-PERP",
      "m" : "4611686018430933190"
    }, {
      "d" : "1756460006433089692",
      "t" : 1756460006433,
      "tn" : 1756460006433089692,
      "q" : "1",
      "p" : "0.15076",
      "s" : "buy",
      "i" : "BATUSD-PERP",
      "m" : "4611686018430933189"
    }, {
      "d" : "1756460001420059645",
      "t" : 1756460001420,
      "tn" : 1756460001420059645,
      "q" : "1",
      "p" : "0.15076",
      "s" : "buy",
      "i" : "BATUSD-PERP",
      "m" : "4611686018430933188"
    }, {
      "d" : "1756459981181190367",
      "t" : 1756459981181,
      "tn" : 1756459981181190367,
      "q" : "1",
      "p" : "0.15079",
      "s" : "buy",
      "i" : "BATUSD-PERP",
      "m" : "4611686018430933187"
    }, {
      "d" : "1756459981181187450",
      "t" : 1756459981181,
      "tn" : 1756459981181187450,
      "q" : "1",
      "p" : "0.15076",
      "s" : "buy",
      "i" : "BATUSD-PERP",
      "m" : "4611686018430933186"
    }, {
      "d" : "1756459980325971340",
      "t" : 1756459980325,
      "tn" : 1756459980325971340,
      "q" : "1",
      "p" : "0.15076",
      "s" : "buy",
      "i" : "BATUSD-PERP",
      "m" : "4611686018430933185"
    }, {
      "d" : "1756459979779722497",
      "t" : 1756459979779,
      "tn" : 1756459979779722497,
      "q" : "1",
      "p" : "0.15079",
      "s" : "buy",
      "i" : "BATUSD-PERP",
      "m" : "4611686018430933184"
    }, {
      "d" : "1756459979779720035",
      "t" : 1756459979779,
      "tn" : 1756459979779720035,
      "q" : "1",
      "p" : "0.15076",
      "s" : "buy",
      "i" : "BATUSD-PERP",
      "m" : "4611686018430933183"
    }, {
      "d" : "1756459977313241389",
      "t" : 1756459977313,
      "tn" : 1756459977313241389,
      "q" : "1",
      "p" : "0.15076",
      "s" : "buy",
      "i" : "BATUSD-PERP",
      "m" : "4611686018430933182"
    }, {
      "d" : "1756459977137872011",
      "t" : 1756459977137,
      "tn" : 1756459977137872011,
      "q" : "1",
      "p" : "0.15076",
      "s" : "buy",
      "i" : "BATUSD-PERP",
      "m" : "4611686018430933181"
    }, {
      "d" : "1756459974774246250",
      "t" : 1756459974774,
      "tn" : 1756459974774246250,
      "q" : "1",
      "p" : "0.15076",
      "s" : "buy",
      "i" : "BATUSD-PERP",
      "m" : "4611686018430933180"
    }, {
      "d" : "1756459969729779674",
      "t" : 1756459969729,
      "tn" : 1756459969729779674,
      "q" : "1",
      "p" : "0.15076",
      "s" : "buy",
      "i" : "BATUSD-PERP",
      "m" : "4611686018430933179"
    }, {
      "d" : "1756459955490197922",
      "t" : 1756459955490,
      "tn" : 1756459955490197922,
      "q" : "1",
      "p" : "0.15080",
      "s" : "sell",
      "i" : "BATUSD-PERP",
      "m" : "4611686018430933178"
    }, {
      "d" : "1756459940972262232",
      "t" : 1756459940972,
      "tn" : 1756459940972262232,
      "q" : "1",
      "p" : "0.15076",
      "s" : "buy",
      "i" : "BATUSD-PERP",
      "m" : "4611686018430933177"
    }, {
      "d" : "1756459930450483999",
      "t" : 1756459930450,
      "tn" : 1756459930450483999,
      "q" : "1",
      "p" : "0.15090",
      "s" : "sell",
      "i" : "BATUSD-PERP",
      "m" : "4611686018430933176"
    }, {
      "d" : "1756459930295022041",
      "t" : 1756459930295,
      "tn" : 1756459930295022041,
      "q" : "1",
      "p" : "0.15090",
      "s" : "sell",
      "i" : "BATUSD-PERP",
      "m" : "4611686018430933175"
    }, {
      "d" : "1756459905022069273",
      "t" : 1756459905022,
      "tn" : 1756459905022069273,
      "q" : "1",
      "p" : "0.15100",
      "s" : "sell",
      "i" : "BATUSD-PERP",
      "m" : "4611686018430933174"
    }, {
      "d" : "1756459887331033498",
      "t" : 1756459887331,
      "tn" : 1756459887331033498,
      "q" : "1",
      "p" : "0.15110",
      "s" : "sell",
      "i" : "BATUSD-PERP",
      "m" : "4611686018430933173"
    }, {
      "d" : "1756459886061767676",
      "t" : 1756459886061,
      "tn" : 1756459886061767676,
      "q" : "1",
      "p" : "0.15110",
      "s" : "sell",
      "i" : "BATUSD-PERP",
      "m" : "4611686018430933172"
    }, {
      "d" : "1756459881440187212",
      "t" : 1756459881440,
      "tn" : 1756459881440187212,
      "q" : "1",
      "p" : "0.15109",
      "s" : "buy",
      "i" : "BATUSD-PERP",
      "m" : "4611686018430933171"
    }, {
      "d" : "1756459881396634687",
      "t" : 1756459881396,
      "tn" : 1756459881396634687,
      "q" : "1",
      "p" : "0.15106",
      "s" : "buy",
      "i" : "BATUSD-PERP",
      "m" : "4611686018430933170"
    }, {
      "d" : "1756459881310257892",
      "t" : 1756459881310,
      "tn" : 1756459881310257892,
      "q" : "1",
      "p" : "0.15109",
      "s" : "buy",
      "i" : "BATUSD-PERP",
      "m" : "4611686018430933169"
    }, {
      "d" : "1756459881310255271",
      "t" : 1756459881310,
      "tn" : 1756459881310255271,
      "q" : "1",
      "p" : "0.15106",
      "s" : "buy",
      "i" : "BATUSD-PERP",
      "m" : "4611686018430933168"
    }, {
      "d" : "1756459875887462204",
      "t" : 1756459875887,
      "tn" : 1756459875887462204,
      "q" : "1",
      "p" : "0.15119",
      "s" : "buy",
      "i" : "BATUSD-PERP",
      "m" : "4611686018430933167"
    }, {
      "d" : "1756459875887460279",
      "t" : 1756459875887,
      "tn" : 1756459875887460279,
      "q" : "1",
      "p" : "0.15116",
      "s" : "buy",
      "i" : "BATUSD-PERP",
      "m" : "4611686018430933166"
    }, {
      "d" : "1756459871659803236",
      "t" : 1756459871659,
      "tn" : 1756459871659803236,
      "q" : "1",
      "p" : "0.15126",
      "s" : "buy",
      "i" : "BATUSD-PERP",
      "m" : "4611686018430933165"
    }, {
      "d" : "1756459863644415794",
      "t" : 1756459863644,
      "tn" : 1756459863644415794,
      "q" : "1",
      "p" : "0.15126",
      "s" : "buy",
      "i" : "BATUSD-PERP",
      "m" : "4611686018430933164"
    }, {
      "d" : "1756459834526433176",
      "t" : 1756459834526,
      "tn" : 1756459834526433176,
      "q" : "1",
      "p" : "0.15119",
      "s" : "buy",
      "i" : "BATUSD-PERP",
      "m" : "4611686018430933163"
    }, {
      "d" : "1756459834526431358",
      "t" : 1756459834526,
      "tn" : 1756459834526431358,
      "q" : "1",
      "p" : "0.15116",
      "s" : "buy",
      "i" : "BATUSD-PERP",
      "m" : "4611686018430933162"
    }, {
      "d" : "1756459834048613389",
      "t" : 1756459834048,
      "tn" : 1756459834048613389,
      "q" : "1",
      "p" : "0.15119",
      "s" : "buy",
      "i" : "BATUSD-PERP",
      "m" : "4611686018430933161"
    }, {
      "d" : "1756459834048610401",
      "t" : 1756459834048,
      "tn" : 1756459834048610401,
      "q" : "1",
      "p" : "0.15116",
      "s" : "buy",
      "i" : "BATUSD-PERP",
      "m" : "4611686018430933160"
    }, {
      "d" : "1756459831605095022",
      "t" : 1756459831605,
      "tn" : 1756459831605095022,
      "q" : "1",
      "p" : "0.15116",
      "s" : "buy",
      "i" : "BATUSD-PERP",
      "m" : "4611686018430933159"
    }, {
      "d" : "1756459831040501019",
      "t" : 1756459831040,
      "tn" : 1756459831040501019,
      "q" : "1",
      "p" : "0.15119",
      "s" : "buy",
      "i" : "BATUSD-PERP",
      "m" : "4611686018430933158"
    }, {
      "d" : "1756459831040498623",
      "t" : 1756459831040,
      "tn" : 1756459831040498623,
      "q" : "1",
      "p" : "0.15116",
      "s" : "buy",
      "i" : "BATUSD-PERP",
      "m" : "4611686018430933157"
    }, {
      "d" : "1756459830518537165",
      "t" : 1756459830518,
      "tn" : 1756459830518537165,
      "q" : "1",
      "p" : "0.15118",
      "s" : "buy",
      "i" : "BATUSD-PERP",
      "m" : "4611686018430933156"
    }, {
      "d" : "1756459830518534317",
      "t" : 1756459830518,
      "tn" : 1756459830518534317,
      "q" : "1",
      "p" : "0.15116",
      "s" : "buy",
      "i" : "BATUSD-PERP",
      "m" : "4611686018430933155"
    }, {
      "d" : "1756459828024279225",
      "t" : 1756459828024,
      "tn" : 1756459828024279225,
      "q" : "1",
      "p" : "0.15118",
      "s" : "buy",
      "i" : "BATUSD-PERP",
      "m" : "4611686018430933154"
    }, {
      "d" : "1756459828024276417",
      "t" : 1756459828024,
      "tn" : 1756459828024276417,
      "q" : "1",
      "p" : "0.15116",
      "s" : "buy",
      "i" : "BATUSD-PERP",
      "m" : "4611686018430933153"
    }, {
      "d" : "1756459826507090586",
      "t" : 1756459826507,
      "tn" : 1756459826507090586,
      "q" : "1",
      "p" : "0.15116",
      "s" : "buy",
      "i" : "BATUSD-PERP",
      "m" : "4611686018430933152"
    }, {
      "d" : "1756459826420943582",
      "t" : 1756459826420,
      "tn" : 1756459826420943582,
      "q" : "1",
      "p" : "0.15116",
      "s" : "buy",
      "i" : "BATUSD-PERP",
      "m" : "4611686018430933151"
    }, {
      "d" : "1756459800467829865",
      "t" : 1756459800467,
      "tn" : 1756459800467829865,
      "q" : "1",
      "p" : "0.15130",
      "s" : "sell",
      "i" : "BATUSD-PERP",
      "m" : "4611686018430933150"
    }, {
      "d" : "1756459777262086603",
      "t" : 1756459777262,
      "tn" : 1756459777262086603,
      "q" : "1",
      "p" : "0.15120",
      "s" : "sell",
      "i" : "BATUSD-PERP",
      "m" : "4611686018430933149"
    }, {
      "d" : "1756459760008228237",
      "t" : 1756459760008,
      "tn" : 1756459760008228237,
      "q" : "1",
      "p" : "0.15110",
      "s" : "sell",
      "i" : "BATUSD-PERP",
      "m" : "4611686018430933148"
    }, {
      "d" : "1756459741314679556",
      "t" : 1756459741314,
      "tn" : 1756459741314679556,
      "q" : "1",
      "p" : "0.15086",
      "s" : "buy",
      "i" : "BATUSD-PERP",
      "m" : "4611686018430933147"
    }, {
      "d" : "1756459684703436803",
      "t" : 1756459684703,
      "tn" : 1756459684703436803,
      "q" : "1",
      "p" : "0.15089",
      "s" : "buy",
      "i" : "BATUSD-PERP",
      "m" : "4611686018430933146"
    }, {
      "d" : "1756459684660227248",
      "t" : 1756459684660,
      "tn" : 1756459684660227248,
      "q" : "1",
      "p" : "0.15086",
      "s" : "buy",
      "i" : "BATUSD-PERP",
      "m" : "4611686018430933145"
    }, {
      "d" : "1756459684573566260",
      "t" : 1756459684573,
      "tn" : 1756459684573566260,
      "q" : "1",
      "p" : "0.15086",
      "s" : "buy",
      "i" : "BATUSD-PERP",
      "m" : "4611686018430933144"
    }, {
      "d" : "1756459681582891697",
      "t" : 1756459681582,
      "tn" : 1756459681582891697,
      "q" : "1",
      "p" : "0.15086",
      "s" : "buy",
      "i" : "BATUSD-PERP",
      "m" : "4611686018430933143"
    }, {
      "d" : "1756459680559316492",
      "t" : 1756459680559,
      "tn" : 1756459680559316492,
      "q" : "1",
      "p" : "0.15086",
      "s" : "buy",
      "i" : "BATUSD-PERP",
      "m" : "4611686018430933142"
    }, {
      "d" : "1756459680493784246",
      "t" : 1756459680493,
      "tn" : 1756459680493784246,
      "q" : "1",
      "p" : "0.15086",
      "s" : "buy",
      "i" : "BATUSD-PERP",
      "m" : "4611686018430933141"
    }, {
      "d" : "1756459679289897628",
      "t" : 1756459679289,
      "tn" : 1756459679289897628,
      "q" : "1",
      "p" : "0.15080",
      "s" : "sell",
      "i" : "BATUSD-PERP",
      "m" : "4611686018430933140"
    }, {
      "d" : "1756459677507394570",
      "t" : 1756459677507,
      "tn" : 1756459677507394570,
      "q" : "1",
      "p" : "0.15080",
      "s" : "sell",
      "i" : "BATUSD-PERP",
      "m" : "4611686018430933139"
    }, {
      "d" : "1756459669249495656",
      "t" : 1756459669249,
      "tn" : 1756459669249495656,
      "q" : "1",
      "p" : "0.15080",
      "s" : "sell",
      "i" : "BATUSD-PERP",
      "m" : "4611686018430933138"
    }, {
      "d" : "1756459667476581133",
      "t" : 1756459667476,
      "tn" : 1756459667476581133,
      "q" : "1",
      "p" : "0.15080",
      "s" : "sell",
      "i" : "BATUSD-PERP",
      "m" : "4611686018430933137"
    }, {
      "d" : "1756459625206223186",
      "t" : 1756459625206,
      "tn" : 1756459625206223186,
      "q" : "1",
      "p" : "0.15076",
      "s" : "buy",
      "i" : "BATUSD-PERP",
      "m" : "4611686018430933136"
    }, {
      "d" : "1756459625117408536",
      "t" : 1756459625117,
      "tn" : 1756459625117408536,
      "q" : "1",
      "p" : "0.15076",
      "s" : "buy",
      "i" : "BATUSD-PERP",
      "m" : "4611686018430933135"
    }, {
      "d" : "1756459622125074792",
      "t" : 1756459622125,
      "tn" : 1756459622125074792,
      "q" : "1",
      "p" : "0.15076",
      "s" : "buy",
      "i" : "BATUSD-PERP",
      "m" : "4611686018430933134"
    }, {
      "d" : "1756459621108464428",
      "t" : 1756459621108,
      "tn" : 1756459621108464428,
      "q" : "1",
      "p" : "0.15076",
      "s" : "buy",
      "i" : "BATUSD-PERP",
      "m" : "4611686018430933133"
    }, {
      "d" : "1756459620118307196",
      "t" : 1756459620118,
      "tn" : 1756459620118307196,
      "q" : "1",
      "p" : "0.15076",
      "s" : "buy",
      "i" : "BATUSD-PERP",
      "m" : "4611686018430933132"
    }, {
      "d" : "1756459613235220449",
      "t" : 1756459613235,
      "tn" : 1756459613235220449,
      "q" : "1",
      "p" : "0.15080",
      "s" : "sell",
      "i" : "BATUSD-PERP",
      "m" : "4611686018430933131"
    }, {
      "d" : "1756459611969366183",
      "t" : 1756459611969,
      "tn" : 1756459611969366183,
      "q" : "1",
      "p" : "0.15086",
      "s" : "buy",
      "i" : "BATUSD-PERP",
      "m" : "4611686018430933130"
    }, {
      "d" : "1756459610948734328",
      "t" : 1756459610948,
      "tn" : 1756459610948734328,
      "q" : "1",
      "p" : "0.15086",
      "s" : "buy",
      "i" : "BATUSD-PERP",
      "m" : "4611686018430933129"
    }, {
      "d" : "1756459610884506885",
      "t" : 1756459610884,
      "tn" : 1756459610884506885,
      "q" : "1",
      "p" : "0.15086",
      "s" : "buy",
      "i" : "BATUSD-PERP",
      "m" : "4611686018430933128"
    }, {
      "d" : "1756459607880587334",
      "t" : 1756459607880,
      "tn" : 1756459607880587334,
      "q" : "1",
      "p" : "0.15086",
      "s" : "buy",
      "i" : "BATUSD-PERP",
      "m" : "4611686018430933127"
    }, {
      "d" : "1756459606864389313",
      "t" : 1756459606864,
      "tn" : 1756459606864389313,
      "q" : "1",
      "p" : "0.15086",
      "s" : "buy",
      "i" : "BATUSD-PERP",
      "m" : "4611686018430933126"
    }, {
      "d" : "1756459606778399492",
      "t" : 1756459606778,
      "tn" : 1756459606778399492,
      "q" : "1",
      "p" : "0.15086",
      "s" : "buy",
      "i" : "BATUSD-PERP",
      "m" : "4611686018430933125"
    }, {
      "d" : "1756459604836833796",
      "t" : 1756459604836,
      "tn" : 1756459604836833796,
      "q" : "1",
      "p" : "0.15076",
      "s" : "buy",
      "i" : "BATUSD-PERP",
      "m" : "4611686018430933124"
    }, {
      "d" : "1756459602769538098",
      "t" : 1756459602769,
      "tn" : 1756459602769538098,
      "q" : "1",
      "p" : "0.15086",
      "s" : "buy",
      "i" : "BATUSD-PERP",
      "m" : "4611686018430933123"
    }, {
      "d" : "1756459601778300200",
      "t" : 1756459601778,
      "tn" : 1756459601778300200,
      "q" : "1",
      "p" : "0.15086",
      "s" : "buy",
      "i" : "BATUSD-PERP",
      "m" : "4611686018430933122"
    }, {
      "d" : "1756459600525889312",
      "t" : 1756459600525,
      "tn" : 1756459600525889312,
      "q" : "1",
      "p" : "0.15090",
      "s" : "sell",
      "i" : "BATUSD-PERP",
      "m" : "4611686018430933121"
    }, {
      "d" : "1756459600370572180",
      "t" : 1756459600370,
      "tn" : 1756459600370572180,
      "q" : "1",
      "p" : "0.15090",
      "s" : "sell",
      "i" : "BATUSD-PERP",
      "m" : "4611686018430933120"
    }, {
      "d" : "1756459598050527464",
      "t" : 1756459598050,
      "tn" : 1756459598050527464,
      "q" : "1",
      "p" : "0.15090",
      "s" : "sell",
      "i" : "BATUSD-PERP",
      "m" : "4611686018430933119"
    }, {
      "d" : "1756459597871719903",
      "t" : 1756459597871,
      "tn" : 1756459597871719903,
      "q" : "1",
      "p" : "0.15090",
      "s" : "sell",
      "i" : "BATUSD-PERP",
      "m" : "4611686018430933118"
    }, {
      "d" : "1756459588000984653",
      "t" : 1756459588000,
      "tn" : 1756459588000984653,
      "q" : "1",
      "p" : "0.15090",
      "s" : "sell",
      "i" : "BATUSD-PERP",
      "m" : "4611686018430933117"
    }, {
      "d" : "1756459587864450301",
      "t" : 1756459587864,
      "tn" : 1756459587864450301,
      "q" : "1",
      "p" : "0.15091",
      "s" : "sell",
      "i" : "BATUSD-PERP",
      "m" : "4611686018430933116"
    }, {
      "d" : "1756459587606240579",
      "t" : 1756459587606,
      "tn" : 1756459587606240579,
      "q" : "1",
      "p" : "0.15086",
      "s" : "buy",
      "i" : "BATUSD-PERP",
      "m" : "4611686018430933115"
    }, {
      "d" : "1756459585275543128",
      "t" : 1756459585275,
      "tn" : 1756459585275543128,
      "q" : "1",
      "p" : "0.15086",
      "s" : "buy",
      "i" : "BATUSD-PERP",
      "m" : "4611686018430933114"
    }, {
      "d" : "1756459585122935705",
      "t" : 1756459585122,
      "tn" : 1756459585122935705,
      "q" : "1",
      "p" : "0.15089",
      "s" : "buy",
      "i" : "BATUSD-PERP",
      "m" : "4611686018430933113"
    }, {
      "d" : "1756459585122933376",
      "t" : 1756459585122,
      "tn" : 1756459585122933376,
      "q" : "1",
      "p" : "0.15086",
      "s" : "buy",
      "i" : "BATUSD-PERP",
      "m" : "4611686018430933112"
    }, {
      "d" : "1756459584207397894",
      "t" : 1756459584207,
      "tn" : 1756459584207397894,
      "q" : "1",
      "p" : "0.15086",
      "s" : "buy",
      "i" : "BATUSD-PERP",
      "m" : "4611686018430933111"
    }, {
      "d" : "1756459582109858043",
      "t" : 1756459582109,
      "tn" : 1756459582109858043,
      "q" : "1",
      "p" : "0.15086",
      "s" : "buy",
      "i" : "BATUSD-PERP",
      "m" : "4611686018430933110"
    }, {
      "d" : "1756459580193713749",
      "t" : 1756459580193,
      "tn" : 1756459580193713749,
      "q" : "1",
      "p" : "0.15086",
      "s" : "buy",
      "i" : "BATUSD-PERP",
      "m" : "4611686018430933109"
    }, {
      "d" : "1756459580107128309",
      "t" : 1756459580107,
      "tn" : 1756459580107128309,
      "q" : "1",
      "p" : "0.15086",
      "s" : "buy",
      "i" : "BATUSD-PERP",
      "m" : "4611686018430933108"
    }, {
      "d" : "1756459564916443734",
      "t" : 1756459564916,
      "tn" : 1756459564916443734,
      "q" : "1",
      "p" : "0.15086",
      "s" : "buy",
      "i" : "BATUSD-PERP",
      "m" : "4611686018430933107"
    }, {
      "d" : "1756459551420161644",
      "t" : 1756459551420,
      "tn" : 1756459551420161644,
      "q" : "1",
      "p" : "0.15091",
      "s" : "sell",
      "i" : "BATUSD-PERP",
      "m" : "4611686018430933106"
    }, {
      "d" : "1756459549793788137",
      "t" : 1756459549793,
      "tn" : 1756459549793788137,
      "q" : "1",
      "p" : "0.15091",
      "s" : "sell",
      "i" : "BATUSD-PERP",
      "m" : "4611686018430933105"
    }, {
      "d" : "1756459545437113998",
      "t" : 1756459545437,
      "tn" : 1756459545437113998,
      "q" : "1",
      "p" : "0.15086",
      "s" : "buy",
      "i" : "BATUSD-PERP",
      "m" : "4611686018430933104"
    }, {
      "d" : "1756459532922023928",
      "t" : 1756459532922,
      "tn" : 1756459532922023928,
      "q" : "1",
      "p" : "0.15086",
      "s" : "buy",
      "i" : "BATUSD-PERP",
      "m" : "4611686018430933103"
    }, {
      "d" : "1756459520077117275",
      "t" : 1756459520077,
      "tn" : 1756459520077117275,
      "q" : "1",
      "p" : "0.15071",
      "s" : "sell",
      "i" : "BATUSD-PERP",
      "m" : "4611686018430933102"
    }, {
      "d" : "1756459504898541927",
      "t" : 1756459504898,
      "tn" : 1756459504898541927,
      "q" : "1",
      "p" : "0.15091",
      "s" : "sell",
      "i" : "BATUSD-PERP",
      "m" : "4611686018430933101"
    }, {
      "d" : "1756459504739994957",
      "t" : 1756459504739,
      "tn" : 1756459504739994957,
      "q" : "1",
      "p" : "0.15091",
      "s" : "sell",
      "i" : "BATUSD-PERP",
      "m" : "4611686018430933100"
    }, {
      "d" : "1756459501750452217",
      "t" : 1756459501750,
      "tn" : 1756459501750452217,
      "q" : "1",
      "p" : "0.15091",
      "s" : "sell",
      "i" : "BATUSD-PERP",
      "m" : "4611686018430933099"
    }, {
      "d" : "1756459478479247710",
      "t" : 1756459478479,
      "tn" : 1756459478479247710,
      "q" : "1",
      "p" : "0.15081",
      "s" : "sell",
      "i" : "BATUSD-PERP",
      "m" : "4611686018430933098"
    }, {
      "d" : "1756459476440539736",
      "t" : 1756459476440,
      "tn" : 1756459476440539736,
      "q" : "1",
      "p" : "0.15081",
      "s" : "sell",
      "i" : "BATUSD-PERP",
      "m" : "4611686018430933097"
    }, {
      "d" : "1756459466358903846",
      "t" : 1756459466358,
      "tn" : 1756459466358903846,
      "q" : "1",
      "p" : "0.15081",
      "s" : "sell",
      "i" : "BATUSD-PERP",
      "m" : "4611686018430933096"
    }, {
      "d" : "1756459451332536988",
      "t" : 1756459451332,
      "tn" : 1756459451332536988,
      "q" : "1",
      "p" : "0.15086",
      "s" : "buy",
      "i" : "BATUSD-PERP",
      "m" : "4611686018430933095"
    }, {
      "d" : "1756459450317534944",
      "t" : 1756459450317,
      "tn" : 1756459450317534944,
      "q" : "1",
      "p" : "0.15086",
      "s" : "buy",
      "i" : "BATUSD-PERP",
      "m" : "4611686018430933094"
    }, {
      "d" : "1756459449190439709",
      "t" : 1756459449190,
      "tn" : 1756459449190439709,
      "q" : "1",
      "p" : "0.15106",
      "s" : "buy",
      "i" : "BATUSD-PERP",
      "m" : "4611686018430933093"
    }, {
      "d" : "1756459448213116916",
      "t" : 1756459448213,
      "tn" : 1756459448213116916,
      "q" : "1",
      "p" : "0.15106",
      "s" : "buy",
      "i" : "BATUSD-PERP",
      "m" : "4611686018430933092"
    }, {
      "d" : "1756459445879063213",
      "t" : 1756459445879,
      "tn" : 1756459445879063213,
      "q" : "1",
      "p" : "0.15106",
      "s" : "buy",
      "i" : "BATUSD-PERP",
      "m" : "4611686018430933091"
    }, {
      "d" : "1756459444197766190",
      "t" : 1756459444197,
      "tn" : 1756459444197766190,
      "q" : "1",
      "p" : "0.15106",
      "s" : "buy",
      "i" : "BATUSD-PERP",
      "m" : "4611686018430933090"
    }, {
      "d" : "1756459440874471084",
      "t" : 1756459440874,
      "tn" : 1756459440874471084,
      "q" : "1",
      "p" : "0.15106",
      "s" : "buy",
      "i" : "BATUSD-PERP",
      "m" : "4611686018430933089"
    }, {
      "d" : "1756459440139037051",
      "t" : 1756459440139,
      "tn" : 1756459440139037051,
      "q" : "1",
      "p" : "0.15106",
      "s" : "buy",
      "i" : "BATUSD-PERP",
      "m" : "4611686018430933088"
    }, {
      "d" : "1756459436124601271",
      "t" : 1756459436124,
      "tn" : 1756459436124601271,
      "q" : "1",
      "p" : "0.15106",
      "s" : "buy",
      "i" : "BATUSD-PERP",
      "m" : "4611686018430933087"
    }, {
      "d" : "1756459435861326538",
      "t" : 1756459435861,
      "tn" : 1756459435861326538,
      "q" : "1",
      "p" : "0.15106",
      "s" : "buy",
      "i" : "BATUSD-PERP",
      "m" : "4611686018430933086"
    }, {
      "d" : "1756459430859123232",
      "t" : 1756459430859,
      "tn" : 1756459430859123232,
      "q" : "1",
      "p" : "0.15106",
      "s" : "buy",
      "i" : "BATUSD-PERP",
      "m" : "4611686018430933085"
    }, {
      "d" : "1756459425853844751",
      "t" : 1756459425853,
      "tn" : 1756459425853844751,
      "q" : "1",
      "p" : "0.15106",
      "s" : "buy",
      "i" : "BATUSD-PERP",
      "m" : "4611686018430933084"
    }, {
      "d" : "1756459420842858481",
      "t" : 1756459420842,
      "tn" : 1756459420842858481,
      "q" : "1",
      "p" : "0.15106",
      "s" : "buy",
      "i" : "BATUSD-PERP",
      "m" : "4611686018430933083"
    }, {
      "d" : "1756459415841455930",
      "t" : 1756459415841,
      "tn" : 1756459415841455930,
      "q" : "1",
      "p" : "0.15106",
      "s" : "buy",
      "i" : "BATUSD-PERP",
      "m" : "4611686018430933082"
    }, {
      "d" : "1756459413853747263",
      "t" : 1756459413853,
      "tn" : 1756459413853747263,
      "q" : "1",
      "p" : "0.15111",
      "s" : "sell",
      "i" : "BATUSD-PERP",
      "m" : "4611686018430933081"
    }, {
      "d" : "1756459388530684404",
      "t" : 1756459388530,
      "tn" : 1756459388530684404,
      "q" : "1",
      "p" : "0.15106",
      "s" : "buy",
      "i" : "BATUSD-PERP",
      "m" : "4611686018430933080"
    }, {
      "d" : "1756459387560970518",
      "t" : 1756459387560,
      "tn" : 1756459387560970518,
      "q" : "1",
      "p" : "0.15106",
      "s" : "buy",
      "i" : "BATUSD-PERP",
      "m" : "4611686018430933079"
    }, {
      "d" : "1756459387445048913",
      "t" : 1756459387445,
      "tn" : 1756459387445048913,
      "q" : "1",
      "p" : "0.15106",
      "s" : "buy",
      "i" : "BATUSD-PERP",
      "m" : "4611686018430933078"
    }, {
      "d" : "1756459381779030741",
      "t" : 1756459381779,
      "tn" : 1756459381779030741,
      "q" : "1",
      "p" : "0.15111",
      "s" : "sell",
      "i" : "BATUSD-PERP",
      "m" : "4611686018430933077"
    }, {
      "d" : "1756459381649334144",
      "t" : 1756459381649,
      "tn" : 1756459381649334144,
      "q" : "1",
      "p" : "0.15111",
      "s" : "sell",
      "i" : "BATUSD-PERP",
      "m" : "4611686018430933076"
    } ]
  }
}