{
  "id" : -1,
  "method" : "public/get-trades",
  "code" : 0,
  "result" : {
    "data" : [ {
      "d" : "1756459726729921502",
      "t" : 1756459726729,
      "tn" : 1756459726729921502,
      "q" : "1.529",
      "p" : "0.0048787",
      "s" : "buy",
      "i" : "BCH_BTC",
      "m" : "4611686018430262017"
    }, {
      "d" : "1756455372819922826",
      "t" : 1756455372819,
      "tn" : 1756455372819922826,
      "q" : "0.133",
      "p" : "0.0048719",
      "s" : "sell",
      "i" : "BCH_BTC",
      "m" : "4611686018430262016"
    }, {
      "d" : "1756455076742414105",
      "t" : 1756455076742,
      "tn" : 1756455076742414105,
      "q" : "0.133",
      "p" : "0.0048809",
      "s" : "buy",
      "i" : "BCH_BTC",
      "m" : "4611686018430262015"
    }, {
      "d" : "1756454961469226440",
      "t" : 1756454961469,
      "tn" : 1756454961469226440,
      "q" : "0.417",
      "p" : "0.0048815",
      "s" : "sell",
      "i" : "BCH_BTC",
      "m" : "4611686018430262014"
    }, {
      "d" : "1756451817147915831",
      "t" : 1756451817147,
      "tn" : 1756451817147915831,
      "q" : "0.144",
      "p" : "0.0048973",
      "s" : "sell",
      "i" : "BCH_BTC",
      "m" : "4611686018430262013"
    }, {
      "d" : "1756451586763133672",
      "t" : 1756451586763,
      "tn" : 1756451586763133672,
      "q" : "0.220",
      "p" : "0.0049035",
      "s" : "buy",
      "i" : "BCH_BTC",
      "m" : "4611686018430262012"
    }, {
      "d" : "1756450946779946804",
      "t" : 1756450946779,
      "tn" : 1756450946779946803,
      "q" : "0.540",
      "p" : "0.0048886",
      "s" : "sell",
      "i" : "BCH_BTC",
      "m" : "4611686018430262011"
    }, {
      "d" : "1756450946779946803",
      "t" : 1756450946779,
      "tn" : 1756450946779946803,
      "q" : "0.921",
      "p" : "0.0048886",
      "s" : "sell",
      "i" : "BCH_BTC",
      "m" : "4611686018430262011"
    }, {
      "d" : "1756450945605888408",
      "t" : 1756450945605,
      "tn" : 1756450945605888407,
      "q" : "0.519",
      "p" : "0.0048928",
      "s" : "sell",
      "i" : "BCH_BTC",
      "m" : "4611686018430262010"
    }, {
      "d" : "1756450945605888407",
      "t" : 1756450945605,
      "tn" : 1756450945605888407,
      "q" : "0.074",
      "p" : "0.0048928",
      "s" : "sell",
      "i" : "BCH_BTC",
      "m" : "4611686018430262010"
    }, {
      "d" : "1756450558701051569",
      "t" : 1756450558701,
      "tn" : 1756450558701051569,
      "q" : "1.419",
      "p" : "0.0049045",
      "s" : "sell",
      "i" : "BCH_BTC",
      "m" : "4611686018430262009"
    }, {
      "d" : "1756450558701048154",
      "t" : 1756450558701,
      "tn" : 1756450558701048154,
      "q" : "0.049",
      "p" : "0.0049046",
      "s" : "sell",
      "i" : "BCH_BTC",
      "m" : "4611686018430262008"
    }, {
      "d" : "1756450429932017988",
      "t" : 1756450429932,
      "tn" : 1756450429932017988,
      "q" : "0.197",
      "p" : "0.0048802",
      "s" : "sell",
      "i" : "BCH_BTC",
      "m" : "4611686018430262007"
    }, {
      "d" : "1756450317758728037",
      "t" : 1756450317758,
      "tn" : 1756450317758728037,
      "q" : "0.277",
      "p" : "0.0049104",
      "s" : "sell",
      "i" : "BCH_BTC",
      "m" : "4611686018430262006"
    }, {
      "d" : "1756450317540310508",
      "t" : 1756450317540,
      "tn" : 1756450317540310506,
      "q" : "1.303",
      "p" : "0.0049031",
      "s" : "buy",
      "i" : "BCH_BTC",
      "m" : "4611686018430262005"
    }, {
      "d" : "1756450317540310507",
      "t" : 1756450317540,
      "tn" : 1756450317540310506,
      "q" : "0.553",
      "p" : "0.0049031",
      "s" : "buy",
      "i" : "BCH_BTC",
      "m" : "4611686018430262005"
    }, {
      "d" : "1756450317540310506",
      "t" : 1756450317540,
      "tn" : 1756450317540310506,
      "q" : "0.815",
      "p" : "0.0049031",
      "s" : "buy",
      "i" : "BCH_BTC",
      "m" : "4611686018430262005"
    }, {
      "d" : "1756450317540305662",
      "t" : 1756450317540,
      "tn" : 1756450317540305661,
      "q" : "0.085",
      "p" : "0.0049030",
      "s" : "buy",
      "i" : "BCH_BTC",
      "m" : "4611686018430262004"
    }, {
      "d" : "1756450317540305661",
      "t" : 1756450317540,
      "tn" : 1756450317540305661,
      "q" : "1.304",
      "p" : "0.0049030",
      "s" : "buy",
      "i" : "BCH_BTC",
      "m" : "4611686018430262004"
    }, {
      "d" : "1756450244375629133",
      "t" : 1756450244375,
      "tn" : 1756450244375629133,
      "q" : "0.222",
      "p" : "0.0048881",
      "s" : "sell",
      "i" : "BCH_BTC",
      "m" : "4611686018430262003"
    }, {
      "d" : "1756450242988549524",
      "t" : 1756450242988,
      "tn" : 1756450242988549524,
      "q" : "0.003",
      "p" : "0.0049000",
      "s" : "sell",
      "i" : "BCH_BTC",
      "m" : "4611686018430262002"
    }, {
      "d" : "1756449840547623050",
      "t" : 1756449840547,
      "tn" : 1756449840547623050,
      "q" : "0.173",
      "p" : "0.0049132",
      "s" : "sell",
      "i" : "BCH_BTC",
      "m" : "4611686018430262001"
    }, {
      "d" : "1756449604166824580",
      "t" : 1756449604166,
      "tn" : 1756449604166824580,
      "q" : "0.220",
      "p" : "0.0049131",
      "s" : "sell",
      "i" : "BCH_BTC",
      "m" : "4611686018430262000"
    }, {
      "d" : "1756449527920416143",
      "t" : 1756449527920,
      "tn" : 1756449527920416143,
      "q" : "0.220",
      "p" : "0.0049305",
      "s" : "sell",
      "i" : "BCH_BTC",
      "m" : "4611686018430261999"
    }, {
      "d" : "1756449504352657921",
      "t" : 1756449504352,
      "tn" : 1756449504352657921,
      "q" : "0.271",
      "p" : "0.0049429",
      "s" : "sell",
      "i" : "BCH_BTC",
      "m" : "4611686018430261998"
    }, {
      "d" : "1756449502426229983",
      "t" : 1756449502426,
      "tn" : 1756449502426229983,
      "q" : "0.220",
      "p" : "0.0049409",
      "s" : "buy",
      "i" : "BCH_BTC",
      "m" : "4611686018430261997"
    }, {
      "d" : "1756449490698082486",
      "t" : 1756449490698,
      "tn" : 1756449490698082486,
      "q" : "0.001",
      "p" : "0.0049399",
      "s" : "sell",
      "i" : "BCH_BTC",
      "m" : "4611686018430261996"
    }, {
      "d" : "1756449490655369772",
      "t" : 1756449490655,
      "tn" : 1756449490655369771,
      "q" : "0.040",
      "p" : "0.0049399",
      "s" : "sell",
      "i" : "BCH_BTC",
      "m" : "4611686018430261995"
    }, {
      "d" : "1756449490655369771",
      "t" : 1756449490655,
      "tn" : 1756449490655369771,
      "q" : "0.164",
      "p" : "0.0049399",
      "s" : "sell",
      "i" : "BCH_BTC",
      "m" : "4611686018430261995"
    }, {
      "d" : "1756449485064416870",
      "t" : 1756449485064,
      "tn" : 1756449485064416870,
      "q" : "0.410",
      "p" : "0.0049406",
      "s" : "buy",
      "i" : "BCH_BTC",
      "m" : "4611686018430261994"
    }, {
      "d" : "1756449483151488129",
      "t" : 1756449483151,
      "tn" : 1756449483151488129,
      "q" : "0.205",
      "p" : "0.0049392",
      "s" : "buy",
      "i" : "BCH_BTC",
      "m" : "4611686018430261993"
    }, {
      "d" : "1756449475328134597",
      "t" : 1756449475328,
      "tn" : 1756449475328134597,
      "q" : "0.220",
      "p" : "0.0049401",
      "s" : "sell",
      "i" : "BCH_BTC",
      "m" : "4611686018430261992"
    }, {
      "d" : "1756449466755911072",
      "t" : 1756449466755,
      "tn" : 1756449466755911072,
      "q" : "0.195",
      "p" : "0.0049401",
      "s" : "sell",
      "i" : "BCH_BTC",
      "m" : "4611686018430261991"
    }, {
      "d" : "1756447467107419390",
      "t" : 1756447467107,
      "tn" : 1756447467107419390,
      "q" : "0.903",
      "p" : "0.0049801",
      "s" : "sell",
      "i" : "BCH_BTC",
      "m" : "4611686018430261990"
    }, {
      "d" : "1756447007940675532",
      "t" : 1756447007940,
      "tn" : 1756447007940675532,
      "q" : "0.440",
      "p" : "0.0049945",
      "s" : "sell",
      "i" : "BCH_BTC",
      "m" : "4611686018430261989"
    }, {
      "d" : "1756445383975685489",
      "t" : 1756445383975,
      "tn" : 1756445383975685489,
      "q" : "1.343",
      "p" : "0.0049914",
      "s" : "buy",
      "i" : "BCH_BTC",
      "m" : "4611686018430261988"
    }, {
      "d" : "1756441105621996970",
      "t" : 1756441105621,
      "tn" : 1756441105621996970,
      "q" : "0.194",
      "p" : "0.0049612",
      "s" : "sell",
      "i" : "BCH_BTC",
      "m" : "4611686018430261987"
    }, {
      "d" : "1756441104651228223",
      "t" : 1756441104651,
      "tn" : 1756441104651228223,
      "q" : "0.157",
      "p" : "0.0049612",
      "s" : "sell",
      "i" : "BCH_BTC",
      "m" : "4611686018430261986"
    }, {
      "d" : "1756440739688983572",
      "t" : 1756440739688,
      "tn" : 1756440739688983572,
      "q" : "0.157",
      "p" : "0.0049587",
      "s" : "buy",
      "i" : "BCH_BTC",
      "m" : "4611686018430261985"
    }, {
      "d" : "1756440739679048033",
      "t" : 1756440739679,
      "tn" : 1756440739679048033,
      "q" : "0.163",
      "p" : "0.0049587",
      "s" : "buy",
      "i" : "BCH_BTC",
      "m" : "4611686018430261984"
    }, {
      "d" : "1756440734636619858",
      "t" : 1756440734636,
      "tn" : 1756440734636619858,
      "q" : "0.104",
      "p" : "0.0049959",
      "s" : "sell",
      "i" : "BCH_BTC",
      "m" : "4611686018430261983"
    }, {
      "d" : "1756440734636518173",
      "t" : 1756440734636,
      "tn" : 1756440734636518173,
      "q" : "0.423",
      "p" : "0.0049959",
      "s" : "sell",
      "i" : "BCH_BTC",
      "m" : "4611686018430261982"
    }, {
      "d" : "1756440734636516338",
      "t" : 1756440734636,
      "tn" : 1756440734636516338,
      "q" : "0.368",
      "p" : "0.0049960",
      "s" : "sell",
      "i" : "BCH_BTC",
      "m" : "4611686018430261981"
    }, {
      "d" : "1756440734635419670",
      "t" : 1756440734635,
      "tn" : 1756440734635419670,
      "q" : "0.424",
      "p" : "0.0049960",
      "s" : "sell",
      "i" : "BCH_BTC",
      "m" : "4611686018430261980"
    }, {
      "d" : "1756437863843329138",
      "t" : 1756437863843,
      "tn" : 1756437863843329138,
      "q" : "0.908",
      "p" : "0.0049948",
      "s" : "sell",
      "i" : "BCH_BTC",
      "m" : "4611686018430261979"
    }, {
      "d" : "1756437542706573625",
      "t" : 1756437542706,
      "tn" : 1756437542706573625,
      "q" : "0.450",
      "p" : "0.0050037",
      "s" : "buy",
      "i" : "BCH_BTC",
      "m" : "4611686018430261978"
    }, {
      "d" : "1756437491411719138",
      "t" : 1756437491411,
      "tn" : 1756437491411719138,
      "q" : "0.194",
      "p" : "0.0050001",
      "s" : "buy",
      "i" : "BCH_BTC",
      "m" : "4611686018430261977"
    }, {
      "d" : "1756434001457170278",
      "t" : 1756434001457,
      "tn" : 1756434001457170278,
      "q" : "0.048",
      "p" : "0.0049748",
      "s" : "buy",
      "i" : "BCH_BTC",
      "m" : "4611686018430261976"
    }, {
      "d" : "1756430598285978603",
      "t" : 1756430598285,
      "tn" : 1756430598285978603,
      "q" : "0.410",
      "p" : "0.0049579",
      "s" : "buy",
      "i" : "BCH_BTC",
      "m" : "4611686018430261975"
    }, {
      "d" : "1756410271332005423",
      "t" : 1756410271332,
      "tn" : 1756410271332005423,
      "q" : "0.326",
      "p" : "0.0049203",
      "s" : "sell",
      "i" : "BCH_BTC",
      "m" : "4611686018430261974"
    }, {
      "d" : "1756410271332003430",
      "t" : 1756410271332,
      "tn" : 1756410271332003430,
      "q" : "0.770",
      "p" : "0.0049204",
      "s" : "sell",
      "i" : "BCH_BTC",
      "m" : "4611686018430261973"
    }, {
      "d" : "1756410210381969092",
      "t" : 1756410210381,
      "tn" : 1756410210381969092,
      "q" : "0.284",
      "p" : "0.0049196",
      "s" : "sell",
      "i" : "BCH_BTC",
      "m" : "4611686018430261972"
    }, {
      "d" : "1756410210381966026",
      "t" : 1756410210381,
      "tn" : 1756410210381966026,
      "q" : "0.230",
      "p" : "0.0049197",
      "s" : "sell",
      "i" : "BCH_BTC",
      "m" : "4611686018430261971"
    }, {
      "d" : "1756410150050031587",
      "t" : 1756410150050,
      "tn" : 1756410150050031587,
      "q" : "1.337",
      "p" : "0.0049174",
      "s" : "sell",
      "i" : "BCH_BTC",
      "m" : "4611686018430261970"
    }, {
      "d" : "1756410150050029519",
      "t" : 1756410150050,
      "tn" : 1756410150050029519,
      "q" : "0.628",
      "p" : "0.0049176",
      "s" : "sell",
      "i" : "BCH_BTC",
      "m" : "4611686018430261969"
    }, {
      "d" : "1756405510219882331",
      "t" : 1756405510219,
      "tn" : 1756405510219882331,
      "q" : "0.450",
      "p" : "0.0049274",
      "s" : "buy",
      "i" : "BCH_BTC",
      "m" : "4611686018430261968"
    }, {
      "d" : "1756405510219879976",
      "t" : 1756405510219,
      "tn" : 1756405510219879975,
      "q" : "1.726",
      "p" : "0.0049273",
      "s" : "buy",
      "i" : "BCH_BTC",
      "m" : "4611686018430261967"
    }, {
      "d" : "1756405510219879975",
      "t" : 1756405510219,
      "tn" : 1756405510219879975,
      "q" : "1.399",
      "p" : "0.0049273",
      "s" : "buy",
      "i" : "BCH_BTC",
      "m" : "4611686018430261967"
    }, {
      "d" : "1756399577033144528",
      "t" : 1756399577033,
      "tn" : 1756399577033144528,
      "q" : "0.580",
      "p" : "0.0049126",
      "s" : "sell",
      "i" : "BCH_BTC",
      "m" : "4611686018430261966"
    }, {
      "d" : "1756399577033142518",
      "t" : 1756399577033,
      "tn" : 1756399577033142518,
      "q" : "0.522",
      "p" : "0.0049127",
      "s" : "sell",
      "i" : "BCH_BTC",
      "m" : "4611686018430261965"
    }, {
      "d" : "1756399577033140710",
      "t" : 1756399577033,
      "tn" : 1756399577033140710,
      "q" : "0.550",
      "p" : "0.0049128",
      "s" : "sell",
      "i" : "BCH_BTC",
      "m" : "4611686018430261964"
    }, {
      "d" : "1756396763763096761",
      "t" : 1756396763763,
      "tn" : 1756396763763096761,
      "q" : "0.440",
      "p" : "0.0049215",
      "s" : "sell",
      "i" : "BCH_BTC",
      "m" : "4611686018430261963"
    }, {
      "d" : "1756396170006214317",
      "t" : 1756396170006,
      "tn" : 1756396170006214316,
      "q" : "0.590",
      "p" : "0.0049245",
      "s" : "sell",
      "i" : "BCH_BTC",
      "m" : "4611686018430261962"
    }, {
      "d" : "1756396170006214316",
      "t" : 1756396170006,
      "tn" : 1756396170006214316,
      "q" : "1.361",
      "p" : "0.0049245",
      "s" : "sell",
      "i" : "BCH_BTC",
      "m" : "4611686018430261962"
    }, {
      "d" : "1756395889197849921",
      "t" : 1756395889197,
      "tn" : 1756395889197849921,
      "q" : "0.220",
      "p" : "0.0049335",
      "s" : "sell",
      "i" : "BCH_BTC",
      "m" : "4611686018430261961"
    }, {
      "d" : "1756395229755385472",
      "t" : 1756395229755,
      "tn" : 1756395229755385472,
      "q" : "0.876",
      "p" : "0.0049417",
      "s" : "buy",
      "i" : "BCH_BTC",
      "m" : "4611686018430261960"
    }, {
      "d" : "1756395229743401668",
      "t" : 1756395229743,
      "tn" : 1756395229743401668,
      "q" : "0.005",
      "p" : "0.0049417",
      "s" : "buy",
      "i" : "BCH_BTC",
      "m" : "4611686018430261959"
    }, {
      "d" : "1756395229723763935",
      "t" : 1756395229723,
      "tn" : 1756395229723763935,
      "q" : "0.241",
      "p" : "0.0049417",
      "s" : "buy",
      "i" : "BCH_BTC",
      "m" : "4611686018430261958"
    }, {
      "d" : "1756395226405137501",
      "t" : 1756395226405,
      "tn" : 1756395226405137501,
      "q" : "0.072",
      "p" : "0.0049267",
      "s" : "buy",
      "i" : "BCH_BTC",
      "m" : "4611686018430261957"
    }, {
      "d" : "1756389317391824502",
      "t" : 1756389317391,
      "tn" : 1756389317391824502,
      "q" : "0.003",
      "p" : "0.0049213",
      "s" : "buy",
      "i" : "BCH_BTC",
      "m" : "4611686018430261956"
    }, {
      "d" : "1756386659928235530",
      "t" : 1756386659928,
      "tn" : 1756386659928235530,
      "q" : "0.004",
      "p" : "0.0049125",
      "s" : "buy",
      "i" : "BCH_BTC",
      "m" : "4611686018430261955"
    }, {
      "d" : "1756386599580409971",
      "t" : 1756386599580,
      "tn" : 1756386599580409971,
      "q" : "0.436",
      "p" : "0.0049125",
      "s" : "buy",
      "i" : "BCH_BTC",
      "m" : "4611686018430261954"
    }, {
      "d" : "1756384203608379933",
      "t" : 1756384203608,
      "tn" : 1756384203608379933,
      "q" : "0.440",
      "p" : "0.0049175",
      "s" : "buy",
      "i" : "BCH_BTC",
      "m" : "4611686018430261953"
    }, {
      "d" : "1756382242300330553",
      "t" : 1756382242300,
      "tn" : 1756382242300330553,
      "q" : "0.440",
      "p" : "0.0049255",
      "s" : "buy",
      "i" : "BCH_BTC",
      "m" : "4611686018430261952"
    }, {
      "d" : "1756382242300328031",
      "t" : 1756382242300,
      "tn" : 1756382242300328031,
      "q" : "1.341",
      "p" : "0.0049254",
      "s" : "buy",
      "i" : "BCH_BTC",
      "m" : "4611686018430261951"
    }, {
      "d" : "1756375606666451973",
      "t" : 1756375606666,
      "tn" : 1756375606666451973,
      "q" : "1.573",
      "p" : "0.0049254",
      "s" : "buy",
      "i" : "BCH_BTC",
      "m" : "4611686018430261950"
    }, {
      "d" : "1756375606666449676",
      "t" : 1756375606666,
      "tn" : 1756375606666449676,
      "q" : "0.034",
      "p" : "0.0049253",
      "s" : "buy",
      "i" : "BCH_BTC",
      "m" : "4611686018430261949"
    } ]
  }
}