{
  "id" : -1,
  "method" : "public/get-trades",
  "code" : 0,
  "result" : {
    "data" : [ {
      "d" : "1756460324899977645",
      "t" : 1756460324899,
      "tn" : 1756460324899977645,
      "q" : "0.438",
      "p" : "534.51",
      "s" : "sell",
      "i" : "BCH_USDT",
      "m" : "4611686018433876856"
    }, {
      "d" : "1756460324899970434",
      "t" : 1756460324899,
      "tn" : 1756460324899970434,
      "q" : "0.405",
      "p" : "534.51",
      "s" : "sell",
      "i" : "BCH_USDT",
      "m" : "4611686018433876855"
    }, {
      "d" : "1756460324899968110",
      "t" : 1756460324899,
      "tn" : 1756460324899968110,
      "q" : "0.092",
      "p" : "534.51",
      "s" : "sell",
      "i" : "BCH_USDT",
      "m" : "4611686018433876854"
    }, {
      "d" : "1756460324899966333",
      "t" : 1756460324899,
      "tn" : 1756460324899966333,
      "q" : "0.003",
      "p" : "534.64",
      "s" : "sell",
      "i" : "BCH_USDT",
      "m" : "4611686018433876853"
    }, {
      "d" : "1756460312918738340",
      "t" : 1756460312918,
      "tn" : 1756460312918738340,
      "q" : "0.003",
      "p" : "534.76",
      "s" : "buy",
      "i" : "BCH_USDT",
      "m" : "4611686018433876852"
    }, {
      "d" : "1756460312781110320",
      "t" : 1756460312781,
      "tn" : 1756460312781110320,
      "q" : "0.003",
      "p" : "534.76",
      "s" : "buy",
      "i" : "BCH_USDT",
      "m" : "4611686018433876851"
    }, {
      "d" : "1756460312680750080",
      "t" : 1756460312680,
      "tn" : 1756460312680750080,
      "q" : "0.003",
      "p" : "534.76",
      "s" : "buy",
      "i" : "BCH_USDT",
      "m" : "4611686018433876850"
    }, {
      "d" : "1756460312632980296",
      "t" : 1756460312632,
      "tn" : 1756460312632980296,
      "q" : "0.003",
      "p" : "534.76",
      "s" : "buy",
      "i" : "BCH_USDT",
      "m" : "4611686018433876849"
    }, {
      "d" : "1756460312480504841",
      "t" : 1756460312480,
      "tn" : 1756460312480504841,
      "q" : "0.003",
      "p" : "534.76",
      "s" : "buy",
      "i" : "BCH_USDT",
      "m" : "4611686018433876848"
    }, {
      "d" : "1756460312412704825",
      "t" : 1756460312412,
      "tn" : 1756460312412704825,
      "q" : "0.003",
      "p" : "534.76",
      "s" : "buy",
      "i" : "BCH_USDT",
      "m" : "4611686018433876847"
    }, {
      "d" : "1756460312358929244",
      "t" : 1756460312358,
      "tn" : 1756460312358929244,
      "q" : "0.003",
      "p" : "534.76",
      "s" : "buy",
      "i" : "BCH_USDT",
      "m" : "4611686018433876846"
    }, {
      "d" : "1756460312326246174",
      "t" : 1756460312326,
      "tn" : 1756460312326246174,
      "q" : "0.003",
      "p" : "534.76",
      "s" : "buy",
      "i" : "BCH_USDT",
      "m" : "4611686018433876845"
    }, {
      "d" : "1756460293788521986",
      "t" : 1756460293788,
      "tn" : 1756460293788521986,
      "q" : "0.003",
      "p" : "535.16",
      "s" : "buy",
      "i" : "BCH_USDT",
      "m" : "4611686018433876844"
    }, {
      "d" : "1756460290165562966",
      "t" : 1756460290165,
      "tn" : 1756460290165562966,
      "q" : "0.003",
      "p" : "535.16",
      "s" : "buy",
      "i" : "BCH_USDT",
      "m" : "4611686018433876843"
    }, {
      "d" : "1756460290011977533",
      "t" : 1756460290011,
      "tn" : 1756460290011977533,
      "q" : "0.003",
      "p" : "535.06",
      "s" : "buy",
      "i" : "BCH_USDT",
      "m" : "4611686018433876842"
    }, {
      "d" : "1756460216929696689",
      "t" : 1756460216929,
      "tn" : 1756460216929696689,
      "q" : "0.019",
      "p" : "534.41",
      "s" : "sell",
      "i" : "BCH_USDT",
      "m" : "4611686018433876841"
    }, {
      "d" : "1756460216929694603",
      "t" : 1756460216929,
      "tn" : 1756460216929694603,
      "q" : "0.003",
      "p" : "534.54",
      "s" : "sell",
      "i" : "BCH_USDT",
      "m" : "4611686018433876840"
    }, {
      "d" : "1756460216927982261",
      "t" : 1756460216927,
      "tn" : 1756460216927982261,
      "q" : "0.003",
      "p" : "534.54",
      "s" : "sell",
      "i" : "BCH_USDT",
      "m" : "4611686018433876839"
    }, {
      "d" : "1756460185707246645",
      "t" : 1756460185707,
      "tn" : 1756460185707246645,
      "q" : "0.003",
      "p" : "534.86",
      "s" : "buy",
      "i" : "BCH_USDT",
      "m" : "4611686018433876838"
    }, {
      "d" : "1756460185682184930",
      "t" : 1756460185682,
      "tn" : 1756460185682184930,
      "q" : "0.003",
      "p" : "534.86",
      "s" : "buy",
      "i" : "BCH_USDT",
      "m" : "4611686018433876837"
    }, {
      "d" : "1756460185646982322",
      "t" : 1756460185646,
      "tn" : 1756460185646982322,
      "q" : "0.003",
      "p" : "534.86",
      "s" : "buy",
      "i" : "BCH_USDT",
      "m" : "4611686018433876836"
    }, {
      "d" : "1756460185621322967",
      "t" : 1756460185621,
      "tn" : 1756460185621322967,
      "q" : "0.003",
      "p" : "534.86",
      "s" : "buy",
      "i" : "BCH_USDT",
      "m" : "4611686018433876835"
    }, {
      "d" : "1756460171180863804",
      "t" : 1756460171180,
      "tn" : 1756460171180863804,
      "q" : "0.003",
      "p" : "534.96",
      "s" : "buy",
      "i" : "BCH_USDT",
      "m" : "4611686018433876834"
    }, {
      "d" : "1756460170980632394",
      "t" : 1756460170980,
      "tn" : 1756460170980632394,
      "q" : "0.003",
      "p" : "534.96",
      "s" : "buy",
      "i" : "BCH_USDT",
      "m" : "4611686018433876833"
    }, {
      "d" : "1756460170925557480",
      "t" : 1756460170925,
      "tn" : 1756460170925557480,
      "q" : "0.003",
      "p" : "534.96",
      "s" : "buy",
      "i" : "BCH_USDT",
      "m" : "4611686018433876832"
    }, {
      "d" : "1756460170880386279",
      "t" : 1756460170880,
      "tn" : 1756460170880386279,
      "q" : "0.003",
      "p" : "534.96",
      "s" : "buy",
      "i" : "BCH_USDT",
      "m" : "4611686018433876831"
    }, {
      "d" : "1756460170785482880",
      "t" : 1756460170785,
      "tn" : 1756460170785482880,
      "q" : "0.003",
      "p" : "534.96",
      "s" : "buy",
      "i" : "BCH_USDT",
      "m" : "4611686018433876830"
    }, {
      "d" : "1756460170737520396",
      "t" : 1756460170737,
      "tn" : 1756460170737520396,
      "q" : "0.003",
      "p" : "534.96",
      "s" : "buy",
      "i" : "BCH_USDT",
      "m" : "4611686018433876829"
    }, {
      "d" : "1756460157831394818",
      "t" : 1756460157831,
      "tn" : 1756460157831394818,
      "q" : "0.233",
      "p" : "535.32",
      "s" : "sell",
      "i" : "BCH_USDT",
      "m" : "4611686018433876828"
    }, {
      "d" : "1756460142183567981",
      "t" : 1756460142183,
      "tn" : 1756460142183567981,
      "q" : "0.003",
      "p" : "535.21",
      "s" : "buy",
      "i" : "BCH_USDT",
      "m" : "4611686018433876827"
    }, {
      "d" : "1756460142148480051",
      "t" : 1756460142148,
      "tn" : 1756460142148480051,
      "q" : "0.003",
      "p" : "535.21",
      "s" : "buy",
      "i" : "BCH_USDT",
      "m" : "4611686018433876826"
    }, {
      "d" : "1756460142137578351",
      "t" : 1756460142137,
      "tn" : 1756460142137578351,
      "q" : "0.003",
      "p" : "535.21",
      "s" : "buy",
      "i" : "BCH_USDT",
      "m" : "4611686018433876825"
    }, {
      "d" : "1756460142134720340",
      "t" : 1756460142134,
      "tn" : 1756460142134720340,
      "q" : "0.003",
      "p" : "535.21",
      "s" : "buy",
      "i" : "BCH_USDT",
      "m" : "4611686018433876824"
    }, {
      "d" : "1756460142133269423",
      "t" : 1756460142133,
      "tn" : 1756460142133269423,
      "q" : "0.003",
      "p" : "535.21",
      "s" : "buy",
      "i" : "BCH_USDT",
      "m" : "4611686018433876823"
    }, {
      "d" : "1756460142130966201",
      "t" : 1756460142130,
      "tn" : 1756460142130966201,
      "q" : "0.003",
      "p" : "535.21",
      "s" : "buy",
      "i" : "BCH_USDT",
      "m" : "4611686018433876822"
    }, {
      "d" : "1756460123256554196",
      "t" : 1756460123256,
      "tn" : 1756460123256554196,
      "q" : "0.003",
      "p" : "534.96",
      "s" : "buy",
      "i" : "BCH_USDT",
      "m" : "4611686018433876821"
    }, {
      "d" : "1756460103185516963",
      "t" : 1756460103185,
      "tn" : 1756460103185516963,
      "q" : "0.003",
      "p" : "534.86",
      "s" : "buy",
      "i" : "BCH_USDT",
      "m" : "4611686018433876820"
    }, {
      "d" : "1756460091604741239",
      "t" : 1756460091604,
      "tn" : 1756460091604741239,
      "q" : "0.003",
      "p" : "534.70",
      "s" : "buy",
      "i" : "BCH_USDT",
      "m" : "4611686018433876819"
    }, {
      "d" : "1756460091601915785",
      "t" : 1756460091601,
      "tn" : 1756460091601915785,
      "q" : "0.003",
      "p" : "534.70",
      "s" : "buy",
      "i" : "BCH_USDT",
      "m" : "4611686018433876818"
    }, {
      "d" : "1756460051193446864",
      "t" : 1756460051193,
      "tn" : 1756460051193446864,
      "q" : "0.003",
      "p" : "534.76",
      "s" : "buy",
      "i" : "BCH_USDT",
      "m" : "4611686018433876817"
    }, {
      "d" : "1756459937866981231",
      "t" : 1756459937866,
      "tn" : 1756459937866981231,
      "q" : "0.003",
      "p" : "535.84",
      "s" : "sell",
      "i" : "BCH_USDT",
      "m" : "4611686018433876816"
    }, {
      "d" : "1756459903692997272",
      "t" : 1756459903692,
      "tn" : 1756459903692997272,
      "q" : "0.003",
      "p" : "536.26",
      "s" : "buy",
      "i" : "BCH_USDT",
      "m" : "4611686018433876815"
    }, {
      "d" : "1756459903080256402",
      "t" : 1756459903080,
      "tn" : 1756459903080256402,
      "q" : "0.003",
      "p" : "536.16",
      "s" : "buy",
      "i" : "BCH_USDT",
      "m" : "4611686018433876814"
    }, {
      "d" : "1756459903010155152",
      "t" : 1756459903010,
      "tn" : 1756459903010155152,
      "q" : "0.003",
      "p" : "536.16",
      "s" : "buy",
      "i" : "BCH_USDT",
      "m" : "4611686018433876813"
    }, {
      "d" : "1756459903003470845",
      "t" : 1756459903003,
      "tn" : 1756459903003470845,
      "q" : "0.003",
      "p" : "536.16",
      "s" : "buy",
      "i" : "BCH_USDT",
      "m" : "4611686018433876812"
    }, {
      "d" : "1756459902604222656",
      "t" : 1756459902604,
      "tn" : 1756459902604222656,
      "q" : "0.003",
      "p" : "536.06",
      "s" : "buy",
      "i" : "BCH_USDT",
      "m" : "4611686018433876811"
    }, {
      "d" : "1756459902584243240",
      "t" : 1756459902584,
      "tn" : 1756459902584243240,
      "q" : "0.003",
      "p" : "536.06",
      "s" : "buy",
      "i" : "BCH_USDT",
      "m" : "4611686018433876810"
    }, {
      "d" : "1756459902554158668",
      "t" : 1756459902554,
      "tn" : 1756459902554158668,
      "q" : "0.003",
      "p" : "536.06",
      "s" : "buy",
      "i" : "BCH_USDT",
      "m" : "4611686018433876809"
    }, {
      "d" : "1756459902519123452",
      "t" : 1756459902519,
      "tn" : 1756459902519123452,
      "q" : "0.003",
      "p" : "536.06",
      "s" : "buy",
      "i" : "BCH_USDT",
      "m" : "4611686018433876808"
    }, {
      "d" : "1756459884581066203",
      "t" : 1756459884581,
      "tn" : 1756459884581066203,
      "q" : "0.003",
      "p" : "536.06",
      "s" : "buy",
      "i" : "BCH_USDT",
      "m" : "4611686018433876807"
    }, {
      "d" : "1756459884516011984",
      "t" : 1756459884516,
      "tn" : 1756459884516011984,
      "q" : "0.003",
      "p" : "536.06",
      "s" : "buy",
      "i" : "BCH_USDT",
      "m" : "4611686018433876806"
    }, {
      "d" : "1756459884380899215",
      "t" : 1756459884380,
      "tn" : 1756459884380899215,
      "q" : "0.003",
      "p" : "536.06",
      "s" : "buy",
      "i" : "BCH_USDT",
      "m" : "4611686018433876805"
    }, {
      "d" : "1756459884219198824",
      "t" : 1756459884219,
      "tn" : 1756459884219198824,
      "q" : "0.003",
      "p" : "536.06",
      "s" : "buy",
      "i" : "BCH_USDT",
      "m" : "4611686018433876804"
    }, {
      "d" : "1756459884079581365",
      "t" : 1756459884079,
      "tn" : 1756459884079581365,
      "q" : "0.003",
      "p" : "536.06",
      "s" : "buy",
      "i" : "BCH_USDT",
      "m" : "4611686018433876803"
    }, {
      "d" : "1756459883994449250",
      "t" : 1756459883994,
      "tn" : 1756459883994449250,
      "q" : "0.003",
      "p" : "536.06",
      "s" : "buy",
      "i" : "BCH_USDT",
      "m" : "4611686018433876802"
    }, {
      "d" : "1756459883979469151",
      "t" : 1756459883979,
      "tn" : 1756459883979469151,
      "q" : "0.003",
      "p" : "536.06",
      "s" : "buy",
      "i" : "BCH_USDT",
      "m" : "4611686018433876801"
    }, {
      "d" : "1756459883789910330",
      "t" : 1756459883789,
      "tn" : 1756459883789910330,
      "q" : "0.003",
      "p" : "536.06",
      "s" : "buy",
      "i" : "BCH_USDT",
      "m" : "4611686018433876800"
    }, {
      "d" : "1756459883743931300",
      "t" : 1756459883743,
      "tn" : 1756459883743931300,
      "q" : "0.003",
      "p" : "536.06",
      "s" : "buy",
      "i" : "BCH_USDT",
      "m" : "4611686018433876799"
    }, {
      "d" : "1756459883684149863",
      "t" : 1756459883684,
      "tn" : 1756459883684149863,
      "q" : "0.003",
      "p" : "536.06",
      "s" : "buy",
      "i" : "BCH_USDT",
      "m" : "4611686018433876798"
    }, {
      "d" : "1756459883583881338",
      "t" : 1756459883583,
      "tn" : 1756459883583881338,
      "q" : "0.003",
      "p" : "536.06",
      "s" : "buy",
      "i" : "BCH_USDT",
      "m" : "4611686018433876797"
    }, {
      "d" : "1756459883520497346",
      "t" : 1756459883520,
      "tn" : 1756459883520497346,
      "q" : "0.003",
      "p" : "536.06",
      "s" : "buy",
      "i" : "BCH_USDT",
      "m" : "4611686018433876796"
    }, {
      "d" : "1756459883456076508",
      "t" : 1756459883456,
      "tn" : 1756459883456076508,
      "q" : "0.003",
      "p" : "536.06",
      "s" : "buy",
      "i" : "BCH_USDT",
      "m" : "4611686018433876795"
    }, {
      "d" : "1756459883283676786",
      "t" : 1756459883283,
      "tn" : 1756459883283676786,
      "q" : "0.003",
      "p" : "536.06",
      "s" : "buy",
      "i" : "BCH_USDT",
      "m" : "4611686018433876794"
    }, {
      "d" : "1756459883182198247",
      "t" : 1756459883182,
      "tn" : 1756459883182198247,
      "q" : "0.003",
      "p" : "536.06",
      "s" : "buy",
      "i" : "BCH_USDT",
      "m" : "4611686018433876793"
    }, {
      "d" : "1756459883168019914",
      "t" : 1756459883168,
      "tn" : 1756459883168019914,
      "q" : "0.003",
      "p" : "536.06",
      "s" : "buy",
      "i" : "BCH_USDT",
      "m" : "4611686018433876792"
    }, {
      "d" : "1756459867684665776",
      "t" : 1756459867684,
      "tn" : 1756459867684665776,
      "q" : "0.003",
      "p" : "536.17",
      "s" : "buy",
      "i" : "BCH_USDT",
      "m" : "4611686018433876791"
    }, {
      "d" : "1756459867579515647",
      "t" : 1756459867579,
      "tn" : 1756459867579515647,
      "q" : "0.003",
      "p" : "536.17",
      "s" : "buy",
      "i" : "BCH_USDT",
      "m" : "4611686018433876790"
    }, {
      "d" : "1756459867514503865",
      "t" : 1756459867514,
      "tn" : 1756459867514503865,
      "q" : "0.003",
      "p" : "536.17",
      "s" : "buy",
      "i" : "BCH_USDT",
      "m" : "4611686018433876789"
    }, {
      "d" : "1756459867489506685",
      "t" : 1756459867489,
      "tn" : 1756459867489506685,
      "q" : "0.003",
      "p" : "536.17",
      "s" : "buy",
      "i" : "BCH_USDT",
      "m" : "4611686018433876788"
    }, {
      "d" : "1756459867469434769",
      "t" : 1756459867469,
      "tn" : 1756459867469434769,
      "q" : "0.003",
      "p" : "536.17",
      "s" : "buy",
      "i" : "BCH_USDT",
      "m" : "4611686018433876787"
    }, {
      "d" : "1756459867426519806",
      "t" : 1756459867426,
      "tn" : 1756459867426519806,
      "q" : "0.003",
      "p" : "536.17",
      "s" : "buy",
      "i" : "BCH_USDT",
      "m" : "4611686018433876786"
    }, {
      "d" : "1756459867284235113",
      "t" : 1756459867284,
      "tn" : 1756459867284235113,
      "q" : "0.003",
      "p" : "536.17",
      "s" : "buy",
      "i" : "BCH_USDT",
      "m" : "4611686018433876785"
    }, {
      "d" : "1756459867267999300",
      "t" : 1756459867267,
      "tn" : 1756459867267999300,
      "q" : "0.003",
      "p" : "536.17",
      "s" : "buy",
      "i" : "BCH_USDT",
      "m" : "4611686018433876784"
    }, {
      "d" : "1756459867182887110",
      "t" : 1756459867182,
      "tn" : 1756459867182887110,
      "q" : "0.003",
      "p" : "536.16",
      "s" : "buy",
      "i" : "BCH_USDT",
      "m" : "4611686018433876783"
    }, {
      "d" : "1756459867150647752",
      "t" : 1756459867150,
      "tn" : 1756459867150647752,
      "q" : "0.003",
      "p" : "536.16",
      "s" : "buy",
      "i" : "BCH_USDT",
      "m" : "4611686018433876782"
    }, {
      "d" : "1756459866681934795",
      "t" : 1756459866681,
      "tn" : 1756459866681934795,
      "q" : "0.003",
      "p" : "536.07",
      "s" : "buy",
      "i" : "BCH_USDT",
      "m" : "4611686018433876781"
    }, {
      "d" : "1756459866619921501",
      "t" : 1756459866619,
      "tn" : 1756459866619921501,
      "q" : "0.003",
      "p" : "536.06",
      "s" : "buy",
      "i" : "BCH_USDT",
      "m" : "4611686018433876780"
    }, {
      "d" : "1756459866580917579",
      "t" : 1756459866580,
      "tn" : 1756459866580917579,
      "q" : "0.003",
      "p" : "536.06",
      "s" : "buy",
      "i" : "BCH_USDT",
      "m" : "4611686018433876779"
    }, {
      "d" : "1756459866468382627",
      "t" : 1756459866468,
      "tn" : 1756459866468382627,
      "q" : "0.003",
      "p" : "536.06",
      "s" : "buy",
      "i" : "BCH_USDT",
      "m" : "4611686018433876778"
    }, {
      "d" : "1756459866417803385",
      "t" : 1756459866417,
      "tn" : 1756459866417803385,
      "q" : "0.003",
      "p" : "536.06",
      "s" : "buy",
      "i" : "BCH_USDT",
      "m" : "4611686018433876777"
    }, {
      "d" : "1756459854302756086",
      "t" : 1756459854302,
      "tn" : 1756459854302756086,
      "q" : "0.003",
      "p" : "535.86",
      "s" : "buy",
      "i" : "BCH_USDT",
      "m" : "4611686018433876776"
    }, {
      "d" : "1756459837897545360",
      "t" : 1756459837897,
      "tn" : 1756459837897545360,
      "q" : "0.003",
      "p" : "535.59",
      "s" : "buy",
      "i" : "BCH_USDT",
      "m" : "4611686018433876775"
    }, {
      "d" : "1756459837882568339",
      "t" : 1756459837882,
      "tn" : 1756459837882568339,
      "q" : "0.003",
      "p" : "535.59",
      "s" : "buy",
      "i" : "BCH_USDT",
      "m" : "4611686018433876774"
    }, {
      "d" : "1756459837842361171",
      "t" : 1756459837842,
      "tn" : 1756459837842361171,
      "q" : "0.003",
      "p" : "535.59",
      "s" : "buy",
      "i" : "BCH_USDT",
      "m" : "4611686018433876773"
    }, {
      "d" : "1756459837839617036",
      "t" : 1756459837839,
      "tn" : 1756459837839617036,
      "q" : "0.003",
      "p" : "535.59",
      "s" : "buy",
      "i" : "BCH_USDT",
      "m" : "4611686018433876772"
    }, {
      "d" : "1756459837837525886",
      "t" : 1756459837837,
      "tn" : 1756459837837525886,
      "q" : "0.003",
      "p" : "535.59",
      "s" : "buy",
      "i" : "BCH_USDT",
      "m" : "4611686018433876771"
    }, {
      "d" : "1756459833113330587",
      "t" : 1756459833113,
      "tn" : 1756459833113330587,
      "q" : "0.003",
      "p" : "535.68",
      "s" : "buy",
      "i" : "BCH_USDT",
      "m" : "4611686018433876770"
    }, {
      "d" : "1756459830779308238",
      "t" : 1756459830779,
      "tn" : 1756459830779308238,
      "q" : "0.003",
      "p" : "535.66",
      "s" : "buy",
      "i" : "BCH_USDT",
      "m" : "4611686018433876769"
    }, {
      "d" : "1756459830684040325",
      "t" : 1756459830684,
      "tn" : 1756459830684040325,
      "q" : "0.003",
      "p" : "535.66",
      "s" : "buy",
      "i" : "BCH_USDT",
      "m" : "4611686018433876768"
    }, {
      "d" : "1756459830583981442",
      "t" : 1756459830583,
      "tn" : 1756459830583981442,
      "q" : "0.003",
      "p" : "535.66",
      "s" : "buy",
      "i" : "BCH_USDT",
      "m" : "4611686018433876767"
    }, {
      "d" : "1756459830518890495",
      "t" : 1756459830518,
      "tn" : 1756459830518890495,
      "q" : "0.003",
      "p" : "535.66",
      "s" : "buy",
      "i" : "BCH_USDT",
      "m" : "4611686018433876766"
    }, {
      "d" : "1756459829781934546",
      "t" : 1756459829781,
      "tn" : 1756459829781934546,
      "q" : "0.003",
      "p" : "535.56",
      "s" : "buy",
      "i" : "BCH_USDT",
      "m" : "4611686018433876765"
    }, {
      "d" : "1756459829736700524",
      "t" : 1756459829736,
      "tn" : 1756459829736700524,
      "q" : "0.003",
      "p" : "535.56",
      "s" : "buy",
      "i" : "BCH_USDT",
      "m" : "4611686018433876764"
    }, {
      "d" : "1756459823681337751",
      "t" : 1756459823681,
      "tn" : 1756459823681337751,
      "q" : "0.003",
      "p" : "535.36",
      "s" : "buy",
      "i" : "BCH_USDT",
      "m" : "4611686018433876763"
    }, {
      "d" : "1756459823601222983",
      "t" : 1756459823601,
      "tn" : 1756459823601222983,
      "q" : "0.003",
      "p" : "535.36",
      "s" : "buy",
      "i" : "BCH_USDT",
      "m" : "4611686018433876762"
    }, {
      "d" : "1756459823581217491",
      "t" : 1756459823581,
      "tn" : 1756459823581217491,
      "q" : "0.003",
      "p" : "535.36",
      "s" : "buy",
      "i" : "BCH_USDT",
      "m" : "4611686018433876761"
    }, {
      "d" : "1756459823521154903",
      "t" : 1756459823521,
      "tn" : 1756459823521154903,
      "q" : "0.003",
      "p" : "535.36",
      "s" : "buy",
      "i" : "BCH_USDT",
      "m" : "4611686018433876760"
    }, {
      "d" : "1756459823380853920",
      "t" : 1756459823380,
      "tn" : 1756459823380853920,
      "q" : "0.003",
      "p" : "535.36",
      "s" : "buy",
      "i" : "BCH_USDT",
      "m" : "4611686018433876759"
    }, {
      "d" : "1756459823370891412",
      "t" : 1756459823370,
      "tn" : 1756459823370891412,
      "q" : "0.003",
      "p" : "535.36",
      "s" : "buy",
      "i" : "BCH_USDT",
      "m" : "4611686018433876758"
    }, {
      "d" : "1756459823279843481",
      "t" : 1756459823279,
      "tn" : 1756459823279843481,
      "q" : "0.003",
      "p" : "535.36",
      "s" : "buy",
      "i" : "BCH_USDT",
      "m" : "4611686018433876757"
    }, {
      "d" : "1756459822979486912",
      "t" : 1756459822979,
      "tn" : 1756459822979486912,
      "q" : "0.003",
      "p" : "535.36",
      "s" : "buy",
      "i" : "BCH_USDT",
      "m" : "4611686018433876756"
    }, {
      "d" : "1756459822884420533",
      "t" : 1756459822884,
      "tn" : 1756459822884420533,
      "q" : "0.003",
      "p" : "535.36",
      "s" : "buy",
      "i" : "BCH_USDT",
      "m" : "4611686018433876755"
    }, {
      "d" : "1756459822784126280",
      "t" : 1756459822784,
      "tn" : 1756459822784126280,
      "q" : "0.003",
      "p" : "535.36",
      "s" : "buy",
      "i" : "BCH_USDT",
      "m" : "4611686018433876754"
    }, {
      "d" : "1756459822733976461",
      "t" : 1756459822733,
      "tn" : 1756459822733976461,
      "q" : "0.003",
      "p" : "535.36",
      "s" : "buy",
      "i" : "BCH_USDT",
      "m" : "4611686018433876753"
    }, {
      "d" : "1756459822599331019",
      "t" : 1756459822599,
      "tn" : 1756459822599331019,
      "q" : "0.003",
      "p" : "535.36",
      "s" : "buy",
      "i" : "BCH_USDT",
      "m" : "4611686018433876752"
    }, {
      "d" : "1756459820238872861",
      "t" : 1756459820238,
      "tn" : 1756459820238872861,
      "q" : "0.003",
      "p" : "535.26",
      "s" : "buy",
      "i" : "BCH_USDT",
      "m" : "4611686018433876751"
    }, {
      "d" : "1756459819737917151",
      "t" : 1756459819737,
      "tn" : 1756459819737917151,
      "q" : "0.003",
      "p" : "535.16",
      "s" : "buy",
      "i" : "BCH_USDT",
      "m" : "4611686018433876750"
    }, {
      "d" : "1756459815085720332",
      "t" : 1756459815085,
      "tn" : 1756459815085720332,
      "q" : "0.003",
      "p" : "535.16",
      "s" : "buy",
      "i" : "BCH_USDT",
      "m" : "4611686018433876749"
    }, {
      "d" : "1756459813380686420",
      "t" : 1756459813380,
      "tn" : 1756459813380686420,
      "q" : "4.480",
      "p" : "535.13",
      "s" : "sell",
      "i" : "BCH_USDT",
      "m" : "4611686018433876748"
    }, {
      "d" : "1756459813380684354",
      "t" : 1756459813380,
      "tn" : 1756459813380684353,
      "q" : "0.894",
      "p" : "535.14",
      "s" : "sell",
      "i" : "BCH_USDT",
      "m" : "4611686018433876747"
    }, {
      "d" : "1756459813380684353",
      "t" : 1756459813380,
      "tn" : 1756459813380684353,
      "q" : "1.344",
      "p" : "535.14",
      "s" : "sell",
      "i" : "BCH_USDT",
      "m" : "4611686018433876747"
    }, {
      "d" : "1756459813380039664",
      "t" : 1756459813380,
      "tn" : 1756459813380039664,
      "q" : "0.934",
      "p" : "535.26",
      "s" : "sell",
      "i" : "BCH_USDT",
      "m" : "4611686018433876746"
    }, {
      "d" : "1756459813380037199",
      "t" : 1756459813380,
      "tn" : 1756459813380037199,
      "q" : "0.003",
      "p" : "535.34",
      "s" : "sell",
      "i" : "BCH_USDT",
      "m" : "4611686018433876745"
    }, {
      "d" : "1756459813334269986",
      "t" : 1756459813334,
      "tn" : 1756459813334269986,
      "q" : "0.288",
      "p" : "535.43",
      "s" : "sell",
      "i" : "BCH_USDT",
      "m" : "4611686018433876744"
    }, {
      "d" : "1756459813334267026",
      "t" : 1756459813334,
      "tn" : 1756459813334267026,
      "q" : "0.801",
      "p" : "535.43",
      "s" : "sell",
      "i" : "BCH_USDT",
      "m" : "4611686018433876743"
    }, {
      "d" : "1756459813334265413",
      "t" : 1756459813334,
      "tn" : 1756459813334265413,
      "q" : "0.019",
      "p" : "535.44",
      "s" : "sell",
      "i" : "BCH_USDT",
      "m" : "4611686018433876742"
    }, {
      "d" : "1756459808457635245",
      "t" : 1756459808457,
      "tn" : 1756459808457635245,
      "q" : "0.019",
      "p" : "535.44",
      "s" : "sell",
      "i" : "BCH_USDT",
      "m" : "4611686018433876741"
    }, {
      "d" : "1756459800015389726",
      "t" : 1756459800015,
      "tn" : 1756459800015389726,
      "q" : "0.003",
      "p" : "535.59",
      "s" : "buy",
      "i" : "BCH_USDT",
      "m" : "4611686018433876740"
    }, {
      "d" : "1756459800008371323",
      "t" : 1756459800008,
      "tn" : 1756459800008371323,
      "q" : "0.003",
      "p" : "535.59",
      "s" : "buy",
      "i" : "BCH_USDT",
      "m" : "4611686018433876739"
    }, {
      "d" : "1756459799459568773",
      "t" : 1756459799459,
      "tn" : 1756459799459568773,
      "q" : "0.003",
      "p" : "535.58",
      "s" : "buy",
      "i" : "BCH_USDT",
      "m" : "4611686018433876738"
    }, {
      "d" : "1756459791981432247",
      "t" : 1756459791981,
      "tn" : 1756459791981432247,
      "q" : "0.003",
      "p" : "535.76",
      "s" : "buy",
      "i" : "BCH_USDT",
      "m" : "4611686018433876737"
    }, {
      "d" : "1756459791950914296",
      "t" : 1756459791950,
      "tn" : 1756459791950914296,
      "q" : "0.003",
      "p" : "535.76",
      "s" : "buy",
      "i" : "BCH_USDT",
      "m" : "4611686018433876736"
    }, {
      "d" : "1756459789781353396",
      "t" : 1756459789781,
      "tn" : 1756459789781353396,
      "q" : "0.003",
      "p" : "535.57",
      "s" : "buy",
      "i" : "BCH_USDT",
      "m" : "4611686018433876735"
    }, {
      "d" : "1756459789730212679",
      "t" : 1756459789730,
      "tn" : 1756459789730212679,
      "q" : "0.003",
      "p" : "535.57",
      "s" : "buy",
      "i" : "BCH_USDT",
      "m" : "4611686018433876734"
    }, {
      "d" : "1756459789726251442",
      "t" : 1756459789726,
      "tn" : 1756459789726251442,
      "q" : "0.003",
      "p" : "535.57",
      "s" : "buy",
      "i" : "BCH_USDT",
      "m" : "4611686018433876733"
    }, {
      "d" : "1756459789678763536",
      "t" : 1756459789678,
      "tn" : 1756459789678763536,
      "q" : "0.003",
      "p" : "535.57",
      "s" : "buy",
      "i" : "BCH_USDT",
      "m" : "4611686018433876732"
    }, {
      "d" : "1756459789676033687",
      "t" : 1756459789676,
      "tn" : 1756459789676033687,
      "q" : "0.003",
      "p" : "535.57",
      "s" : "buy",
      "i" : "BCH_USDT",
      "m" : "4611686018433876731"
    }, {
      "d" : "1756459789668849816",
      "t" : 1756459789668,
      "tn" : 1756459789668849816,
      "q" : "0.003",
      "p" : "535.57",
      "s" : "buy",
      "i" : "BCH_USDT",
      "m" : "4611686018433876730"
    }, {
      "d" : "1756459784182220537",
      "t" : 1756459784182,
      "tn" : 1756459784182220537,
      "q" : "0.003",
      "p" : "535.77",
      "s" : "buy",
      "i" : "BCH_USDT",
      "m" : "4611686018433876729"
    }, {
      "d" : "1756459755645918255",
      "t" : 1756459755645,
      "tn" : 1756459755645918255,
      "q" : "0.093",
      "p" : "535.19",
      "s" : "sell",
      "i" : "BCH_USDT",
      "m" : "4611686018433876728"
    }, {
      "d" : "1756459749174915424",
      "t" : 1756459749174,
      "tn" : 1756459749174915424,
      "q" : "0.003",
      "p" : "535.26",
      "s" : "buy",
      "i" : "BCH_USDT",
      "m" : "4611686018433876727"
    }, {
      "d" : "1756459749016028946",
      "t" : 1756459749016,
      "tn" : 1756459749016028946,
      "q" : "0.003",
      "p" : "535.07",
      "s" : "buy",
      "i" : "BCH_USDT",
      "m" : "4611686018433876726"
    }, {
      "d" : "1756459730280304507",
      "t" : 1756459730280,
      "tn" : 1756459730280304507,
      "q" : "0.003",
      "p" : "535.16",
      "s" : "buy",
      "i" : "BCH_USDT",
      "m" : "4611686018433876725"
    }, {
      "d" : "1756459730245322414",
      "t" : 1756459730245,
      "tn" : 1756459730245322414,
      "q" : "0.003",
      "p" : "535.16",
      "s" : "buy",
      "i" : "BCH_USDT",
      "m" : "4611686018433876724"
    }, {
      "d" : "1756459730234616018",
      "t" : 1756459730234,
      "tn" : 1756459730234616018,
      "q" : "0.003",
      "p" : "535.16",
      "s" : "buy",
      "i" : "BCH_USDT",
      "m" : "4611686018433876723"
    }, {
      "d" : "1756459726835574604",
      "t" : 1756459726835,
      "tn" : 1756459726835574604,
      "q" : "0.003",
      "p" : "535.49",
      "s" : "buy",
      "i" : "BCH_USDT",
      "m" : "4611686018433876722"
    }, {
      "d" : "1756459725988377103",
      "t" : 1756459725988,
      "tn" : 1756459725988377103,
      "q" : "0.003",
      "p" : "534.70",
      "s" : "buy",
      "i" : "BCH_USDT",
      "m" : "4611686018433876721"
    }, {
      "d" : "1756459722325216651",
      "t" : 1756459722325,
      "tn" : 1756459722325216651,
      "q" : "0.003",
      "p" : "534.17",
      "s" : "buy",
      "i" : "BCH_USDT",
      "m" : "4611686018433876720"
    }, {
      "d" : "1756459719078259183",
      "t" : 1756459719078,
      "tn" : 1756459719078259183,
      "q" : "0.003",
      "p" : "534.06",
      "s" : "buy",
      "i" : "BCH_USDT",
      "m" : "4611686018433876719"
    }, {
      "d" : "1756459719074123176",
      "t" : 1756459719074,
      "tn" : 1756459719074123176,
      "q" : "0.003",
      "p" : "534.06",
      "s" : "buy",
      "i" : "BCH_USDT",
      "m" : "4611686018433876718"
    }, {
      "d" : "1756459719025538491",
      "t" : 1756459719025,
      "tn" : 1756459719025538491,
      "q" : "0.003",
      "p" : "534.06",
      "s" : "buy",
      "i" : "BCH_USDT",
      "m" : "4611686018433876717"
    }, {
      "d" : "1756459719024069126",
      "t" : 1756459719024,
      "tn" : 1756459719024069126,
      "q" : "0.003",
      "p" : "534.06",
      "s" : "buy",
      "i" : "BCH_USDT",
      "m" : "4611686018433876716"
    }, {
      "d" : "1756459718883904164",
      "t" : 1756459718883,
      "tn" : 1756459718883904164,
      "q" : "0.003",
      "p" : "534.06",
      "s" : "buy",
      "i" : "BCH_USDT",
      "m" : "4611686018433876715"
    }, {
      "d" : "1756459718868719714",
      "t" : 1756459718868,
      "tn" : 1756459718868719714,
      "q" : "0.003",
      "p" : "534.07",
      "s" : "buy",
      "i" : "BCH_USDT",
      "m" : "4611686018433876714"
    }, {
      "d" : "1756459718518154656",
      "t" : 1756459718518,
      "tn" : 1756459718518154656,
      "q" : "0.003",
      "p" : "534.07",
      "s" : "buy",
      "i" : "BCH_USDT",
      "m" : "4611686018433876713"
    }, {
      "d" : "1756459718483122716",
      "t" : 1756459718483,
      "tn" : 1756459718483122716,
      "q" : "0.003",
      "p" : "534.07",
      "s" : "buy",
      "i" : "BCH_USDT",
      "m" : "4611686018433876712"
    }, {
      "d" : "1756459718382913674",
      "t" : 1756459718382,
      "tn" : 1756459718382913674,
      "q" : "0.003",
      "p" : "534.07",
      "s" : "buy",
      "i" : "BCH_USDT",
      "m" : "4611686018433876711"
    }, {
      "d" : "1756459718317862575",
      "t" : 1756459718317,
      "tn" : 1756459718317862575,
      "q" : "0.003",
      "p" : "534.07",
      "s" : "buy",
      "i" : "BCH_USDT",
      "m" : "4611686018433876710"
    }, {
      "d" : "1756459718282867627",
      "t" : 1756459718282,
      "tn" : 1756459718282867627,
      "q" : "0.003",
      "p" : "534.07",
      "s" : "buy",
      "i" : "BCH_USDT",
      "m" : "4611686018433876709"
    }, {
      "d" : "1756459718251992879",
      "t" : 1756459718251,
      "tn" : 1756459718251992879,
      "q" : "0.003",
      "p" : "534.07",
      "s" : "buy",
      "i" : "BCH_USDT",
      "m" : "4611686018433876708"
    } ]
  }
}