{
  "id" : -1,
  "method" : "public/get-trades",
  "code" : 0,
  "result" : {
    "data" : [ {
      "d" : "1756460324899980215",
      "t" : 1756460324899,
      "tn" : 1756460324899980215,
      "q" : "0.224",
      "p" : "534.63",
      "s" : "sell",
      "i" : "BCH_USD",
      "m" : "4611686018432939734"
    }, {
      "d" : "1756460324899733239",
      "t" : 1756460324899,
      "tn" : 1756460324899733239,
      "q" : "0.003",
      "p" : "534.73",
      "s" : "sell",
      "i" : "BCH_USD",
      "m" : "4611686018432939733"
    }, {
      "d" : "1756460312879590727",
      "t" : 1756460312879,
      "tn" : 1756460312879590727,
      "q" : "0.003",
      "p" : "534.84",
      "s" : "buy",
      "i" : "BCH_USD",
      "m" : "4611686018432939732"
    }, {
      "d" : "1756460312808485919",
      "t" : 1756460312808,
      "tn" : 1756460312808485919,
      "q" : "0.003",
      "p" : "534.84",
      "s" : "buy",
      "i" : "BCH_USD",
      "m" : "4611686018432939731"
    }, {
      "d" : "1756460312734007548",
      "t" : 1756460312734,
      "tn" : 1756460312734007548,
      "q" : "0.003",
      "p" : "534.84",
      "s" : "buy",
      "i" : "BCH_USD",
      "m" : "4611686018432939730"
    }, {
      "d" : "1756460312598036592",
      "t" : 1756460312598,
      "tn" : 1756460312598036592,
      "q" : "0.003",
      "p" : "534.84",
      "s" : "buy",
      "i" : "BCH_USD",
      "m" : "4611686018432939729"
    }, {
      "d" : "1756460312412699337",
      "t" : 1756460312412,
      "tn" : 1756460312412699337,
      "q" : "0.003",
      "p" : "534.84",
      "s" : "buy",
      "i" : "BCH_USD",
      "m" : "4611686018432939728"
    }, {
      "d" : "1756460312353854047",
      "t" : 1756460312353,
      "tn" : 1756460312353854047,
      "q" : "0.003",
      "p" : "534.84",
      "s" : "buy",
      "i" : "BCH_USD",
      "m" : "4611686018432939727"
    }, {
      "d" : "1756460312326217454",
      "t" : 1756460312326,
      "tn" : 1756460312326217454,
      "q" : "0.003",
      "p" : "534.84",
      "s" : "buy",
      "i" : "BCH_USD",
      "m" : "4611686018432939726"
    }, {
      "d" : "1756460293788449575",
      "t" : 1756460293788,
      "tn" : 1756460293788449575,
      "q" : "0.003",
      "p" : "535.24",
      "s" : "buy",
      "i" : "BCH_USD",
      "m" : "4611686018432939725"
    }, {
      "d" : "1756460290011877492",
      "t" : 1756460290011,
      "tn" : 1756460290011877492,
      "q" : "0.003",
      "p" : "535.14",
      "s" : "buy",
      "i" : "BCH_USD",
      "m" : "4611686018432939724"
    }, {
      "d" : "1756460284182593855",
      "t" : 1756460284182,
      "tn" : 1756460284182593855,
      "q" : "0.003",
      "p" : "534.84",
      "s" : "buy",
      "i" : "BCH_USD",
      "m" : "4611686018432939723"
    }, {
      "d" : "1756460284147610436",
      "t" : 1756460284147,
      "tn" : 1756460284147610436,
      "q" : "0.003",
      "p" : "534.84",
      "s" : "buy",
      "i" : "BCH_USD",
      "m" : "4611686018432939722"
    }, {
      "d" : "1756460284082522014",
      "t" : 1756460284082,
      "tn" : 1756460284082522014,
      "q" : "0.003",
      "p" : "534.84",
      "s" : "buy",
      "i" : "BCH_USD",
      "m" : "4611686018432939721"
    }, {
      "d" : "1756460284002378555",
      "t" : 1756460284002,
      "tn" : 1756460284002378555,
      "q" : "0.003",
      "p" : "534.84",
      "s" : "buy",
      "i" : "BCH_USD",
      "m" : "4611686018432939720"
    }, {
      "d" : "1756460283982350674",
      "t" : 1756460283982,
      "tn" : 1756460283982350674,
      "q" : "0.003",
      "p" : "534.84",
      "s" : "buy",
      "i" : "BCH_USD",
      "m" : "4611686018432939719"
    }, {
      "d" : "1756460283934098196",
      "t" : 1756460283934,
      "tn" : 1756460283934098196,
      "q" : "0.003",
      "p" : "534.84",
      "s" : "buy",
      "i" : "BCH_USD",
      "m" : "4611686018432939718"
    }, {
      "d" : "1756460279491153522",
      "t" : 1756460279491,
      "tn" : 1756460279491153522,
      "q" : "0.003",
      "p" : "534.54",
      "s" : "buy",
      "i" : "BCH_USD",
      "m" : "4611686018432939717"
    }, {
      "d" : "1756460279483819287",
      "t" : 1756460279483,
      "tn" : 1756460279483819287,
      "q" : "0.003",
      "p" : "534.54",
      "s" : "buy",
      "i" : "BCH_USD",
      "m" : "4611686018432939716"
    }, {
      "d" : "1756460279481151798",
      "t" : 1756460279481,
      "tn" : 1756460279481151798,
      "q" : "0.003",
      "p" : "534.54",
      "s" : "buy",
      "i" : "BCH_USD",
      "m" : "4611686018432939715"
    }, {
      "d" : "1756460279303026760",
      "t" : 1756460279303,
      "tn" : 1756460279303026760,
      "q" : "0.003",
      "p" : "534.54",
      "s" : "buy",
      "i" : "BCH_USD",
      "m" : "4611686018432939714"
    }, {
      "d" : "1756460279180097490",
      "t" : 1756460279180,
      "tn" : 1756460279180097490,
      "q" : "0.003",
      "p" : "534.54",
      "s" : "buy",
      "i" : "BCH_USD",
      "m" : "4611686018432939713"
    }, {
      "d" : "1756460279115063257",
      "t" : 1756460279115,
      "tn" : 1756460279115063257,
      "q" : "0.003",
      "p" : "534.54",
      "s" : "buy",
      "i" : "BCH_USD",
      "m" : "4611686018432939712"
    }, {
      "d" : "1756460278621127807",
      "t" : 1756460278621,
      "tn" : 1756460278621127807,
      "q" : "0.003",
      "p" : "534.54",
      "s" : "buy",
      "i" : "BCH_USD",
      "m" : "4611686018432939711"
    }, {
      "d" : "1756460264936911223",
      "t" : 1756460264936,
      "tn" : 1756460264936911222,
      "q" : "0.070",
      "p" : "534.66",
      "s" : "sell",
      "i" : "BCH_USD",
      "m" : "4611686018432939710"
    }, {
      "d" : "1756460264936911222",
      "t" : 1756460264936,
      "tn" : 1756460264936911222,
      "q" : "0.232",
      "p" : "534.66",
      "s" : "sell",
      "i" : "BCH_USD",
      "m" : "4611686018432939710"
    }, {
      "d" : "1756460264863185478",
      "t" : 1756460264863,
      "tn" : 1756460264863185478,
      "q" : "0.302",
      "p" : "534.66",
      "s" : "sell",
      "i" : "BCH_USD",
      "m" : "4611686018432939709"
    }, {
      "d" : "1756460262897878336",
      "t" : 1756460262897,
      "tn" : 1756460262897878336,
      "q" : "0.003",
      "p" : "534.66",
      "s" : "buy",
      "i" : "BCH_USD",
      "m" : "4611686018432939708"
    }, {
      "d" : "1756460257115389984",
      "t" : 1756460257115,
      "tn" : 1756460257115389984,
      "q" : "0.003",
      "p" : "534.54",
      "s" : "buy",
      "i" : "BCH_USD",
      "m" : "4611686018432939707"
    }, {
      "d" : "1756460216929477096",
      "t" : 1756460216929,
      "tn" : 1756460216929477096,
      "q" : "0.003",
      "p" : "534.63",
      "s" : "sell",
      "i" : "BCH_USD",
      "m" : "4611686018432939706"
    }, {
      "d" : "1756460216927977949",
      "t" : 1756460216927,
      "tn" : 1756460216927977949,
      "q" : "0.003",
      "p" : "534.63",
      "s" : "sell",
      "i" : "BCH_USD",
      "m" : "4611686018432939705"
    }, {
      "d" : "1756460185692154751",
      "t" : 1756460185692,
      "tn" : 1756460185692154751,
      "q" : "0.003",
      "p" : "534.94",
      "s" : "buy",
      "i" : "BCH_USD",
      "m" : "4611686018432939704"
    }, {
      "d" : "1756460185649363529",
      "t" : 1756460185649,
      "tn" : 1756460185649363529,
      "q" : "0.003",
      "p" : "534.94",
      "s" : "buy",
      "i" : "BCH_USD",
      "m" : "4611686018432939703"
    }, {
      "d" : "1756460185621316670",
      "t" : 1756460185621,
      "tn" : 1756460185621316670,
      "q" : "0.003",
      "p" : "534.94",
      "s" : "buy",
      "i" : "BCH_USD",
      "m" : "4611686018432939702"
    }, {
      "d" : "1756460172284310872",
      "t" : 1756460172284,
      "tn" : 1756460172284310872,
      "q" : "0.003",
      "p" : "535.05",
      "s" : "buy",
      "i" : "BCH_USD",
      "m" : "4611686018432939701"
    }, {
      "d" : "1756460172234183775",
      "t" : 1756460172234,
      "tn" : 1756460172234183775,
      "q" : "0.003",
      "p" : "535.05",
      "s" : "buy",
      "i" : "BCH_USD",
      "m" : "4611686018432939700"
    }, {
      "d" : "1756460172178356440",
      "t" : 1756460172178,
      "tn" : 1756460172178356440,
      "q" : "0.003",
      "p" : "535.05",
      "s" : "buy",
      "i" : "BCH_USD",
      "m" : "4611686018432939699"
    }, {
      "d" : "1756460171983120726",
      "t" : 1756460171983,
      "tn" : 1756460171983120726,
      "q" : "0.003",
      "p" : "535.05",
      "s" : "buy",
      "i" : "BCH_USD",
      "m" : "4611686018432939698"
    }, {
      "d" : "1756460171883056066",
      "t" : 1756460171883,
      "tn" : 1756460171883056066,
      "q" : "0.003",
      "p" : "535.05",
      "s" : "buy",
      "i" : "BCH_USD",
      "m" : "4611686018432939697"
    }, {
      "d" : "1756460171807890693",
      "t" : 1756460171807,
      "tn" : 1756460171807890693,
      "q" : "0.003",
      "p" : "535.05",
      "s" : "buy",
      "i" : "BCH_USD",
      "m" : "4611686018432939696"
    }, {
      "d" : "1756460171517374308",
      "t" : 1756460171517,
      "tn" : 1756460171517374308,
      "q" : "0.003",
      "p" : "535.05",
      "s" : "buy",
      "i" : "BCH_USD",
      "m" : "4611686018432939695"
    }, {
      "d" : "1756460171382187977",
      "t" : 1756460171382,
      "tn" : 1756460171382187977,
      "q" : "0.003",
      "p" : "535.05",
      "s" : "buy",
      "i" : "BCH_USD",
      "m" : "4611686018432939694"
    }, {
      "d" : "1756460171181701288",
      "t" : 1756460171181,
      "tn" : 1756460171181701288,
      "q" : "0.003",
      "p" : "535.05",
      "s" : "buy",
      "i" : "BCH_USD",
      "m" : "4611686018432939693"
    }, {
      "d" : "1756460170981451437",
      "t" : 1756460170981,
      "tn" : 1756460170981451437,
      "q" : "0.003",
      "p" : "535.05",
      "s" : "buy",
      "i" : "BCH_USD",
      "m" : "4611686018432939692"
    }, {
      "d" : "1756460170926349391",
      "t" : 1756460170926,
      "tn" : 1756460170926349391,
      "q" : "0.003",
      "p" : "535.05",
      "s" : "buy",
      "i" : "BCH_USD",
      "m" : "4611686018432939691"
    }, {
      "d" : "1756460170881240775",
      "t" : 1756460170881,
      "tn" : 1756460170881240775,
      "q" : "0.003",
      "p" : "535.05",
      "s" : "buy",
      "i" : "BCH_USD",
      "m" : "4611686018432939690"
    }, {
      "d" : "1756460170780671865",
      "t" : 1756460170780,
      "tn" : 1756460170780671865,
      "q" : "0.003",
      "p" : "535.05",
      "s" : "buy",
      "i" : "BCH_USD",
      "m" : "4611686018432939689"
    }, {
      "d" : "1756460170737494935",
      "t" : 1756460170737,
      "tn" : 1756460170737494935,
      "q" : "0.003",
      "p" : "535.05",
      "s" : "buy",
      "i" : "BCH_USD",
      "m" : "4611686018432939688"
    }, {
      "d" : "1756460161246805702",
      "t" : 1756460161246,
      "tn" : 1756460161246805702,
      "q" : "0.150",
      "p" : "535.34",
      "s" : "sell",
      "i" : "BCH_USD",
      "m" : "4611686018432939687"
    }, {
      "d" : "1756460159371448974",
      "t" : 1756460159371,
      "tn" : 1756460159371448974,
      "q" : "0.003",
      "p" : "535.34",
      "s" : "buy",
      "i" : "BCH_USD",
      "m" : "4611686018432939686"
    }, {
      "d" : "1756460124515775119",
      "t" : 1756460124515,
      "tn" : 1756460124515775119,
      "q" : "0.003",
      "p" : "535.24",
      "s" : "buy",
      "i" : "BCH_USD",
      "m" : "4611686018432939685"
    }, {
      "d" : "1756460123258150125",
      "t" : 1756460123258,
      "tn" : 1756460123258150125,
      "q" : "0.003",
      "p" : "535.04",
      "s" : "buy",
      "i" : "BCH_USD",
      "m" : "4611686018432939684"
    }, {
      "d" : "1756460123192369309",
      "t" : 1756460123192,
      "tn" : 1756460123192369309,
      "q" : "0.003",
      "p" : "535.04",
      "s" : "buy",
      "i" : "BCH_USD",
      "m" : "4611686018432939683"
    }, {
      "d" : "1756460123182345947",
      "t" : 1756460123182,
      "tn" : 1756460123182345947,
      "q" : "0.003",
      "p" : "535.04",
      "s" : "buy",
      "i" : "BCH_USD",
      "m" : "4611686018432939682"
    }, {
      "d" : "1756460123172341222",
      "t" : 1756460123172,
      "tn" : 1756460123172341222,
      "q" : "0.003",
      "p" : "535.04",
      "s" : "buy",
      "i" : "BCH_USD",
      "m" : "4611686018432939681"
    }, {
      "d" : "1756460123082316705",
      "t" : 1756460123082,
      "tn" : 1756460123082316705,
      "q" : "0.003",
      "p" : "535.04",
      "s" : "buy",
      "i" : "BCH_USD",
      "m" : "4611686018432939680"
    }, {
      "d" : "1756460122982140372",
      "t" : 1756460122982,
      "tn" : 1756460122982140372,
      "q" : "0.003",
      "p" : "535.04",
      "s" : "buy",
      "i" : "BCH_USD",
      "m" : "4611686018432939679"
    }, {
      "d" : "1756460122881981387",
      "t" : 1756460122881,
      "tn" : 1756460122881981387,
      "q" : "0.003",
      "p" : "535.04",
      "s" : "buy",
      "i" : "BCH_USD",
      "m" : "4611686018432939678"
    }, {
      "d" : "1756460122781735406",
      "t" : 1756460122781,
      "tn" : 1756460122781735406,
      "q" : "0.003",
      "p" : "535.04",
      "s" : "buy",
      "i" : "BCH_USD",
      "m" : "4611686018432939677"
    }, {
      "d" : "1756460122763147513",
      "t" : 1756460122763,
      "tn" : 1756460122763147513,
      "q" : "0.003",
      "p" : "535.04",
      "s" : "buy",
      "i" : "BCH_USD",
      "m" : "4611686018432939676"
    }, {
      "d" : "1756460103185441255",
      "t" : 1756460103185,
      "tn" : 1756460103185441255,
      "q" : "0.003",
      "p" : "534.94",
      "s" : "buy",
      "i" : "BCH_USD",
      "m" : "4611686018432939675"
    }, {
      "d" : "1756460051193439011",
      "t" : 1756460051193,
      "tn" : 1756460051193439011,
      "q" : "0.003",
      "p" : "534.85",
      "s" : "buy",
      "i" : "BCH_USD",
      "m" : "4611686018432939674"
    }, {
      "d" : "1756460027358011755",
      "t" : 1756460027358,
      "tn" : 1756460027358011755,
      "q" : "0.003",
      "p" : "535.04",
      "s" : "buy",
      "i" : "BCH_USD",
      "m" : "4611686018432939673"
    }, {
      "d" : "1756460012566075719",
      "t" : 1756460012566,
      "tn" : 1756460012566075719,
      "q" : "0.003",
      "p" : "535.03",
      "s" : "sell",
      "i" : "BCH_USD",
      "m" : "4611686018432939672"
    }, {
      "d" : "1756459937859958709",
      "t" : 1756459937859,
      "tn" : 1756459937859958709,
      "q" : "0.003",
      "p" : "535.93",
      "s" : "sell",
      "i" : "BCH_USD",
      "m" : "4611686018432939671"
    }, {
      "d" : "1756459937801714127",
      "t" : 1756459937801,
      "tn" : 1756459937801714127,
      "q" : "0.003",
      "p" : "535.93",
      "s" : "sell",
      "i" : "BCH_USD",
      "m" : "4611686018432939670"
    }, {
      "d" : "1756459903692920309",
      "t" : 1756459903692,
      "tn" : 1756459903692920309,
      "q" : "0.003",
      "p" : "536.34",
      "s" : "buy",
      "i" : "BCH_USD",
      "m" : "4611686018432939669"
    }, {
      "d" : "1756459903202459086",
      "t" : 1756459903202,
      "tn" : 1756459903202459086,
      "q" : "0.003",
      "p" : "536.26",
      "s" : "buy",
      "i" : "BCH_USD",
      "m" : "4611686018432939668"
    }, {
      "d" : "1756459903003464483",
      "t" : 1756459903003,
      "tn" : 1756459903003464483,
      "q" : "0.003",
      "p" : "536.25",
      "s" : "buy",
      "i" : "BCH_USD",
      "m" : "4611686018432939667"
    }, {
      "d" : "1756459884597881711",
      "t" : 1756459884597,
      "tn" : 1756459884597881711,
      "q" : "0.003",
      "p" : "536.17",
      "s" : "buy",
      "i" : "BCH_USD",
      "m" : "4611686018432939666"
    }, {
      "d" : "1756459884518317585",
      "t" : 1756459884518,
      "tn" : 1756459884518317585,
      "q" : "0.003",
      "p" : "536.17",
      "s" : "buy",
      "i" : "BCH_USD",
      "m" : "4611686018432939665"
    }, {
      "d" : "1756459884383051334",
      "t" : 1756459884383,
      "tn" : 1756459884383051334,
      "q" : "0.003",
      "p" : "536.16",
      "s" : "buy",
      "i" : "BCH_USD",
      "m" : "4611686018432939664"
    }, {
      "d" : "1756459884181824217",
      "t" : 1756459884181,
      "tn" : 1756459884181824217,
      "q" : "0.003",
      "p" : "536.15",
      "s" : "buy",
      "i" : "BCH_USD",
      "m" : "4611686018432939663"
    }, {
      "d" : "1756459884081723880",
      "t" : 1756459884081,
      "tn" : 1756459884081723880,
      "q" : "0.003",
      "p" : "536.15",
      "s" : "buy",
      "i" : "BCH_USD",
      "m" : "4611686018432939662"
    }, {
      "d" : "1756459883999523299",
      "t" : 1756459883999,
      "tn" : 1756459883999523299,
      "q" : "0.003",
      "p" : "536.15",
      "s" : "buy",
      "i" : "BCH_USD",
      "m" : "4611686018432939661"
    }, {
      "d" : "1756459883981616880",
      "t" : 1756459883981,
      "tn" : 1756459883981616880,
      "q" : "0.003",
      "p" : "536.15",
      "s" : "buy",
      "i" : "BCH_USD",
      "m" : "4611686018432939660"
    }, {
      "d" : "1756459883780953144",
      "t" : 1756459883780,
      "tn" : 1756459883780953144,
      "q" : "0.003",
      "p" : "536.15",
      "s" : "buy",
      "i" : "BCH_USD",
      "m" : "4611686018432939659"
    }, {
      "d" : "1756459883746072033",
      "t" : 1756459883746,
      "tn" : 1756459883746072033,
      "q" : "0.003",
      "p" : "536.15",
      "s" : "buy",
      "i" : "BCH_USD",
      "m" : "4611686018432939658"
    }, {
      "d" : "1756459883680617556",
      "t" : 1756459883680,
      "tn" : 1756459883680617556,
      "q" : "0.003",
      "p" : "536.15",
      "s" : "buy",
      "i" : "BCH_USD",
      "m" : "4611686018432939657"
    }, {
      "d" : "1756459883580552952",
      "t" : 1756459883580,
      "tn" : 1756459883580552952,
      "q" : "0.003",
      "p" : "536.15",
      "s" : "buy",
      "i" : "BCH_USD",
      "m" : "4611686018432939656"
    }, {
      "d" : "1756459883515461854",
      "t" : 1756459883515,
      "tn" : 1756459883515461854,
      "q" : "0.003",
      "p" : "536.15",
      "s" : "buy",
      "i" : "BCH_USD",
      "m" : "4611686018432939655"
    }, {
      "d" : "1756459883380293759",
      "t" : 1756459883380,
      "tn" : 1756459883380293759,
      "q" : "0.003",
      "p" : "536.15",
      "s" : "buy",
      "i" : "BCH_USD",
      "m" : "4611686018432939654"
    }, {
      "d" : "1756459883280171771",
      "t" : 1756459883280,
      "tn" : 1756459883280171771,
      "q" : "0.003",
      "p" : "536.14",
      "s" : "buy",
      "i" : "BCH_USD",
      "m" : "4611686018432939653"
    }, {
      "d" : "1756459883184451163",
      "t" : 1756459883184,
      "tn" : 1756459883184451163,
      "q" : "0.003",
      "p" : "536.14",
      "s" : "buy",
      "i" : "BCH_USD",
      "m" : "4611686018432939652"
    }, {
      "d" : "1756459883168010539",
      "t" : 1756459883168,
      "tn" : 1756459883168010539,
      "q" : "0.003",
      "p" : "536.14",
      "s" : "buy",
      "i" : "BCH_USD",
      "m" : "4611686018432939651"
    }, {
      "d" : "1756459875678812742",
      "t" : 1756459875678,
      "tn" : 1756459875678812742,
      "q" : "0.148",
      "p" : "536.44",
      "s" : "sell",
      "i" : "BCH_USD",
      "m" : "4611686018432939650"
    }, {
      "d" : "1756459873337078099",
      "t" : 1756459873337,
      "tn" : 1756459873337078099,
      "q" : "0.003",
      "p" : "536.44",
      "s" : "buy",
      "i" : "BCH_USD",
      "m" : "4611686018432939649"
    }, {
      "d" : "1756459871081355669",
      "t" : 1756459871081,
      "tn" : 1756459871081355669,
      "q" : "0.003",
      "p" : "536.44",
      "s" : "buy",
      "i" : "BCH_USD",
      "m" : "4611686018432939648"
    }, {
      "d" : "1756459870981184814",
      "t" : 1756459870981,
      "tn" : 1756459870981184814,
      "q" : "0.003",
      "p" : "536.44",
      "s" : "buy",
      "i" : "BCH_USD",
      "m" : "4611686018432939647"
    }, {
      "d" : "1756459870916157585",
      "t" : 1756459870916,
      "tn" : 1756459870916157585,
      "q" : "0.003",
      "p" : "536.44",
      "s" : "buy",
      "i" : "BCH_USD",
      "m" : "4611686018432939646"
    }, {
      "d" : "1756459870881134615",
      "t" : 1756459870881,
      "tn" : 1756459870881134615,
      "q" : "0.003",
      "p" : "536.44",
      "s" : "buy",
      "i" : "BCH_USD",
      "m" : "4611686018432939645"
    }, {
      "d" : "1756459870861066487",
      "t" : 1756459870861,
      "tn" : 1756459870861066487,
      "q" : "0.003",
      "p" : "536.44",
      "s" : "buy",
      "i" : "BCH_USD",
      "m" : "4611686018432939644"
    }, {
      "d" : "1756459870780955790",
      "t" : 1756459870780,
      "tn" : 1756459870780955790,
      "q" : "0.003",
      "p" : "536.44",
      "s" : "buy",
      "i" : "BCH_USD",
      "m" : "4611686018432939643"
    }, {
      "d" : "1756459870720858840",
      "t" : 1756459870720,
      "tn" : 1756459870720858840,
      "q" : "0.003",
      "p" : "536.44",
      "s" : "buy",
      "i" : "BCH_USD",
      "m" : "4611686018432939642"
    }, {
      "d" : "1756459870680663852",
      "t" : 1756459870680,
      "tn" : 1756459870680663852,
      "q" : "0.003",
      "p" : "536.44",
      "s" : "buy",
      "i" : "BCH_USD",
      "m" : "4611686018432939641"
    }, {
      "d" : "1756459870655641223",
      "t" : 1756459870655,
      "tn" : 1756459870655641223,
      "q" : "0.003",
      "p" : "536.44",
      "s" : "buy",
      "i" : "BCH_USD",
      "m" : "4611686018432939640"
    }, {
      "d" : "1756459870580612942",
      "t" : 1756459870580,
      "tn" : 1756459870580612942,
      "q" : "0.003",
      "p" : "536.44",
      "s" : "buy",
      "i" : "BCH_USD",
      "m" : "4611686018432939639"
    }, {
      "d" : "1756459870515524442",
      "t" : 1756459870515,
      "tn" : 1756459870515524442,
      "q" : "0.003",
      "p" : "536.44",
      "s" : "buy",
      "i" : "BCH_USD",
      "m" : "4611686018432939638"
    }, {
      "d" : "1756459870480522286",
      "t" : 1756459870480,
      "tn" : 1756459870480522286,
      "q" : "0.003",
      "p" : "536.44",
      "s" : "buy",
      "i" : "BCH_USD",
      "m" : "4611686018432939637"
    }, {
      "d" : "1756459870440450658",
      "t" : 1756459870440,
      "tn" : 1756459870440450658,
      "q" : "0.003",
      "p" : "536.44",
      "s" : "buy",
      "i" : "BCH_USD",
      "m" : "4611686018432939636"
    }, {
      "d" : "1756459870380358201",
      "t" : 1756459870380,
      "tn" : 1756459870380358201,
      "q" : "0.003",
      "p" : "536.44",
      "s" : "buy",
      "i" : "BCH_USD",
      "m" : "4611686018432939635"
    }, {
      "d" : "1756459870325669313",
      "t" : 1756459870325,
      "tn" : 1756459870325669313,
      "q" : "0.003",
      "p" : "536.44",
      "s" : "buy",
      "i" : "BCH_USD",
      "m" : "4611686018432939634"
    }, {
      "d" : "1756459870142375140",
      "t" : 1756459870142,
      "tn" : 1756459870142375140,
      "q" : "0.003",
      "p" : "536.44",
      "s" : "buy",
      "i" : "BCH_USD",
      "m" : "4611686018432939633"
    }, {
      "d" : "1756459867685476184",
      "t" : 1756459867685,
      "tn" : 1756459867685476184,
      "q" : "0.003",
      "p" : "536.26",
      "s" : "buy",
      "i" : "BCH_USD",
      "m" : "4611686018432939632"
    }, {
      "d" : "1756459867629883767",
      "t" : 1756459867629,
      "tn" : 1756459867629883767,
      "q" : "0.003",
      "p" : "536.26",
      "s" : "buy",
      "i" : "BCH_USD",
      "m" : "4611686018432939631"
    }, {
      "d" : "1756459867515313148",
      "t" : 1756459867515,
      "tn" : 1756459867515313148,
      "q" : "0.003",
      "p" : "536.26",
      "s" : "buy",
      "i" : "BCH_USD",
      "m" : "4611686018432939630"
    }, {
      "d" : "1756459867484432349",
      "t" : 1756459867484,
      "tn" : 1756459867484432349,
      "q" : "0.003",
      "p" : "536.26",
      "s" : "buy",
      "i" : "BCH_USD",
      "m" : "4611686018432939629"
    }, {
      "d" : "1756459867459339688",
      "t" : 1756459867459,
      "tn" : 1756459867459339688,
      "q" : "0.003",
      "p" : "536.26",
      "s" : "buy",
      "i" : "BCH_USD",
      "m" : "4611686018432939628"
    }, {
      "d" : "1756459867289217601",
      "t" : 1756459867289,
      "tn" : 1756459867289217601,
      "q" : "0.003",
      "p" : "536.26",
      "s" : "buy",
      "i" : "BCH_USD",
      "m" : "4611686018432939627"
    }, {
      "d" : "1756459867269470041",
      "t" : 1756459867269,
      "tn" : 1756459867269470041,
      "q" : "0.003",
      "p" : "536.26",
      "s" : "buy",
      "i" : "BCH_USD",
      "m" : "4611686018432939626"
    }, {
      "d" : "1756459867210792726",
      "t" : 1756459867210,
      "tn" : 1756459867210792726,
      "q" : "0.003",
      "p" : "536.25",
      "s" : "buy",
      "i" : "BCH_USD",
      "m" : "4611686018432939625"
    }, {
      "d" : "1756459867168489395",
      "t" : 1756459867168,
      "tn" : 1756459867168489395,
      "q" : "0.003",
      "p" : "536.25",
      "s" : "buy",
      "i" : "BCH_USD",
      "m" : "4611686018432939624"
    }, {
      "d" : "1756459867140803141",
      "t" : 1756459867140,
      "tn" : 1756459867140803141,
      "q" : "0.003",
      "p" : "536.25",
      "s" : "buy",
      "i" : "BCH_USD",
      "m" : "4611686018432939623"
    }, {
      "d" : "1756459867027128846",
      "t" : 1756459867027,
      "tn" : 1756459867027128846,
      "q" : "0.003",
      "p" : "536.24",
      "s" : "buy",
      "i" : "BCH_USD",
      "m" : "4611686018432939622"
    }, {
      "d" : "1756459866883270492",
      "t" : 1756459866883,
      "tn" : 1756459866883270492,
      "q" : "0.003",
      "p" : "536.16",
      "s" : "buy",
      "i" : "BCH_USD",
      "m" : "4611686018432939621"
    }, {
      "d" : "1756459866783060701",
      "t" : 1756459866783,
      "tn" : 1756459866783060701,
      "q" : "0.003",
      "p" : "536.16",
      "s" : "buy",
      "i" : "BCH_USD",
      "m" : "4611686018432939620"
    }, {
      "d" : "1756459866682806208",
      "t" : 1756459866682,
      "tn" : 1756459866682806208,
      "q" : "0.003",
      "p" : "536.15",
      "s" : "buy",
      "i" : "BCH_USD",
      "m" : "4611686018432939619"
    }, {
      "d" : "1756459866589090500",
      "t" : 1756459866589,
      "tn" : 1756459866589090500,
      "q" : "0.003",
      "p" : "536.15",
      "s" : "buy",
      "i" : "BCH_USD",
      "m" : "4611686018432939618"
    }, {
      "d" : "1756459866580895052",
      "t" : 1756459866580,
      "tn" : 1756459866580895052,
      "q" : "0.003",
      "p" : "536.15",
      "s" : "buy",
      "i" : "BCH_USD",
      "m" : "4611686018432939617"
    }, {
      "d" : "1756459866468400162",
      "t" : 1756459866468,
      "tn" : 1756459866468400162,
      "q" : "0.003",
      "p" : "536.15",
      "s" : "buy",
      "i" : "BCH_USD",
      "m" : "4611686018432939616"
    }, {
      "d" : "1756459866417896079",
      "t" : 1756459866417,
      "tn" : 1756459866417896079,
      "q" : "0.003",
      "p" : "536.14",
      "s" : "buy",
      "i" : "BCH_USD",
      "m" : "4611686018432939615"
    }, {
      "d" : "1756459861138371504",
      "t" : 1756459861138,
      "tn" : 1756459861138371504,
      "q" : "0.003",
      "p" : "536.04",
      "s" : "buy",
      "i" : "BCH_USD",
      "m" : "4611686018432939614"
    }, {
      "d" : "1756459855124675433",
      "t" : 1756459855124,
      "tn" : 1756459855124675433,
      "q" : "0.003",
      "p" : "536.04",
      "s" : "buy",
      "i" : "BCH_USD",
      "m" : "4611686018432939613"
    }, {
      "d" : "1756459848971334809",
      "t" : 1756459848971,
      "tn" : 1756459848971334809,
      "q" : "0.003",
      "p" : "535.87",
      "s" : "buy",
      "i" : "BCH_USD",
      "m" : "4611686018432939612"
    }, {
      "d" : "1756459842923873850",
      "t" : 1756459842923,
      "tn" : 1756459842923873850,
      "q" : "0.003",
      "p" : "535.94",
      "s" : "buy",
      "i" : "BCH_USD",
      "m" : "4611686018432939611"
    }, {
      "d" : "1756459837139886652",
      "t" : 1756459837139,
      "tn" : 1756459837139886652,
      "q" : "0.003",
      "p" : "535.77",
      "s" : "buy",
      "i" : "BCH_USD",
      "m" : "4611686018432939610"
    }, {
      "d" : "1756459833113240702",
      "t" : 1756459833113,
      "tn" : 1756459833113240702,
      "q" : "0.003",
      "p" : "535.75",
      "s" : "buy",
      "i" : "BCH_USD",
      "m" : "4611686018432939609"
    }, {
      "d" : "1756459830684529921",
      "t" : 1756459830684,
      "tn" : 1756459830684529921,
      "q" : "0.003",
      "p" : "535.74",
      "s" : "buy",
      "i" : "BCH_USD",
      "m" : "4611686018432939608"
    }, {
      "d" : "1756459830584445119",
      "t" : 1756459830584,
      "tn" : 1756459830584445119,
      "q" : "0.003",
      "p" : "535.74",
      "s" : "buy",
      "i" : "BCH_USD",
      "m" : "4611686018432939607"
    }, {
      "d" : "1756459830519406673",
      "t" : 1756459830519,
      "tn" : 1756459830519406673,
      "q" : "0.003",
      "p" : "535.74",
      "s" : "buy",
      "i" : "BCH_USD",
      "m" : "4611686018432939606"
    }, {
      "d" : "1756459827983727323",
      "t" : 1756459827983,
      "tn" : 1756459827983727323,
      "q" : "0.003",
      "p" : "535.64",
      "s" : "buy",
      "i" : "BCH_USD",
      "m" : "4611686018432939605"
    }, {
      "d" : "1756459827734881778",
      "t" : 1756459827734,
      "tn" : 1756459827734881778,
      "q" : "0.003",
      "p" : "535.64",
      "s" : "buy",
      "i" : "BCH_USD",
      "m" : "4611686018432939604"
    }, {
      "d" : "1756459827607937320",
      "t" : 1756459827607,
      "tn" : 1756459827607937320,
      "q" : "0.003",
      "p" : "535.64",
      "s" : "buy",
      "i" : "BCH_USD",
      "m" : "4611686018432939603"
    }, {
      "d" : "1756459827577924761",
      "t" : 1756459827577,
      "tn" : 1756459827577924761,
      "q" : "0.003",
      "p" : "535.64",
      "s" : "buy",
      "i" : "BCH_USD",
      "m" : "4611686018432939602"
    }, {
      "d" : "1756459827517898272",
      "t" : 1756459827517,
      "tn" : 1756459827517898272,
      "q" : "0.003",
      "p" : "535.64",
      "s" : "buy",
      "i" : "BCH_USD",
      "m" : "4611686018432939601"
    }, {
      "d" : "1756459827482848682",
      "t" : 1756459827482,
      "tn" : 1756459827482848682,
      "q" : "0.003",
      "p" : "535.64",
      "s" : "buy",
      "i" : "BCH_USD",
      "m" : "4611686018432939600"
    }, {
      "d" : "1756459827382714387",
      "t" : 1756459827382,
      "tn" : 1756459827382714387,
      "q" : "0.003",
      "p" : "535.64",
      "s" : "buy",
      "i" : "BCH_USD",
      "m" : "4611686018432939599"
    }, {
      "d" : "1756459827352653105",
      "t" : 1756459827352,
      "tn" : 1756459827352653105,
      "q" : "0.003",
      "p" : "535.64",
      "s" : "buy",
      "i" : "BCH_USD",
      "m" : "4611686018432939598"
    }, {
      "d" : "1756459826881384412",
      "t" : 1756459826881,
      "tn" : 1756459826881384412,
      "q" : "0.003",
      "p" : "535.64",
      "s" : "buy",
      "i" : "BCH_USD",
      "m" : "4611686018432939597"
    }, {
      "d" : "1756459826871234183",
      "t" : 1756459826871,
      "tn" : 1756459826871234183,
      "q" : "0.003",
      "p" : "535.64",
      "s" : "buy",
      "i" : "BCH_USD",
      "m" : "4611686018432939596"
    }, {
      "d" : "1756459826781113505",
      "t" : 1756459826781,
      "tn" : 1756459826781113505,
      "q" : "0.003",
      "p" : "535.64",
      "s" : "buy",
      "i" : "BCH_USD",
      "m" : "4611686018432939595"
    }, {
      "d" : "1756459826580723907",
      "t" : 1756459826580,
      "tn" : 1756459826580723907,
      "q" : "0.003",
      "p" : "535.64",
      "s" : "buy",
      "i" : "BCH_USD",
      "m" : "4611686018432939594"
    }, {
      "d" : "1756459826520763800",
      "t" : 1756459826520,
      "tn" : 1756459826520763800,
      "q" : "0.003",
      "p" : "535.64",
      "s" : "buy",
      "i" : "BCH_USD",
      "m" : "4611686018432939593"
    }, {
      "d" : "1756459826380525288",
      "t" : 1756459826380,
      "tn" : 1756459826380525288,
      "q" : "0.003",
      "p" : "535.64",
      "s" : "buy",
      "i" : "BCH_USD",
      "m" : "4611686018432939592"
    }, {
      "d" : "1756459826280343223",
      "t" : 1756459826280,
      "tn" : 1756459826280343223,
      "q" : "0.003",
      "p" : "535.64",
      "s" : "buy",
      "i" : "BCH_USD",
      "m" : "4611686018432939591"
    }, {
      "d" : "1756459826245341702",
      "t" : 1756459826245,
      "tn" : 1756459826245341702,
      "q" : "0.003",
      "p" : "535.64",
      "s" : "buy",
      "i" : "BCH_USD",
      "m" : "4611686018432939590"
    }, {
      "d" : "1756459826078503074",
      "t" : 1756459826078,
      "tn" : 1756459826078503074,
      "q" : "0.003",
      "p" : "535.64",
      "s" : "buy",
      "i" : "BCH_USD",
      "m" : "4611686018432939589"
    }, {
      "d" : "1756459826074455388",
      "t" : 1756459826074,
      "tn" : 1756459826074455388,
      "q" : "0.003",
      "p" : "535.64",
      "s" : "buy",
      "i" : "BCH_USD",
      "m" : "4611686018432939588"
    }, {
      "d" : "1756459825984352303",
      "t" : 1756459825984,
      "tn" : 1756459825984352303,
      "q" : "0.003",
      "p" : "535.64",
      "s" : "buy",
      "i" : "BCH_USD",
      "m" : "4611686018432939587"
    }, {
      "d" : "1756459825888037034",
      "t" : 1756459825888,
      "tn" : 1756459825888037034,
      "q" : "0.003",
      "p" : "535.64",
      "s" : "buy",
      "i" : "BCH_USD",
      "m" : "4611686018432939586"
    } ]
  }
}