{
  "id" : -1,
  "method" : "public/get-trades",
  "code" : 0,
  "result" : {
    "data" : [ {
      "d" : "1756460331384917058",
      "t" : 1756460331384,
      "tn" : 1756460331384917058,
      "q" : "0.01",
      "p" : "535.23",
      "s" : "sell",
      "i" : "BCHUSD-PERP",
      "m" : "4611686018431765590"
    }, {
      "d" : "1756460328788564219",
      "t" : 1756460328788,
      "tn" : 1756460328788564219,
      "q" : "0.01",
      "p" : "535.05",
      "s" : "buy",
      "i" : "BCHUSD-PERP",
      "m" : "4611686018431765589"
    }, {
      "d" : "1756460325014149633",
      "t" : 1756460325014,
      "tn" : 1756460325014149633,
      "q" : "0.01",
      "p" : "534.51",
      "s" : "buy",
      "i" : "BCHUSD-PERP",
      "m" : "4611686018431765588"
    }, {
      "d" : "1756460324899861153",
      "t" : 1756460324899,
      "tn" : 1756460324899861153,
      "q" : "0.01",
      "p" : "534.60",
      "s" : "sell",
      "i" : "BCHUSD-PERP",
      "m" : "4611686018431765587"
    }, {
      "d" : "1756460324899859188",
      "t" : 1756460324899,
      "tn" : 1756460324899859188,
      "q" : "0.01",
      "p" : "534.62",
      "s" : "sell",
      "i" : "BCHUSD-PERP",
      "m" : "4611686018431765586"
    }, {
      "d" : "1756460312746994606",
      "t" : 1756460312746,
      "tn" : 1756460312746994606,
      "q" : "0.01",
      "p" : "535.00",
      "s" : "sell",
      "i" : "BCHUSD-PERP",
      "m" : "4611686018431765585"
    }, {
      "d" : "1756460311399593346",
      "t" : 1756460311399,
      "tn" : 1756460311399593346,
      "q" : "0.01",
      "p" : "534.83",
      "s" : "buy",
      "i" : "BCHUSD-PERP",
      "m" : "4611686018431765584"
    }, {
      "d" : "1756460300789485637",
      "t" : 1756460300789,
      "tn" : 1756460300789485637,
      "q" : "0.01",
      "p" : "535.40",
      "s" : "sell",
      "i" : "BCHUSD-PERP",
      "m" : "4611686018431765583"
    }, {
      "d" : "1756460298482808670",
      "t" : 1756460298482,
      "tn" : 1756460298482808670,
      "q" : "0.01",
      "p" : "535.55",
      "s" : "sell",
      "i" : "BCHUSD-PERP",
      "m" : "4611686018431765582"
    }, {
      "d" : "1756460293788417512",
      "t" : 1756460293788,
      "tn" : 1756460293788417512,
      "q" : "0.01",
      "p" : "535.40",
      "s" : "buy",
      "i" : "BCHUSD-PERP",
      "m" : "4611686018431765581"
    }, {
      "d" : "1756460290011737688",
      "t" : 1756460290011,
      "tn" : 1756460290011737688,
      "q" : "0.01",
      "p" : "535.25",
      "s" : "buy",
      "i" : "BCHUSD-PERP",
      "m" : "4611686018431765580"
    }, {
      "d" : "1756460288156928519",
      "t" : 1756460288156,
      "tn" : 1756460288156928519,
      "q" : "0.01",
      "p" : "535.15",
      "s" : "buy",
      "i" : "BCHUSD-PERP",
      "m" : "4611686018431765579"
    }, {
      "d" : "1756460286269554012",
      "t" : 1756460286269,
      "tn" : 1756460286269554012,
      "q" : "0.01",
      "p" : "535.23",
      "s" : "sell",
      "i" : "BCHUSD-PERP",
      "m" : "4611686018431765578"
    }, {
      "d" : "1756460286038511875",
      "t" : 1756460286038,
      "tn" : 1756460286038511875,
      "q" : "0.01",
      "p" : "535.08",
      "s" : "buy",
      "i" : "BCHUSD-PERP",
      "m" : "4611686018431765577"
    }, {
      "d" : "1756460282728128343",
      "t" : 1756460282728,
      "tn" : 1756460282728128343,
      "q" : "0.01",
      "p" : "534.75",
      "s" : "buy",
      "i" : "BCHUSD-PERP",
      "m" : "4611686018431765576"
    }, {
      "d" : "1756460278244158666",
      "t" : 1756460278244,
      "tn" : 1756460278244158666,
      "q" : "0.01",
      "p" : "534.72",
      "s" : "sell",
      "i" : "BCHUSD-PERP",
      "m" : "4611686018431765575"
    }, {
      "d" : "1756460278128038062",
      "t" : 1756460278128,
      "tn" : 1756460278128038062,
      "q" : "0.01",
      "p" : "534.59",
      "s" : "buy",
      "i" : "BCHUSD-PERP",
      "m" : "4611686018431765574"
    }, {
      "d" : "1756460263776790762",
      "t" : 1756460263776,
      "tn" : 1756460263776790762,
      "q" : "0.01",
      "p" : "534.81",
      "s" : "sell",
      "i" : "BCHUSD-PERP",
      "m" : "4611686018431765573"
    }, {
      "d" : "1756460250983521085",
      "t" : 1756460250983,
      "tn" : 1756460250983521085,
      "q" : "0.01",
      "p" : "534.74",
      "s" : "sell",
      "i" : "BCHUSD-PERP",
      "m" : "4611686018431765572"
    }, {
      "d" : "1756460248775584773",
      "t" : 1756460248775,
      "tn" : 1756460248775584772,
      "q" : "0.07",
      "p" : "534.66",
      "s" : "buy",
      "i" : "BCHUSD-PERP",
      "m" : "4611686018431765571"
    }, {
      "d" : "1756460248775584772",
      "t" : 1756460248775,
      "tn" : 1756460248775584772,
      "q" : "0.01",
      "p" : "534.66",
      "s" : "buy",
      "i" : "BCHUSD-PERP",
      "m" : "4611686018431765571"
    }, {
      "d" : "1756460235334106759",
      "t" : 1756460235334,
      "tn" : 1756460235334106759,
      "q" : "0.01",
      "p" : "534.39",
      "s" : "buy",
      "i" : "BCHUSD-PERP",
      "m" : "4611686018431765570"
    }, {
      "d" : "1756460224274806249",
      "t" : 1756460224274,
      "tn" : 1756460224274806249,
      "q" : "0.01",
      "p" : "534.65",
      "s" : "sell",
      "i" : "BCHUSD-PERP",
      "m" : "4611686018431765569"
    }, {
      "d" : "1756460223007356744",
      "t" : 1756460223007,
      "tn" : 1756460223007356744,
      "q" : "0.01",
      "p" : "534.56",
      "s" : "buy",
      "i" : "BCHUSD-PERP",
      "m" : "4611686018431765568"
    }, {
      "d" : "1756460217208697012",
      "t" : 1756460217208,
      "tn" : 1756460217208697012,
      "q" : "0.01",
      "p" : "534.39",
      "s" : "buy",
      "i" : "BCHUSD-PERP",
      "m" : "4611686018431765567"
    }, {
      "d" : "1756460216929603678",
      "t" : 1756460216929,
      "tn" : 1756460216929603678,
      "q" : "0.01",
      "p" : "534.50",
      "s" : "sell",
      "i" : "BCHUSD-PERP",
      "m" : "4611686018431765566"
    }, {
      "d" : "1756460216927998082",
      "t" : 1756460216927,
      "tn" : 1756460216927998082,
      "q" : "0.01",
      "p" : "534.54",
      "s" : "sell",
      "i" : "BCHUSD-PERP",
      "m" : "4611686018431765565"
    }, {
      "d" : "1756460197925154095",
      "t" : 1756460197925,
      "tn" : 1756460197925154095,
      "q" : "0.01",
      "p" : "535.14",
      "s" : "sell",
      "i" : "BCHUSD-PERP",
      "m" : "4611686018431765564"
    }, {
      "d" : "1756460185771876691",
      "t" : 1756460185771,
      "tn" : 1756460185771876691,
      "q" : "0.01",
      "p" : "535.06",
      "s" : "buy",
      "i" : "BCHUSD-PERP",
      "m" : "4611686018431765563"
    }, {
      "d" : "1756460157774639346",
      "t" : 1756460157774,
      "tn" : 1756460157774639346,
      "q" : "0.01",
      "p" : "535.49",
      "s" : "sell",
      "i" : "BCHUSD-PERP",
      "m" : "4611686018431765562"
    }, {
      "d" : "1756460142562678876",
      "t" : 1756460142562,
      "tn" : 1756460142562678876,
      "q" : "0.01",
      "p" : "535.35",
      "s" : "buy",
      "i" : "BCHUSD-PERP",
      "m" : "4611686018431765561"
    }, {
      "d" : "1756460137408226940",
      "t" : 1756460137408,
      "tn" : 1756460137408226940,
      "q" : "0.01",
      "p" : "535.56",
      "s" : "sell",
      "i" : "BCHUSD-PERP",
      "m" : "4611686018431765560"
    }, {
      "d" : "1756460132572731602",
      "t" : 1756460132572,
      "tn" : 1756460132572731602,
      "q" : "0.01",
      "p" : "535.30",
      "s" : "buy",
      "i" : "BCHUSD-PERP",
      "m" : "4611686018431765559"
    }, {
      "d" : "1756460125575699667",
      "t" : 1756460125575,
      "tn" : 1756460125575699667,
      "q" : "0.01",
      "p" : "535.40",
      "s" : "sell",
      "i" : "BCHUSD-PERP",
      "m" : "4611686018431765558"
    }, {
      "d" : "1756460123256951789",
      "t" : 1756460123256,
      "tn" : 1756460123256951789,
      "q" : "0.01",
      "p" : "535.17",
      "s" : "buy",
      "i" : "BCHUSD-PERP",
      "m" : "4611686018431765557"
    }, {
      "d" : "1756460114952725054",
      "t" : 1756460114952,
      "tn" : 1756460114952725054,
      "q" : "0.01",
      "p" : "535.07",
      "s" : "sell",
      "i" : "BCHUSD-PERP",
      "m" : "4611686018431765556"
    }, {
      "d" : "1756460113179320580",
      "t" : 1756460113179,
      "tn" : 1756460113179320580,
      "q" : "0.01",
      "p" : "535.15",
      "s" : "sell",
      "i" : "BCHUSD-PERP",
      "m" : "4611686018431765555"
    }, {
      "d" : "1756460113060886902",
      "t" : 1756460113060,
      "tn" : 1756460113060886902,
      "q" : "0.01",
      "p" : "534.98",
      "s" : "buy",
      "i" : "BCHUSD-PERP",
      "m" : "4611686018431765554"
    }, {
      "d" : "1756460112076678845",
      "t" : 1756460112076,
      "tn" : 1756460112076678845,
      "q" : "0.01",
      "p" : "534.75",
      "s" : "buy",
      "i" : "BCHUSD-PERP",
      "m" : "4611686018431765553"
    }, {
      "d" : "1756460112076677027",
      "t" : 1756460112076,
      "tn" : 1756460112076677027,
      "q" : "0.01",
      "p" : "534.70",
      "s" : "buy",
      "i" : "BCHUSD-PERP",
      "m" : "4611686018431765552"
    }, {
      "d" : "1756460101807821072",
      "t" : 1756460101807,
      "tn" : 1756460101807821072,
      "q" : "0.01",
      "p" : "535.07",
      "s" : "sell",
      "i" : "BCHUSD-PERP",
      "m" : "4611686018431765551"
    }, {
      "d" : "1756460101563079599",
      "t" : 1756460101563,
      "tn" : 1756460101563079599,
      "q" : "0.01",
      "p" : "534.85",
      "s" : "buy",
      "i" : "BCHUSD-PERP",
      "m" : "4611686018431765550"
    }, {
      "d" : "1756460090572611323",
      "t" : 1756460090572,
      "tn" : 1756460090572611323,
      "q" : "0.01",
      "p" : "534.92",
      "s" : "sell",
      "i" : "BCHUSD-PERP",
      "m" : "4611686018431765549"
    }, {
      "d" : "1756460087122238770",
      "t" : 1756460087122,
      "tn" : 1756460087122238770,
      "q" : "0.01",
      "p" : "534.86",
      "s" : "buy",
      "i" : "BCHUSD-PERP",
      "m" : "4611686018431765548"
    }, {
      "d" : "1756460081986684398",
      "t" : 1756460081986,
      "tn" : 1756460081986684398,
      "q" : "0.01",
      "p" : "534.96",
      "s" : "sell",
      "i" : "BCHUSD-PERP",
      "m" : "4611686018431765547"
    }, {
      "d" : "1756460080621416697",
      "t" : 1756460080621,
      "tn" : 1756460080621416697,
      "q" : "0.01",
      "p" : "535.09",
      "s" : "sell",
      "i" : "BCHUSD-PERP",
      "m" : "4611686018431765546"
    }, {
      "d" : "1756460077546972081",
      "t" : 1756460077546,
      "tn" : 1756460077546972081,
      "q" : "0.01",
      "p" : "534.92",
      "s" : "buy",
      "i" : "BCHUSD-PERP",
      "m" : "4611686018431765545"
    }, {
      "d" : "1756460051196897298",
      "t" : 1756460051196,
      "tn" : 1756460051196897298,
      "q" : "0.01",
      "p" : "534.88",
      "s" : "buy",
      "i" : "BCHUSD-PERP",
      "m" : "4611686018431765544"
    }, {
      "d" : "1756460040315866194",
      "t" : 1756460040315,
      "tn" : 1756460040315866194,
      "q" : "0.01",
      "p" : "535.19",
      "s" : "sell",
      "i" : "BCHUSD-PERP",
      "m" : "4611686018431765543"
    }, {
      "d" : "1756460036667436625",
      "t" : 1756460036667,
      "tn" : 1756460036667436625,
      "q" : "0.01",
      "p" : "535.03",
      "s" : "buy",
      "i" : "BCHUSD-PERP",
      "m" : "4611686018431765542"
    }, {
      "d" : "1756460031336058445",
      "t" : 1756460031336,
      "tn" : 1756460031336058445,
      "q" : "0.01",
      "p" : "535.25",
      "s" : "sell",
      "i" : "BCHUSD-PERP",
      "m" : "4611686018431765541"
    }, {
      "d" : "1756460026755654132",
      "t" : 1756460026755,
      "tn" : 1756460026755654132,
      "q" : "0.01",
      "p" : "535.08",
      "s" : "buy",
      "i" : "BCHUSD-PERP",
      "m" : "4611686018431765540"
    }, {
      "d" : "1756460020517924793",
      "t" : 1756460020517,
      "tn" : 1756460020517924793,
      "q" : "0.01",
      "p" : "535.10",
      "s" : "sell",
      "i" : "BCHUSD-PERP",
      "m" : "4611686018431765539"
    }, {
      "d" : "1756460018804616972",
      "t" : 1756460018804,
      "tn" : 1756460018804616972,
      "q" : "0.01",
      "p" : "534.99",
      "s" : "buy",
      "i" : "BCHUSD-PERP",
      "m" : "4611686018431765538"
    }, {
      "d" : "1756459963095633737",
      "t" : 1756459963095,
      "tn" : 1756459963095633737,
      "q" : "0.01",
      "p" : "535.39",
      "s" : "sell",
      "i" : "BCHUSD-PERP",
      "m" : "4611686018431765537"
    }, {
      "d" : "1756459955217325662",
      "t" : 1756459955217,
      "tn" : 1756459955217325662,
      "q" : "0.01",
      "p" : "535.31",
      "s" : "buy",
      "i" : "BCHUSD-PERP",
      "m" : "4611686018431765536"
    }, {
      "d" : "1756459940235616206",
      "t" : 1756459940235,
      "tn" : 1756459940235616206,
      "q" : "0.46",
      "p" : "535.66",
      "s" : "sell",
      "i" : "BCHUSD-PERP",
      "m" : "4611686018431765535"
    }, {
      "d" : "1756459918386528366",
      "t" : 1756459918386,
      "tn" : 1756459918386528366,
      "q" : "0.01",
      "p" : "536.02",
      "s" : "buy",
      "i" : "BCHUSD-PERP",
      "m" : "4611686018431765534"
    }, {
      "d" : "1756459918266423709",
      "t" : 1756459918266,
      "tn" : 1756459918266423709,
      "q" : "0.01",
      "p" : "536.20",
      "s" : "sell",
      "i" : "BCHUSD-PERP",
      "m" : "4611686018431765533"
    }, {
      "d" : "1756459801366012098",
      "t" : 1756459801366,
      "tn" : 1756459801366012098,
      "q" : "0.01",
      "p" : "535.64",
      "s" : "buy",
      "i" : "BCHUSD-PERP",
      "m" : "4611686018431765532"
    }, {
      "d" : "1756459800166693895",
      "t" : 1756459800166,
      "tn" : 1756459800166693895,
      "q" : "0.01",
      "p" : "535.81",
      "s" : "sell",
      "i" : "BCHUSD-PERP",
      "m" : "4611686018431765531"
    }, {
      "d" : "1756459778916772510",
      "t" : 1756459778916,
      "tn" : 1756459778916772510,
      "q" : "0.01",
      "p" : "535.72",
      "s" : "buy",
      "i" : "BCHUSD-PERP",
      "m" : "4611686018431765530"
    }, {
      "d" : "1756459778783109461",
      "t" : 1756459778783,
      "tn" : 1756459778783109461,
      "q" : "0.01",
      "p" : "535.78",
      "s" : "sell",
      "i" : "BCHUSD-PERP",
      "m" : "4611686018431765529"
    }, {
      "d" : "1756459767198412651",
      "t" : 1756459767198,
      "tn" : 1756459767198412651,
      "q" : "0.01",
      "p" : "535.69",
      "s" : "sell",
      "i" : "BCHUSD-PERP",
      "m" : "4611686018431765528"
    }, {
      "d" : "1756459767085947475",
      "t" : 1756459767085,
      "tn" : 1756459767085947474,
      "q" : "0.07",
      "p" : "535.33",
      "s" : "buy",
      "i" : "BCHUSD-PERP",
      "m" : "4611686018431765527"
    }, {
      "d" : "1756459767085947474",
      "t" : 1756459767085,
      "tn" : 1756459767085947474,
      "q" : "0.01",
      "p" : "535.33",
      "s" : "buy",
      "i" : "BCHUSD-PERP",
      "m" : "4611686018431765527"
    }, {
      "d" : "1756459749175556022",
      "t" : 1756459749175,
      "tn" : 1756459749175556022,
      "q" : "0.01",
      "p" : "535.39",
      "s" : "sell",
      "i" : "BCHUSD-PERP",
      "m" : "4611686018431765526"
    }, {
      "d" : "1756459749015965489",
      "t" : 1756459749015,
      "tn" : 1756459749015965489,
      "q" : "0.01",
      "p" : "535.19",
      "s" : "buy",
      "i" : "BCHUSD-PERP",
      "m" : "4611686018431765525"
    }, {
      "d" : "1756459730881727027",
      "t" : 1756459730881,
      "tn" : 1756459730881727027,
      "q" : "0.01",
      "p" : "535.27",
      "s" : "buy",
      "i" : "BCHUSD-PERP",
      "m" : "4611686018431765524"
    }, {
      "d" : "1756459726681532915",
      "t" : 1756459726681,
      "tn" : 1756459726681532915,
      "q" : "0.01",
      "p" : "535.30",
      "s" : "sell",
      "i" : "BCHUSD-PERP",
      "m" : "4611686018431765523"
    }, {
      "d" : "1756459414221659505",
      "t" : 1756459414221,
      "tn" : 1756459414221659505,
      "q" : "0.01",
      "p" : "534.50",
      "s" : "buy",
      "i" : "BCHUSD-PERP",
      "m" : "4611686018431765522"
    }, {
      "d" : "1756459410824426042",
      "t" : 1756459410824,
      "tn" : 1756459410824426042,
      "q" : "0.01",
      "p" : "534.18",
      "s" : "buy",
      "i" : "BCHUSD-PERP",
      "m" : "4611686018431765521"
    }, {
      "d" : "1756459410375677632",
      "t" : 1756459410375,
      "tn" : 1756459410375677632,
      "q" : "0.01",
      "p" : "534.25",
      "s" : "sell",
      "i" : "BCHUSD-PERP",
      "m" : "4611686018431765520"
    }, {
      "d" : "1756459404387834923",
      "t" : 1756459404387,
      "tn" : 1756459404387834923,
      "q" : "0.01",
      "p" : "534.15",
      "s" : "sell",
      "i" : "BCHUSD-PERP",
      "m" : "4611686018431765519"
    }, {
      "d" : "1756459399212692364",
      "t" : 1756459399212,
      "tn" : 1756459399212692364,
      "q" : "0.01",
      "p" : "534.55",
      "s" : "sell",
      "i" : "BCHUSD-PERP",
      "m" : "4611686018431765518"
    }, {
      "d" : "1756459394554049712",
      "t" : 1756459394554,
      "tn" : 1756459394554049712,
      "q" : "0.01",
      "p" : "534.40",
      "s" : "sell",
      "i" : "BCHUSD-PERP",
      "m" : "4611686018431765517"
    }, {
      "d" : "1756459393158616461",
      "t" : 1756459393158,
      "tn" : 1756459393158616461,
      "q" : "0.01",
      "p" : "534.38",
      "s" : "sell",
      "i" : "BCHUSD-PERP",
      "m" : "4611686018431765516"
    }, {
      "d" : "1756459388714278385",
      "t" : 1756459388714,
      "tn" : 1756459388714278385,
      "q" : "0.01",
      "p" : "534.50",
      "s" : "sell",
      "i" : "BCHUSD-PERP",
      "m" : "4611686018431765515"
    }, {
      "d" : "1756459388714276821",
      "t" : 1756459388714,
      "tn" : 1756459388714276821,
      "q" : "0.01",
      "p" : "534.53",
      "s" : "sell",
      "i" : "BCHUSD-PERP",
      "m" : "4611686018431765514"
    }, {
      "d" : "1756459377247290622",
      "t" : 1756459377247,
      "tn" : 1756459377247290622,
      "q" : "0.67",
      "p" : "533.94",
      "s" : "buy",
      "i" : "BCHUSD-PERP",
      "m" : "4611686018431765513"
    }, {
      "d" : "1756459377246694001",
      "t" : 1756459377246,
      "tn" : 1756459377246694001,
      "q" : "0.17",
      "p" : "533.94",
      "s" : "buy",
      "i" : "BCHUSD-PERP",
      "m" : "4611686018431765512"
    }, {
      "d" : "1756459341439513248",
      "t" : 1756459341439,
      "tn" : 1756459341439513248,
      "q" : "0.01",
      "p" : "533.75",
      "s" : "sell",
      "i" : "BCHUSD-PERP",
      "m" : "4611686018431765511"
    }, {
      "d" : "1756459337734937780",
      "t" : 1756459337734,
      "tn" : 1756459337734937780,
      "q" : "0.01",
      "p" : "533.74",
      "s" : "sell",
      "i" : "BCHUSD-PERP",
      "m" : "4611686018431765510"
    }, {
      "d" : "1756459337617021375",
      "t" : 1756459337617,
      "tn" : 1756459337617021375,
      "q" : "0.01",
      "p" : "533.55",
      "s" : "buy",
      "i" : "BCHUSD-PERP",
      "m" : "4611686018431765509"
    }, {
      "d" : "1756459336293443562",
      "t" : 1756459336293,
      "tn" : 1756459336293443562,
      "q" : "0.01",
      "p" : "533.38",
      "s" : "buy",
      "i" : "BCHUSD-PERP",
      "m" : "4611686018431765508"
    }, {
      "d" : "1756459310609956697",
      "t" : 1756459310609,
      "tn" : 1756459310609956697,
      "q" : "0.01",
      "p" : "533.92",
      "s" : "sell",
      "i" : "BCHUSD-PERP",
      "m" : "4611686018431765507"
    }, {
      "d" : "1756459310341834840",
      "t" : 1756459310341,
      "tn" : 1756459310341834840,
      "q" : "0.01",
      "p" : "533.87",
      "s" : "buy",
      "i" : "BCHUSD-PERP",
      "m" : "4611686018431765506"
    }, {
      "d" : "1756459287584578159",
      "t" : 1756459287584,
      "tn" : 1756459287584578159,
      "q" : "0.01",
      "p" : "534.00",
      "s" : "sell",
      "i" : "BCHUSD-PERP",
      "m" : "4611686018431765505"
    }, {
      "d" : "1756459287472229404",
      "t" : 1756459287472,
      "tn" : 1756459287472229404,
      "q" : "0.01",
      "p" : "533.92",
      "s" : "buy",
      "i" : "BCHUSD-PERP",
      "m" : "4611686018431765504"
    }, {
      "d" : "1756459268804962585",
      "t" : 1756459268804,
      "tn" : 1756459268804962585,
      "q" : "0.01",
      "p" : "533.77",
      "s" : "buy",
      "i" : "BCHUSD-PERP",
      "m" : "4611686018431765503"
    }, {
      "d" : "1756459266945108154",
      "t" : 1756459266945,
      "tn" : 1756459266945108154,
      "q" : "0.01",
      "p" : "533.91",
      "s" : "sell",
      "i" : "BCHUSD-PERP",
      "m" : "4611686018431765502"
    }, {
      "d" : "1756459262724635859",
      "t" : 1756459262724,
      "tn" : 1756459262724635859,
      "q" : "0.01",
      "p" : "533.61",
      "s" : "buy",
      "i" : "BCHUSD-PERP",
      "m" : "4611686018431765501"
    }, {
      "d" : "1756459262527950784",
      "t" : 1756459262527,
      "tn" : 1756459262527950784,
      "q" : "0.01",
      "p" : "533.70",
      "s" : "sell",
      "i" : "BCHUSD-PERP",
      "m" : "4611686018431765500"
    }, {
      "d" : "1756459262527948339",
      "t" : 1756459262527,
      "tn" : 1756459262527948339,
      "q" : "0.01",
      "p" : "533.72",
      "s" : "sell",
      "i" : "BCHUSD-PERP",
      "m" : "4611686018431765499"
    }, {
      "d" : "1756459254802705523",
      "t" : 1756459254802,
      "tn" : 1756459254802705523,
      "q" : "0.01",
      "p" : "533.81",
      "s" : "buy",
      "i" : "BCHUSD-PERP",
      "m" : "4611686018431765498"
    }, {
      "d" : "1756459247564105856",
      "t" : 1756459247564,
      "tn" : 1756459247564105855,
      "q" : "0.01",
      "p" : "533.95",
      "s" : "sell",
      "i" : "BCHUSD-PERP",
      "m" : "4611686018431765497"
    }, {
      "d" : "1756459247564105855",
      "t" : 1756459247564,
      "tn" : 1756459247564105855,
      "q" : "0.01",
      "p" : "533.95",
      "s" : "sell",
      "i" : "BCHUSD-PERP",
      "m" : "4611686018431765497"
    }, {
      "d" : "1756459209934246051",
      "t" : 1756459209934,
      "tn" : 1756459209934246051,
      "q" : "0.01",
      "p" : "534.42",
      "s" : "sell",
      "i" : "BCHUSD-PERP",
      "m" : "4611686018431765496"
    }, {
      "d" : "1756459209735251907",
      "t" : 1756459209735,
      "tn" : 1756459209735251907,
      "q" : "0.01",
      "p" : "534.24",
      "s" : "buy",
      "i" : "BCHUSD-PERP",
      "m" : "4611686018431765495"
    }, {
      "d" : "1756459208264187824",
      "t" : 1756459208264,
      "tn" : 1756459208264187824,
      "q" : "0.01",
      "p" : "534.27",
      "s" : "sell",
      "i" : "BCHUSD-PERP",
      "m" : "4611686018431765494"
    }, {
      "d" : "1756459208151799955",
      "t" : 1756459208151,
      "tn" : 1756459208151799955,
      "q" : "0.01",
      "p" : "534.16",
      "s" : "buy",
      "i" : "BCHUSD-PERP",
      "m" : "4611686018431765493"
    }, {
      "d" : "1756459184449814604",
      "t" : 1756459184449,
      "tn" : 1756459184449814604,
      "q" : "0.01",
      "p" : "533.85",
      "s" : "buy",
      "i" : "BCHUSD-PERP",
      "m" : "4611686018431765492"
    }, {
      "d" : "1756459184343201580",
      "t" : 1756459184343,
      "tn" : 1756459184343201580,
      "q" : "0.01",
      "p" : "533.93",
      "s" : "sell",
      "i" : "BCHUSD-PERP",
      "m" : "4611686018431765491"
    }, {
      "d" : "1756459133204764468",
      "t" : 1756459133204,
      "tn" : 1756459133204764468,
      "q" : "0.01",
      "p" : "533.57",
      "s" : "sell",
      "i" : "BCHUSD-PERP",
      "m" : "4611686018431765490"
    }, {
      "d" : "1756459130511564734",
      "t" : 1756459130511,
      "tn" : 1756459130511564734,
      "q" : "0.01",
      "p" : "533.58",
      "s" : "buy",
      "i" : "BCHUSD-PERP",
      "m" : "4611686018431765489"
    }, {
      "d" : "1756459105708278550",
      "t" : 1756459105708,
      "tn" : 1756459105708278550,
      "q" : "0.01",
      "p" : "533.71",
      "s" : "sell",
      "i" : "BCHUSD-PERP",
      "m" : "4611686018431765488"
    }, {
      "d" : "1756459102515745683",
      "t" : 1756459102515,
      "tn" : 1756459102515745683,
      "q" : "0.01",
      "p" : "533.81",
      "s" : "sell",
      "i" : "BCHUSD-PERP",
      "m" : "4611686018431765487"
    }, {
      "d" : "1756459099754915774",
      "t" : 1756459099754,
      "tn" : 1756459099754915773,
      "q" : "0.07",
      "p" : "533.75",
      "s" : "buy",
      "i" : "BCHUSD-PERP",
      "m" : "4611686018431765486"
    }, {
      "d" : "1756459099754915773",
      "t" : 1756459099754,
      "tn" : 1756459099754915773,
      "q" : "0.01",
      "p" : "533.75",
      "s" : "buy",
      "i" : "BCHUSD-PERP",
      "m" : "4611686018431765486"
    }, {
      "d" : "1756459091429025757",
      "t" : 1756459091429,
      "tn" : 1756459091429025757,
      "q" : "0.01",
      "p" : "533.67",
      "s" : "buy",
      "i" : "BCHUSD-PERP",
      "m" : "4611686018431765485"
    }, {
      "d" : "1756459089014181562",
      "t" : 1756459089014,
      "tn" : 1756459089014181562,
      "q" : "0.01",
      "p" : "533.59",
      "s" : "buy",
      "i" : "BCHUSD-PERP",
      "m" : "4611686018431765484"
    }, {
      "d" : "1756459086114977116",
      "t" : 1756459086114,
      "tn" : 1756459086114977116,
      "q" : "0.01",
      "p" : "533.49",
      "s" : "buy",
      "i" : "BCHUSD-PERP",
      "m" : "4611686018431765483"
    }, {
      "d" : "1756459080330701332",
      "t" : 1756459080330,
      "tn" : 1756459080330701332,
      "q" : "0.01",
      "p" : "533.47",
      "s" : "sell",
      "i" : "BCHUSD-PERP",
      "m" : "4611686018431765482"
    }, {
      "d" : "1756459076604987104",
      "t" : 1756459076604,
      "tn" : 1756459076604987104,
      "q" : "0.01",
      "p" : "533.25",
      "s" : "buy",
      "i" : "BCHUSD-PERP",
      "m" : "4611686018431765481"
    }, {
      "d" : "1756459030052556245",
      "t" : 1756459030052,
      "tn" : 1756459030052556245,
      "q" : "0.01",
      "p" : "533.44",
      "s" : "sell",
      "i" : "BCHUSD-PERP",
      "m" : "4611686018431765480"
    }, {
      "d" : "1756459028836005103",
      "t" : 1756459028836,
      "tn" : 1756459028836005103,
      "q" : "0.01",
      "p" : "533.49",
      "s" : "sell",
      "i" : "BCHUSD-PERP",
      "m" : "4611686018431765479"
    }, {
      "d" : "1756459027884848049",
      "t" : 1756459027884,
      "tn" : 1756459027884848049,
      "q" : "0.01",
      "p" : "533.30",
      "s" : "buy",
      "i" : "BCHUSD-PERP",
      "m" : "4611686018431765478"
    }, {
      "d" : "1756459025066945235",
      "t" : 1756459025066,
      "tn" : 1756459025066945235,
      "q" : "0.01",
      "p" : "533.18",
      "s" : "buy",
      "i" : "BCHUSD-PERP",
      "m" : "4611686018431765477"
    }, {
      "d" : "1756459022917265149",
      "t" : 1756459022917,
      "tn" : 1756459022917265149,
      "q" : "0.01",
      "p" : "533.39",
      "s" : "sell",
      "i" : "BCHUSD-PERP",
      "m" : "4611686018431765476"
    }, {
      "d" : "1756459020153532356",
      "t" : 1756459020153,
      "tn" : 1756459020153532356,
      "q" : "0.01",
      "p" : "533.44",
      "s" : "sell",
      "i" : "BCHUSD-PERP",
      "m" : "4611686018431765475"
    }, {
      "d" : "1756459019576116811",
      "t" : 1756459019576,
      "tn" : 1756459019576116811,
      "q" : "0.01",
      "p" : "533.42",
      "s" : "buy",
      "i" : "BCHUSD-PERP",
      "m" : "4611686018431765474"
    }, {
      "d" : "1756459015657138427",
      "t" : 1756459015657,
      "tn" : 1756459015657138427,
      "q" : "0.01",
      "p" : "533.39",
      "s" : "sell",
      "i" : "BCHUSD-PERP",
      "m" : "4611686018431765473"
    }, {
      "d" : "1756459011288335149",
      "t" : 1756459011288,
      "tn" : 1756459011288335149,
      "q" : "0.01",
      "p" : "533.28",
      "s" : "buy",
      "i" : "BCHUSD-PERP",
      "m" : "4611686018431765472"
    }, {
      "d" : "1756459002366575430",
      "t" : 1756459002366,
      "tn" : 1756459002366575430,
      "q" : "0.01",
      "p" : "533.24",
      "s" : "sell",
      "i" : "BCHUSD-PERP",
      "m" : "4611686018431765471"
    }, {
      "d" : "1756458992561895360",
      "t" : 1756458992561,
      "tn" : 1756458992561895360,
      "q" : "0.01",
      "p" : "533.02",
      "s" : "buy",
      "i" : "BCHUSD-PERP",
      "m" : "4611686018431765470"
    }, {
      "d" : "1756458988397651263",
      "t" : 1756458988397,
      "tn" : 1756458988397651263,
      "q" : "0.01",
      "p" : "532.83",
      "s" : "buy",
      "i" : "BCHUSD-PERP",
      "m" : "4611686018431765469"
    }, {
      "d" : "1756458963806261194",
      "t" : 1756458963806,
      "tn" : 1756458963806261194,
      "q" : "0.01",
      "p" : "532.69",
      "s" : "sell",
      "i" : "BCHUSD-PERP",
      "m" : "4611686018431765468"
    }, {
      "d" : "1756458961536075391",
      "t" : 1756458961536,
      "tn" : 1756458961536075391,
      "q" : "0.01",
      "p" : "532.57",
      "s" : "buy",
      "i" : "BCHUSD-PERP",
      "m" : "4611686018431765467"
    }, {
      "d" : "1756458957592572312",
      "t" : 1756458957592,
      "tn" : 1756458957592572311,
      "q" : "0.07",
      "p" : "532.55",
      "s" : "sell",
      "i" : "BCHUSD-PERP",
      "m" : "4611686018431765466"
    }, {
      "d" : "1756458957592572311",
      "t" : 1756458957592,
      "tn" : 1756458957592572311,
      "q" : "0.01",
      "p" : "532.55",
      "s" : "sell",
      "i" : "BCHUSD-PERP",
      "m" : "4611686018431765466"
    }, {
      "d" : "1756458950367496558",
      "t" : 1756458950367,
      "tn" : 1756458950367496558,
      "q" : "0.01",
      "p" : "532.69",
      "s" : "sell",
      "i" : "BCHUSD-PERP",
      "m" : "4611686018431765465"
    }, {
      "d" : "1756458950246894874",
      "t" : 1756458950246,
      "tn" : 1756458950246894874,
      "q" : "0.01",
      "p" : "532.64",
      "s" : "buy",
      "i" : "BCHUSD-PERP",
      "m" : "4611686018431765464"
    }, {
      "d" : "1756458877331542675",
      "t" : 1756458877331,
      "tn" : 1756458877331542675,
      "q" : "0.07",
      "p" : "532.71",
      "s" : "sell",
      "i" : "BCHUSD-PERP",
      "m" : "4611686018431765463"
    }, {
      "d" : "1756458443321416569",
      "t" : 1756458443321,
      "tn" : 1756458443321416569,
      "q" : "0.01",
      "p" : "531.91",
      "s" : "buy",
      "i" : "BCHUSD-PERP",
      "m" : "4611686018431765462"
    }, {
      "d" : "1756458440233798850",
      "t" : 1756458440233,
      "tn" : 1756458440233798850,
      "q" : "0.01",
      "p" : "532.02",
      "s" : "sell",
      "i" : "BCHUSD-PERP",
      "m" : "4611686018431765461"
    }, {
      "d" : "1756458163272706052",
      "t" : 1756458163272,
      "tn" : 1756458163272706052,
      "q" : "0.28",
      "p" : "531.80",
      "s" : "sell",
      "i" : "BCHUSD-PERP",
      "m" : "4611686018431765460"
    }, {
      "d" : "1756458163206708164",
      "t" : 1756458163206,
      "tn" : 1756458163206708164,
      "q" : "0.01",
      "p" : "532.04",
      "s" : "sell",
      "i" : "BCHUSD-PERP",
      "m" : "4611686018431765459"
    }, {
      "d" : "1756458160105951389",
      "t" : 1756458160105,
      "tn" : 1756458160105951389,
      "q" : "0.01",
      "p" : "532.09",
      "s" : "buy",
      "i" : "BCHUSD-PERP",
      "m" : "4611686018431765458"
    }, {
      "d" : "1756458142494314850",
      "t" : 1756458142494,
      "tn" : 1756458142494314850,
      "q" : "0.01",
      "p" : "532.35",
      "s" : "sell",
      "i" : "BCHUSD-PERP",
      "m" : "4611686018431765457"
    }, {
      "d" : "1756458140052246280",
      "t" : 1756458140052,
      "tn" : 1756458140052246280,
      "q" : "0.01",
      "p" : "532.53",
      "s" : "buy",
      "i" : "BCHUSD-PERP",
      "m" : "4611686018431765456"
    }, {
      "d" : "1756458132168421003",
      "t" : 1756458132168,
      "tn" : 1756458132168421003,
      "q" : "0.01",
      "p" : "532.96",
      "s" : "sell",
      "i" : "BCHUSD-PERP",
      "m" : "4611686018431765455"
    }, {
      "d" : "1756458125395122329",
      "t" : 1756458125395,
      "tn" : 1756458125395122329,
      "q" : "0.01",
      "p" : "533.04",
      "s" : "sell",
      "i" : "BCHUSD-PERP",
      "m" : "4611686018431765454"
    }, {
      "d" : "1756458122340697866",
      "t" : 1756458122340,
      "tn" : 1756458122340697866,
      "q" : "0.01",
      "p" : "532.73",
      "s" : "buy",
      "i" : "BCHUSD-PERP",
      "m" : "4611686018431765453"
    }, {
      "d" : "1756458121424387301",
      "t" : 1756458121424,
      "tn" : 1756458121424387301,
      "q" : "0.01",
      "p" : "532.83",
      "s" : "sell",
      "i" : "BCHUSD-PERP",
      "m" : "4611686018431765452"
    }, {
      "d" : "1756458119999322639",
      "t" : 1756458119999,
      "tn" : 1756458119999322639,
      "q" : "0.07",
      "p" : "532.74",
      "s" : "buy",
      "i" : "BCHUSD-PERP",
      "m" : "4611686018431765451"
    }, {
      "d" : "1756458118419160532",
      "t" : 1756458118419,
      "tn" : 1756458118419160532,
      "q" : "0.01",
      "p" : "532.67",
      "s" : "buy",
      "i" : "BCHUSD-PERP",
      "m" : "4611686018431765450"
    }, {
      "d" : "1756458117330738279",
      "t" : 1756458117330,
      "tn" : 1756458117330738279,
      "q" : "0.01",
      "p" : "532.73",
      "s" : "sell",
      "i" : "BCHUSD-PERP",
      "m" : "4611686018431765449"
    }, {
      "d" : "1756458116351623681",
      "t" : 1756458116351,
      "tn" : 1756458116351623681,
      "q" : "0.01",
      "p" : "532.66",
      "s" : "buy",
      "i" : "BCHUSD-PERP",
      "m" : "4611686018431765448"
    }, {
      "d" : "1756458115312685073",
      "t" : 1756458115312,
      "tn" : 1756458115312685073,
      "q" : "0.01",
      "p" : "532.59",
      "s" : "buy",
      "i" : "BCHUSD-PERP",
      "m" : "4611686018431765447"
    }, {
      "d" : "1756458112056201090",
      "t" : 1756458112056,
      "tn" : 1756458112056201090,
      "q" : "0.01",
      "p" : "532.75",
      "s" : "sell",
      "i" : "BCHUSD-PERP",
      "m" : "4611686018431765446"
    } ]
  }
}