{
  "id" : -1,
  "method" : "public/get-trades",
  "code" : 0,
  "result" : {
    "data" : [ {
      "d" : "1756459930407432441",
      "t" : 1756459930407,
      "tn" : 1756459930407432441,
      "q" : "2900",
      "p" : "0.015933",
      "s" : "sell",
      "i" : "BCUT_USD",
      "m" : "4611686018428736319"
    }, {
      "d" : "1756459930407430556",
      "t" : 1756459930407,
      "tn" : 1756459930407430556,
      "q" : "3743",
      "p" : "0.015988",
      "s" : "sell",
      "i" : "BCUT_USD",
      "m" : "4611686018428736318"
    }, {
      "d" : "1756459930407428140",
      "t" : 1756459930407,
      "tn" : 1756459930407428140,
      "q" : "12505",
      "p" : "0.015993",
      "s" : "sell",
      "i" : "BCUT_USD",
      "m" : "4611686018428736317"
    }, {
      "d" : "1756459930407425755",
      "t" : 1756459930407,
      "tn" : 1756459930407425755,
      "q" : "778",
      "p" : "0.015994",
      "s" : "sell",
      "i" : "BCUT_USD",
      "m" : "4611686018428736316"
    }, {
      "d" : "1756459930407422575",
      "t" : 1756459930407,
      "tn" : 1756459930407422575,
      "q" : "374",
      "p" : "0.016096",
      "s" : "sell",
      "i" : "BCUT_USD",
      "m" : "4611686018428736315"
    }, {
      "d" : "1756456798780640145",
      "t" : 1756456798780,
      "tn" : 1756456798780640145,
      "q" : "2724",
      "p" : "0.016681",
      "s" : "sell",
      "i" : "BCUT_USD",
      "m" : "4611686018428736314"
    }, {
      "d" : "1756453840627028344",
      "t" : 1756453840627,
      "tn" : 1756453840627028344,
      "q" : "2724",
      "p" : "0.017455",
      "s" : "buy",
      "i" : "BCUT_USD",
      "m" : "4611686018428736313"
    }, {
      "d" : "1756453699163202300",
      "t" : 1756453699163,
      "tn" : 1756453699163202300,
      "q" : "31648",
      "p" : "0.017300",
      "s" : "sell",
      "i" : "BCUT_USD",
      "m" : "4611686018428736312"
    }, {
      "d" : "1756453688276963718",
      "t" : 1756453688276,
      "tn" : 1756453688276963718,
      "q" : "115",
      "p" : "0.017415",
      "s" : "buy",
      "i" : "BCUT_USD",
      "m" : "4611686018428736311"
    }, {
      "d" : "1756453685452718843",
      "t" : 1756453685452,
      "tn" : 1756453685452718843,
      "q" : "6100",
      "p" : "0.017300",
      "s" : "sell",
      "i" : "BCUT_USD",
      "m" : "4611686018428736310"
    }, {
      "d" : "1756453685452717068",
      "t" : 1756453685452,
      "tn" : 1756453685452717068,
      "q" : "1100",
      "p" : "0.017301",
      "s" : "sell",
      "i" : "BCUT_USD",
      "m" : "4611686018428736309"
    }, {
      "d" : "1756452081852650195",
      "t" : 1756452081852,
      "tn" : 1756452081852650195,
      "q" : "3518",
      "p" : "0.017195",
      "s" : "buy",
      "i" : "BCUT_USD",
      "m" : "4611686018428736308"
    }, {
      "d" : "1756451668647501516",
      "t" : 1756451668647,
      "tn" : 1756451668647501516,
      "q" : "2603",
      "p" : "0.017040",
      "s" : "buy",
      "i" : "BCUT_USD",
      "m" : "4611686018428736307"
    }, {
      "d" : "1756451668647499267",
      "t" : 1756451668647,
      "tn" : 1756451668647499267,
      "q" : "357",
      "p" : "0.016942",
      "s" : "buy",
      "i" : "BCUT_USD",
      "m" : "4611686018428736306"
    }, {
      "d" : "1756450631337473062",
      "t" : 1756450631337,
      "tn" : 1756450631337473062,
      "q" : "2857",
      "p" : "0.016681",
      "s" : "buy",
      "i" : "BCUT_USD",
      "m" : "4611686018428736305"
    }, {
      "d" : "1756450509793159304",
      "t" : 1756450509793,
      "tn" : 1756450509793159304,
      "q" : "3335",
      "p" : "0.016631",
      "s" : "buy",
      "i" : "BCUT_USD",
      "m" : "4611686018428736304"
    }, {
      "d" : "1756449935757283423",
      "t" : 1756449935757,
      "tn" : 1756449935757283423,
      "q" : "3379",
      "p" : "0.016460",
      "s" : "buy",
      "i" : "BCUT_USD",
      "m" : "4611686018428736303"
    }, {
      "d" : "1756449663349200235",
      "t" : 1756449663349,
      "tn" : 1756449663349200235,
      "q" : "617",
      "p" : "0.016198",
      "s" : "buy",
      "i" : "BCUT_USD",
      "m" : "4611686018428736302"
    }, {
      "d" : "1756440047506682448",
      "t" : 1756440047506,
      "tn" : 1756440047506682448,
      "q" : "321",
      "p" : "0.016093",
      "s" : "sell",
      "i" : "BCUT_USD",
      "m" : "4611686018428736301"
    }, {
      "d" : "1756440013314989048",
      "t" : 1756440013314,
      "tn" : 1756440013314989048,
      "q" : "375",
      "p" : "0.016041",
      "s" : "sell",
      "i" : "BCUT_USD",
      "m" : "4611686018428736300"
    }, {
      "d" : "1756439310455821711",
      "t" : 1756439310455,
      "tn" : 1756439310455821711,
      "q" : "621",
      "p" : "0.016100",
      "s" : "sell",
      "i" : "BCUT_USD",
      "m" : "4611686018428736299"
    }, {
      "d" : "1756433312055363839",
      "t" : 1756433312055,
      "tn" : 1756433312055363839,
      "q" : "246",
      "p" : "0.016155",
      "s" : "sell",
      "i" : "BCUT_USD",
      "m" : "4611686018428736298"
    }, {
      "d" : "1756433267333728174",
      "t" : 1756433267333,
      "tn" : 1756433267333728174,
      "q" : "373",
      "p" : "0.016155",
      "s" : "buy",
      "i" : "BCUT_USD",
      "m" : "4611686018428736297"
    }, {
      "d" : "1756430319026314637",
      "t" : 1756430319026,
      "tn" : 1756430319026314637,
      "q" : "5659",
      "p" : "0.015905",
      "s" : "buy",
      "i" : "BCUT_USD",
      "m" : "4611686018428736296"
    }, {
      "d" : "1756430319025834310",
      "t" : 1756430319025,
      "tn" : 1756430319025834310,
      "q" : "3014",
      "p" : "0.015905",
      "s" : "buy",
      "i" : "BCUT_USD",
      "m" : "4611686018428736295"
    }, {
      "d" : "1756430319025832091",
      "t" : 1756430319025,
      "tn" : 1756430319025832091,
      "q" : "794",
      "p" : "0.015904",
      "s" : "buy",
      "i" : "BCUT_USD",
      "m" : "4611686018428736294"
    }, {
      "d" : "1756429840743786432",
      "t" : 1756429840743,
      "tn" : 1756429840743786432,
      "q" : "872",
      "p" : "0.016001",
      "s" : "sell",
      "i" : "BCUT_USD",
      "m" : "4611686018428736293"
    }, {
      "d" : "1756429730622468460",
      "t" : 1756429730622,
      "tn" : 1756429730622468460,
      "q" : "377",
      "p" : "0.015998",
      "s" : "buy",
      "i" : "BCUT_USD",
      "m" : "4611686018428736292"
    }, {
      "d" : "1756429569887333172",
      "t" : 1756429569887,
      "tn" : 1756429569887333172,
      "q" : "851",
      "p" : "0.016045",
      "s" : "buy",
      "i" : "BCUT_USD",
      "m" : "4611686018428736291"
    }, {
      "d" : "1756429569887331291",
      "t" : 1756429569887,
      "tn" : 1756429569887331291,
      "q" : "377",
      "p" : "0.015995",
      "s" : "buy",
      "i" : "BCUT_USD",
      "m" : "4611686018428736290"
    }, {
      "d" : "1756428778388800583",
      "t" : 1756428778388,
      "tn" : 1756428778388800583,
      "q" : "1236",
      "p" : "0.016173",
      "s" : "sell",
      "i" : "BCUT_USD",
      "m" : "4611686018428736289"
    }, {
      "d" : "1756423599396614110",
      "t" : 1756423599396,
      "tn" : 1756423599396614110,
      "q" : "432",
      "p" : "0.015885",
      "s" : "buy",
      "i" : "BCUT_USD",
      "m" : "4611686018428736288"
    }, {
      "d" : "1756423599396612238",
      "t" : 1756423599396,
      "tn" : 1756423599396612238,
      "q" : "3388",
      "p" : "0.015884",
      "s" : "buy",
      "i" : "BCUT_USD",
      "m" : "4611686018428736287"
    }, {
      "d" : "1756422840684561995",
      "t" : 1756422840684,
      "tn" : 1756422840684561995,
      "q" : "2467",
      "p" : "0.015950",
      "s" : "sell",
      "i" : "BCUT_USD",
      "m" : "4611686018428736286"
    }, {
      "d" : "1756422840684559776",
      "t" : 1756422840684,
      "tn" : 1756422840684559776,
      "q" : "374",
      "p" : "0.016078",
      "s" : "sell",
      "i" : "BCUT_USD",
      "m" : "4611686018428736285"
    }, {
      "d" : "1756422302914961220",
      "t" : 1756422302914,
      "tn" : 1756422302914961220,
      "q" : "350",
      "p" : "0.016236",
      "s" : "buy",
      "i" : "BCUT_USD",
      "m" : "4611686018428736284"
    }, {
      "d" : "1756422286545248392",
      "t" : 1756422286545,
      "tn" : 1756422286545248392,
      "q" : "528",
      "p" : "0.016256",
      "s" : "buy",
      "i" : "BCUT_USD",
      "m" : "4611686018428736283"
    }, {
      "d" : "1756422286545245998",
      "t" : 1756422286545,
      "tn" : 1756422286545245998,
      "q" : "372",
      "p" : "0.016193",
      "s" : "buy",
      "i" : "BCUT_USD",
      "m" : "4611686018428736282"
    }, {
      "d" : "1756422269626878145",
      "t" : 1756422269626,
      "tn" : 1756422269626878145,
      "q" : "3529",
      "p" : "0.016325",
      "s" : "buy",
      "i" : "BCUT_USD",
      "m" : "4611686018428736281"
    }, {
      "d" : "1756422269626876151",
      "t" : 1756422269626,
      "tn" : 1756422269626876151,
      "q" : "372",
      "p" : "0.016204",
      "s" : "buy",
      "i" : "BCUT_USD",
      "m" : "4611686018428736280"
    }, {
      "d" : "1756422096585364130",
      "t" : 1756422096585,
      "tn" : 1756422096585364130,
      "q" : "4868",
      "p" : "0.016272",
      "s" : "sell",
      "i" : "BCUT_USD",
      "m" : "4611686018428736279"
    }, {
      "d" : "1756422059332895279",
      "t" : 1756422059332,
      "tn" : 1756422059332895279,
      "q" : "3722",
      "p" : "0.016257",
      "s" : "buy",
      "i" : "BCUT_USD",
      "m" : "4611686018428736278"
    }, {
      "d" : "1756420248992943998",
      "t" : 1756420248992,
      "tn" : 1756420248992943998,
      "q" : "2857",
      "p" : "0.015907",
      "s" : "sell",
      "i" : "BCUT_USD",
      "m" : "4611686018428736277"
    }, {
      "d" : "1756419543723316030",
      "t" : 1756419543723,
      "tn" : 1756419543723316030,
      "q" : "3658",
      "p" : "0.016495",
      "s" : "buy",
      "i" : "BCUT_USD",
      "m" : "4611686018428736276"
    }, {
      "d" : "1756419514395166022",
      "t" : 1756419514395,
      "tn" : 1756419514395166022,
      "q" : "9093",
      "p" : "0.016496",
      "s" : "buy",
      "i" : "BCUT_USD",
      "m" : "4611686018428736275"
    }, {
      "d" : "1756419492112718104",
      "t" : 1756419492112,
      "tn" : 1756419492112718104,
      "q" : "138",
      "p" : "0.016530",
      "s" : "buy",
      "i" : "BCUT_USD",
      "m" : "4611686018428736274"
    }, {
      "d" : "1756419114058502716",
      "t" : 1756419114058,
      "tn" : 1756419114058502716,
      "q" : "3548",
      "p" : "0.017012",
      "s" : "buy",
      "i" : "BCUT_USD",
      "m" : "4611686018428736273"
    }, {
      "d" : "1756419111422091013",
      "t" : 1756419111422,
      "tn" : 1756419111422091013,
      "q" : "1127",
      "p" : "0.017011",
      "s" : "buy",
      "i" : "BCUT_USD",
      "m" : "4611686018428736272"
    }, {
      "d" : "1756419055248912323",
      "t" : 1756419055248,
      "tn" : 1756419055248912323,
      "q" : "2578",
      "p" : "0.016819",
      "s" : "buy",
      "i" : "BCUT_USD",
      "m" : "4611686018428736271"
    }, {
      "d" : "1756419054983834884",
      "t" : 1756419054983,
      "tn" : 1756419054983834884,
      "q" : "8930",
      "p" : "0.016797",
      "s" : "buy",
      "i" : "BCUT_USD",
      "m" : "4611686018428736270"
    }, {
      "d" : "1756419053393550992",
      "t" : 1756419053393,
      "tn" : 1756419053393550992,
      "q" : "3619",
      "p" : "0.016755",
      "s" : "buy",
      "i" : "BCUT_USD",
      "m" : "4611686018428736269"
    }, {
      "d" : "1756418925389040812",
      "t" : 1756418925389,
      "tn" : 1756418925389040812,
      "q" : "2577",
      "p" : "0.016677",
      "s" : "sell",
      "i" : "BCUT_USD",
      "m" : "4611686018428736268"
    }, {
      "d" : "1756418917587240767",
      "t" : 1756418917587,
      "tn" : 1756418917587240767,
      "q" : "2572",
      "p" : "0.016650",
      "s" : "sell",
      "i" : "BCUT_USD",
      "m" : "4611686018428736267"
    }, {
      "d" : "1756418917587238402",
      "t" : 1756418917587,
      "tn" : 1756418917587238402,
      "q" : "6437",
      "p" : "0.016651",
      "s" : "sell",
      "i" : "BCUT_USD",
      "m" : "4611686018428736266"
    }, {
      "d" : "1756418895853721770",
      "t" : 1756418895853,
      "tn" : 1756418895853721770,
      "q" : "2433",
      "p" : "0.016851",
      "s" : "buy",
      "i" : "BCUT_USD",
      "m" : "4611686018428736265"
    }, {
      "d" : "1756418895853719357",
      "t" : 1756418895853,
      "tn" : 1756418895853719357,
      "q" : "1139",
      "p" : "0.016850",
      "s" : "buy",
      "i" : "BCUT_USD",
      "m" : "4611686018428736264"
    }, {
      "d" : "1756418706413885345",
      "t" : 1756418706413,
      "tn" : 1756418706413885345,
      "q" : "3639",
      "p" : "0.016834",
      "s" : "buy",
      "i" : "BCUT_USD",
      "m" : "4611686018428736263"
    }, {
      "d" : "1756418705527137544",
      "t" : 1756418705527,
      "tn" : 1756418705527137544,
      "q" : "3640",
      "p" : "0.016851",
      "s" : "buy",
      "i" : "BCUT_USD",
      "m" : "4611686018428736262"
    }, {
      "d" : "1756418673753285427",
      "t" : 1756418673753,
      "tn" : 1756418673753285427,
      "q" : "2724",
      "p" : "0.016681",
      "s" : "sell",
      "i" : "BCUT_USD",
      "m" : "4611686018428736261"
    }, {
      "d" : "1756418667633541173",
      "t" : 1756418667633,
      "tn" : 1756418667633541173,
      "q" : "4679",
      "p" : "0.017099",
      "s" : "sell",
      "i" : "BCUT_USD",
      "m" : "4611686018428736260"
    }, {
      "d" : "1756418666420110124",
      "t" : 1756418666420,
      "tn" : 1756418666420110124,
      "q" : "4673",
      "p" : "0.017118",
      "s" : "sell",
      "i" : "BCUT_USD",
      "m" : "4611686018428736259"
    }, {
      "d" : "1756418665929354581",
      "t" : 1756418665929,
      "tn" : 1756418665929354581,
      "q" : "1464",
      "p" : "0.017073",
      "s" : "sell",
      "i" : "BCUT_USD",
      "m" : "4611686018428736258"
    }, {
      "d" : "1756418664524699266",
      "t" : 1756418664524,
      "tn" : 1756418664524699266,
      "q" : "1093",
      "p" : "0.017516",
      "s" : "sell",
      "i" : "BCUT_USD",
      "m" : "4611686018428736257"
    }, {
      "d" : "1756418664523157476",
      "t" : 1756418664523,
      "tn" : 1756418664523157476,
      "q" : "1093",
      "p" : "0.017516",
      "s" : "sell",
      "i" : "BCUT_USD",
      "m" : "4611686018428736256"
    }, {
      "d" : "1756418664519321519",
      "t" : 1756418664519,
      "tn" : 1756418664519321519,
      "q" : "1093",
      "p" : "0.017516",
      "s" : "sell",
      "i" : "BCUT_USD",
      "m" : "4611686018428736255"
    }, {
      "d" : "1756418654751538760",
      "t" : 1756418654751,
      "tn" : 1756418654751538760,
      "q" : "2220",
      "p" : "0.017283",
      "s" : "buy",
      "i" : "BCUT_USD",
      "m" : "4611686018428736254"
    }, {
      "d" : "1756418654497022135",
      "t" : 1756418654497,
      "tn" : 1756418654497022135,
      "q" : "2223",
      "p" : "0.017112",
      "s" : "sell",
      "i" : "BCUT_USD",
      "m" : "4611686018428736253"
    }, {
      "d" : "1756418654497020138",
      "t" : 1756418654497,
      "tn" : 1756418654497020138,
      "q" : "2604",
      "p" : "0.017455",
      "s" : "sell",
      "i" : "BCUT_USD",
      "m" : "4611686018428736252"
    }, {
      "d" : "1756418654486617766",
      "t" : 1756418654486,
      "tn" : 1756418654486617766,
      "q" : "3314",
      "p" : "0.017664",
      "s" : "sell",
      "i" : "BCUT_USD",
      "m" : "4611686018428736251"
    }, {
      "d" : "1756418654486613451",
      "t" : 1756418654486,
      "tn" : 1756418654486613451,
      "q" : "25189",
      "p" : "0.017664",
      "s" : "sell",
      "i" : "BCUT_USD",
      "m" : "4611686018428736250"
    }, {
      "d" : "1756418654486611838",
      "t" : 1756418654486,
      "tn" : 1756418654486611838,
      "q" : "34479",
      "p" : "0.017802",
      "s" : "sell",
      "i" : "BCUT_USD",
      "m" : "4611686018428736249"
    }, {
      "d" : "1756418654486609066",
      "t" : 1756418654486,
      "tn" : 1756418654486609066,
      "q" : "19451",
      "p" : "0.017802",
      "s" : "sell",
      "i" : "BCUT_USD",
      "m" : "4611686018428736248"
    }, {
      "d" : "1756418654486607086",
      "t" : 1756418654486,
      "tn" : 1756418654486607086,
      "q" : "12372",
      "p" : "0.017819",
      "s" : "sell",
      "i" : "BCUT_USD",
      "m" : "4611686018428736247"
    }, {
      "d" : "1756418654486603922",
      "t" : 1756418654486,
      "tn" : 1756418654486603922,
      "q" : "33101",
      "p" : "0.017819",
      "s" : "sell",
      "i" : "BCUT_USD",
      "m" : "4611686018428736246"
    }, {
      "d" : "1756418654486601734",
      "t" : 1756418654486,
      "tn" : 1756418654486601734,
      "q" : "6678",
      "p" : "0.017968",
      "s" : "sell",
      "i" : "BCUT_USD",
      "m" : "4611686018428736245"
    }, {
      "d" : "1756418301998495638",
      "t" : 1756418301998,
      "tn" : 1756418301998495638,
      "q" : "6708",
      "p" : "0.017887",
      "s" : "sell",
      "i" : "BCUT_USD",
      "m" : "4611686018428736244"
    }, {
      "d" : "1756418301536318291",
      "t" : 1756418301536,
      "tn" : 1756418301536318291,
      "q" : "1157",
      "p" : "0.018029",
      "s" : "sell",
      "i" : "BCUT_USD",
      "m" : "4611686018428736243"
    }, {
      "d" : "1756418301536316979",
      "t" : 1756418301536,
      "tn" : 1756418301536316979,
      "q" : "1062",
      "p" : "0.018030",
      "s" : "sell",
      "i" : "BCUT_USD",
      "m" : "4611686018428736242"
    }, {
      "d" : "1756418301485042587",
      "t" : 1756418301485,
      "tn" : 1756418301485042587,
      "q" : "24970",
      "p" : "0.018206",
      "s" : "sell",
      "i" : "BCUT_USD",
      "m" : "4611686018428736241"
    }, {
      "d" : "1756418301485040730",
      "t" : 1756418301485,
      "tn" : 1756418301485040730,
      "q" : "2493",
      "p" : "0.018228",
      "s" : "sell",
      "i" : "BCUT_USD",
      "m" : "4611686018428736240"
    }, {
      "d" : "1756418301484729370",
      "t" : 1756418301484,
      "tn" : 1756418301484729370,
      "q" : "2578",
      "p" : "0.018330",
      "s" : "sell",
      "i" : "BCUT_USD",
      "m" : "4611686018428736239"
    }, {
      "d" : "1756418301484726943",
      "t" : 1756418301484,
      "tn" : 1756418301484726943,
      "q" : "6545",
      "p" : "0.018332",
      "s" : "sell",
      "i" : "BCUT_USD",
      "m" : "4611686018428736238"
    }, {
      "d" : "1756418205603774822",
      "t" : 1756418205603,
      "tn" : 1756418205603774822,
      "q" : "3210",
      "p" : "0.018607",
      "s" : "sell",
      "i" : "BCUT_USD",
      "m" : "4611686018428736237"
    }, {
      "d" : "1756418026628129408",
      "t" : 1756418026628,
      "tn" : 1756418026628129408,
      "q" : "11914",
      "p" : "0.018832",
      "s" : "buy",
      "i" : "BCUT_USD",
      "m" : "4611686018428736236"
    }, {
      "d" : "1756418025493081157",
      "t" : 1756418025493,
      "tn" : 1756418025493081157,
      "q" : "318",
      "p" : "0.018902",
      "s" : "sell",
      "i" : "BCUT_USD",
      "m" : "4611686018428736235"
    }, {
      "d" : "1756417943049614878",
      "t" : 1756417943049,
      "tn" : 1756417943049614878,
      "q" : "2455",
      "p" : "0.019251",
      "s" : "buy",
      "i" : "BCUT_USD",
      "m" : "4611686018428736234"
    }, {
      "d" : "1756417936242791931",
      "t" : 1756417936242,
      "tn" : 1756417936242791931,
      "q" : "2441",
      "p" : "0.018990",
      "s" : "buy",
      "i" : "BCUT_USD",
      "m" : "4611686018428736233"
    }, {
      "d" : "1756417644068769789",
      "t" : 1756417644068,
      "tn" : 1756417644068769789,
      "q" : "181",
      "p" : "0.019210",
      "s" : "buy",
      "i" : "BCUT_USD",
      "m" : "4611686018428736232"
    }, {
      "d" : "1756417636104070433",
      "t" : 1756417636104,
      "tn" : 1756417636104070433,
      "q" : "1301",
      "p" : "0.019210",
      "s" : "buy",
      "i" : "BCUT_USD",
      "m" : "4611686018428736231"
    }, {
      "d" : "1756417636099111869",
      "t" : 1756417636099,
      "tn" : 1756417636099111869,
      "q" : "3144",
      "p" : "0.019210",
      "s" : "buy",
      "i" : "BCUT_USD",
      "m" : "4611686018428736230"
    }, {
      "d" : "1756417636099109796",
      "t" : 1756417636099,
      "tn" : 1756417636099109796,
      "q" : "56595",
      "p" : "0.019210",
      "s" : "buy",
      "i" : "BCUT_USD",
      "m" : "4611686018428736229"
    }, {
      "d" : "1756417636099047533",
      "t" : 1756417636099,
      "tn" : 1756417636099047533,
      "q" : "22376",
      "p" : "0.019210",
      "s" : "buy",
      "i" : "BCUT_USD",
      "m" : "4611686018428736228"
    }, {
      "d" : "1756417636099045370",
      "t" : 1756417636099,
      "tn" : 1756417636099045370,
      "q" : "7808",
      "p" : "0.019209",
      "s" : "buy",
      "i" : "BCUT_USD",
      "m" : "4611686018428736227"
    }, {
      "d" : "1756417606544914918",
      "t" : 1756417606544,
      "tn" : 1756417606544914918,
      "q" : "4486",
      "p" : "0.019168",
      "s" : "buy",
      "i" : "BCUT_USD",
      "m" : "4611686018428736226"
    }, {
      "d" : "1756417606544002211",
      "t" : 1756417606544,
      "tn" : 1756417606544002211,
      "q" : "3175",
      "p" : "0.019168",
      "s" : "buy",
      "i" : "BCUT_USD",
      "m" : "4611686018428736225"
    }, {
      "d" : "1756417599264673666",
      "t" : 1756417599264,
      "tn" : 1756417599264673666,
      "q" : "7847",
      "p" : "0.019115",
      "s" : "buy",
      "i" : "BCUT_USD",
      "m" : "4611686018428736224"
    }, {
      "d" : "1756417579642780073",
      "t" : 1756417579642,
      "tn" : 1756417579642780073,
      "q" : "287",
      "p" : "0.019009",
      "s" : "sell",
      "i" : "BCUT_USD",
      "m" : "4611686018428736223"
    }, {
      "d" : "1756417579533064338",
      "t" : 1756417579533,
      "tn" : 1756417579533064338,
      "q" : "2104",
      "p" : "0.019009",
      "s" : "sell",
      "i" : "BCUT_USD",
      "m" : "4611686018428736222"
    }, {
      "d" : "1756417579529266488",
      "t" : 1756417579529,
      "tn" : 1756417579529266488,
      "q" : "5712",
      "p" : "0.019288",
      "s" : "sell",
      "i" : "BCUT_USD",
      "m" : "4611686018428736221"
    }, {
      "d" : "1756417560424139500",
      "t" : 1756417560424,
      "tn" : 1756417560424139500,
      "q" : "2455",
      "p" : "0.019581",
      "s" : "sell",
      "i" : "BCUT_USD",
      "m" : "4611686018428736220"
    }, {
      "d" : "1756417560424137360",
      "t" : 1756417560424,
      "tn" : 1756417560424137360,
      "q" : "6042",
      "p" : "0.019584",
      "s" : "sell",
      "i" : "BCUT_USD",
      "m" : "4611686018428736219"
    }, {
      "d" : "1756417445956697342",
      "t" : 1756417445956,
      "tn" : 1756417445956697342,
      "q" : "5969",
      "p" : "0.020103",
      "s" : "sell",
      "i" : "BCUT_USD",
      "m" : "4611686018428736218"
    }, {
      "d" : "1756417413572895364",
      "t" : 1756417413572,
      "tn" : 1756417413572895364,
      "q" : "2953",
      "p" : "0.020215",
      "s" : "sell",
      "i" : "BCUT_USD",
      "m" : "4611686018428736217"
    }, {
      "d" : "1756417392713739466",
      "t" : 1756417392713,
      "tn" : 1756417392713739466,
      "q" : "1200",
      "p" : "0.020485",
      "s" : "buy",
      "i" : "BCUT_USD",
      "m" : "4611686018428736216"
    }, {
      "d" : "1756417373504456346",
      "t" : 1756417373504,
      "tn" : 1756417373504456346,
      "q" : "2346",
      "p" : "0.020485",
      "s" : "buy",
      "i" : "BCUT_USD",
      "m" : "4611686018428736215"
    }, {
      "d" : "1756417373443327600",
      "t" : 1756417373443,
      "tn" : 1756417373443327600,
      "q" : "2959",
      "p" : "0.020463",
      "s" : "buy",
      "i" : "BCUT_USD",
      "m" : "4611686018428736214"
    }, {
      "d" : "1756417357841984955",
      "t" : 1756417357841,
      "tn" : 1756417357841984955,
      "q" : "2983",
      "p" : "0.020284",
      "s" : "buy",
      "i" : "BCUT_USD",
      "m" : "4611686018428736213"
    }, {
      "d" : "1756417277676141125",
      "t" : 1756417277676,
      "tn" : 1756417277676141125,
      "q" : "1500",
      "p" : "0.020000",
      "s" : "buy",
      "i" : "BCUT_USD",
      "m" : "4611686018428736212"
    }, {
      "d" : "1756417249786576001",
      "t" : 1756417249786,
      "tn" : 1756417249786576001,
      "q" : "2391",
      "p" : "0.019782",
      "s" : "buy",
      "i" : "BCUT_USD",
      "m" : "4611686018428736211"
    }, {
      "d" : "1756417248373182244",
      "t" : 1756417248373,
      "tn" : 1756417248373182244,
      "q" : "3065",
      "p" : "0.019780",
      "s" : "buy",
      "i" : "BCUT_USD",
      "m" : "4611686018428736210"
    }, {
      "d" : "1756417165013974678",
      "t" : 1756417165013,
      "tn" : 1756417165013974678,
      "q" : "3037",
      "p" : "0.019756",
      "s" : "buy",
      "i" : "BCUT_USD",
      "m" : "4611686018428736209"
    }, {
      "d" : "1756417163983208476",
      "t" : 1756417163983,
      "tn" : 1756417163983208476,
      "q" : "3035",
      "p" : "0.019640",
      "s" : "buy",
      "i" : "BCUT_USD",
      "m" : "4611686018428736208"
    }, {
      "d" : "1756417159633454300",
      "t" : 1756417159633,
      "tn" : 1756417159633454300,
      "q" : "287",
      "p" : "0.019009",
      "s" : "sell",
      "i" : "BCUT_USD",
      "m" : "4611686018428736207"
    }, {
      "d" : "1756417159595224910",
      "t" : 1756417159595,
      "tn" : 1756417159595224910,
      "q" : "2104",
      "p" : "0.019009",
      "s" : "sell",
      "i" : "BCUT_USD",
      "m" : "4611686018428736206"
    }, {
      "d" : "1756417159465469161",
      "t" : 1756417159465,
      "tn" : 1756417159465469161,
      "q" : "2346",
      "p" : "0.019194",
      "s" : "sell",
      "i" : "BCUT_USD",
      "m" : "4611686018428736205"
    }, {
      "d" : "1756417159464032138",
      "t" : 1756417159464,
      "tn" : 1756417159464032138,
      "q" : "10300",
      "p" : "0.019416",
      "s" : "sell",
      "i" : "BCUT_USD",
      "m" : "4611686018428736204"
    }, {
      "d" : "1756417159100418732",
      "t" : 1756417159100,
      "tn" : 1756417159100418732,
      "q" : "2028",
      "p" : "0.019722",
      "s" : "sell",
      "i" : "BCUT_USD",
      "m" : "4611686018428736203"
    }, {
      "d" : "1756417159064225043",
      "t" : 1756417159064,
      "tn" : 1756417159064225043,
      "q" : "2977",
      "p" : "0.020010",
      "s" : "sell",
      "i" : "BCUT_USD",
      "m" : "4611686018428736202"
    }, {
      "d" : "1756417159064215308",
      "t" : 1756417159064,
      "tn" : 1756417159064215308,
      "q" : "16890",
      "p" : "0.020074",
      "s" : "sell",
      "i" : "BCUT_USD",
      "m" : "4611686018428736201"
    }, {
      "d" : "1756417159064210192",
      "t" : 1756417159064,
      "tn" : 1756417159064210192,
      "q" : "28583",
      "p" : "0.020074",
      "s" : "sell",
      "i" : "BCUT_USD",
      "m" : "4611686018428736200"
    }, {
      "d" : "1756417159064202807",
      "t" : 1756417159064,
      "tn" : 1756417159064202807,
      "q" : "9857",
      "p" : "0.020290",
      "s" : "sell",
      "i" : "BCUT_USD",
      "m" : "4611686018428736199"
    }, {
      "d" : "1756417148566110152",
      "t" : 1756417148566,
      "tn" : 1756417148566110152,
      "q" : "3037",
      "p" : "0.020082",
      "s" : "buy",
      "i" : "BCUT_USD",
      "m" : "4611686018428736198"
    }, {
      "d" : "1756417111672644597",
      "t" : 1756417111672,
      "tn" : 1756417111672644596,
      "q" : "1500",
      "p" : "0.020000",
      "s" : "buy",
      "i" : "BCUT_USD",
      "m" : "4611686018428736197"
    }, {
      "d" : "1756417111672644596",
      "t" : 1756417111672,
      "tn" : 1756417111672644596,
      "q" : "26234",
      "p" : "0.020000",
      "s" : "buy",
      "i" : "BCUT_USD",
      "m" : "4611686018428736197"
    }, {
      "d" : "1756417111672638395",
      "t" : 1756417111672,
      "tn" : 1756417111672638395,
      "q" : "29344",
      "p" : "0.020000",
      "s" : "buy",
      "i" : "BCUT_USD",
      "m" : "4611686018428736196"
    }, {
      "d" : "1756417111199503119",
      "t" : 1756417111199,
      "tn" : 1756417111199503119,
      "q" : "3058",
      "p" : "0.020000",
      "s" : "buy",
      "i" : "BCUT_USD",
      "m" : "4611686018428736195"
    }, {
      "d" : "1756417108841262920",
      "t" : 1756417108841,
      "tn" : 1756417108841262920,
      "q" : "7711",
      "p" : "0.019933",
      "s" : "buy",
      "i" : "BCUT_USD",
      "m" : "4611686018428736194"
    }, {
      "d" : "1756417108727528468",
      "t" : 1756417108727,
      "tn" : 1756417108727528468,
      "q" : "3071",
      "p" : "0.019933",
      "s" : "buy",
      "i" : "BCUT_USD",
      "m" : "4611686018428736193"
    }, {
      "d" : "1756416932335032998",
      "t" : 1756416932335,
      "tn" : 1756416932335032998,
      "q" : "3118",
      "p" : "0.019352",
      "s" : "sell",
      "i" : "BCUT_USD",
      "m" : "4611686018428736192"
    }, {
      "d" : "1756416932333331556",
      "t" : 1756416932333,
      "tn" : 1756416932333331556,
      "q" : "10275",
      "p" : "0.019464",
      "s" : "sell",
      "i" : "BCUT_USD",
      "m" : "4611686018428736191"
    }, {
      "d" : "1756416925292205489",
      "t" : 1756416925292,
      "tn" : 1756416925292205489,
      "q" : "36872",
      "p" : "0.019458",
      "s" : "buy",
      "i" : "BCUT_USD",
      "m" : "4611686018428736190"
    }, {
      "d" : "1756416925278959424",
      "t" : 1756416925278,
      "tn" : 1756416925278959424,
      "q" : "12981",
      "p" : "0.019258",
      "s" : "buy",
      "i" : "BCUT_USD",
      "m" : "4611686018428736189"
    }, {
      "d" : "1756416925278956570",
      "t" : 1756416925278,
      "tn" : 1756416925278956570,
      "q" : "2026",
      "p" : "0.019257",
      "s" : "buy",
      "i" : "BCUT_USD",
      "m" : "4611686018428736188"
    }, {
      "d" : "1756416903389598328",
      "t" : 1756416903389,
      "tn" : 1756416903389598328,
      "q" : "385",
      "p" : "0.019336",
      "s" : "buy",
      "i" : "BCUT_USD",
      "m" : "4611686018428736187"
    }, {
      "d" : "1756416903389595778",
      "t" : 1756416903389,
      "tn" : 1756416903389595778,
      "q" : "315",
      "p" : "0.019227",
      "s" : "buy",
      "i" : "BCUT_USD",
      "m" : "4611686018428736186"
    }, {
      "d" : "1756416779904068933",
      "t" : 1756416779904,
      "tn" : 1756416779904068933,
      "q" : "312",
      "p" : "0.019317",
      "s" : "sell",
      "i" : "BCUT_USD",
      "m" : "4611686018428736185"
    }, {
      "d" : "1756416763302739641",
      "t" : 1756416763302,
      "tn" : 1756416763302739641,
      "q" : "2338",
      "p" : "0.019171",
      "s" : "sell",
      "i" : "BCUT_USD",
      "m" : "4611686018428736184"
    }, {
      "d" : "1756416702408077514",
      "t" : 1756416702408,
      "tn" : 1756416702408077514,
      "q" : "2139",
      "p" : "0.019501",
      "s" : "buy",
      "i" : "BCUT_USD",
      "m" : "4611686018428736183"
    }, {
      "d" : "1756416702408075918",
      "t" : 1756416702408,
      "tn" : 1756416702408075918,
      "q" : "991",
      "p" : "0.019500",
      "s" : "buy",
      "i" : "BCUT_USD",
      "m" : "4611686018428736182"
    }, {
      "d" : "1756416652795049763",
      "t" : 1756416652795,
      "tn" : 1756416652795049763,
      "q" : "161",
      "p" : "0.019300",
      "s" : "sell",
      "i" : "BCUT_USD",
      "m" : "4611686018428736181"
    }, {
      "d" : "1756416652775443670",
      "t" : 1756416652775,
      "tn" : 1756416652775443670,
      "q" : "2073",
      "p" : "0.019300",
      "s" : "sell",
      "i" : "BCUT_USD",
      "m" : "4611686018428736180"
    }, {
      "d" : "1756416652771643489",
      "t" : 1756416652771,
      "tn" : 1756416652771643489,
      "q" : "312",
      "p" : "0.019242",
      "s" : "buy",
      "i" : "BCUT_USD",
      "m" : "4611686018428736179"
    }, {
      "d" : "1756416605118049388",
      "t" : 1756416605118,
      "tn" : 1756416605118049388,
      "q" : "48467",
      "p" : "0.019181",
      "s" : "sell",
      "i" : "BCUT_USD",
      "m" : "4611686018428736178"
    }, {
      "d" : "1756416604903924530",
      "t" : 1756416604903,
      "tn" : 1756416604903924530,
      "q" : "34985",
      "p" : "0.019181",
      "s" : "sell",
      "i" : "BCUT_USD",
      "m" : "4611686018428736177"
    }, {
      "d" : "1756416604903922329",
      "t" : 1756416604903,
      "tn" : 1756416604903922329,
      "q" : "10387",
      "p" : "0.019182",
      "s" : "sell",
      "i" : "BCUT_USD",
      "m" : "4611686018428736176"
    }, {
      "d" : "1756416604654081678",
      "t" : 1756416604654,
      "tn" : 1756416604654081678,
      "q" : "998",
      "p" : "0.019182",
      "s" : "sell",
      "i" : "BCUT_USD",
      "m" : "4611686018428736175"
    }, {
      "d" : "1756416604643371532",
      "t" : 1756416604643,
      "tn" : 1756416604643371532,
      "q" : "314",
      "p" : "0.019092",
      "s" : "buy",
      "i" : "BCUT_USD",
      "m" : "4611686018428736174"
    }, {
      "d" : "1756416562812629511",
      "t" : 1756416562812,
      "tn" : 1756416562812629511,
      "q" : "3143",
      "p" : "0.019087",
      "s" : "sell",
      "i" : "BCUT_USD",
      "m" : "4611686018428736173"
    }, {
      "d" : "1756416538621558096",
      "t" : 1756416538621,
      "tn" : 1756416538621558096,
      "q" : "1250",
      "p" : "0.019606",
      "s" : "sell",
      "i" : "BCUT_USD",
      "m" : "4611686018428736172"
    }, {
      "d" : "1756416538590382925",
      "t" : 1756416538590,
      "tn" : 1756416538590382925,
      "q" : "12719",
      "p" : "0.019655",
      "s" : "buy",
      "i" : "BCUT_USD",
      "m" : "4611686018428736171"
    } ]
  }
}