{
  "id" : -1,
  "method" : "public/get-trades",
  "code" : 0,
  "result" : {
    "data" : [ {
      "d" : "1756457840296648726",
      "t" : 1756457840296,
      "tn" : 1756457840296648726,
      "q" : "1410",
      "p" : "0.0072166",
      "s" : "sell",
      "i" : "BEAMX_USD",
      "m" : "4611686018428780643"
    }, {
      "d" : "1756455121134235131",
      "t" : 1756455121134,
      "tn" : 1756455121134235131,
      "q" : "1390",
      "p" : "0.0073035",
      "s" : "sell",
      "i" : "BEAMX_USD",
      "m" : "4611686018428780642"
    }, {
      "d" : "1756451924924481902",
      "t" : 1756451924924,
      "tn" : 1756451924924481902,
      "q" : "1380",
      "p" : "0.0073904",
      "s" : "sell",
      "i" : "BEAMX_USD",
      "m" : "4611686018428780641"
    }, {
      "d" : "1756451570294667998",
      "t" : 1756451570294,
      "tn" : 1756451570294667998,
      "q" : "1360",
      "p" : "0.0074773",
      "s" : "sell",
      "i" : "BEAMX_USD",
      "m" : "4611686018428780640"
    }, {
      "d" : "1756451567537218231",
      "t" : 1756451567537,
      "tn" : 1756451567537218231,
      "q" : "440",
      "p" : "0.0074939",
      "s" : "sell",
      "i" : "BEAMX_USD",
      "m" : "4611686018428780639"
    }, {
      "d" : "1756451540697390390",
      "t" : 1756451540697,
      "tn" : 1756451540697390390,
      "q" : "21610",
      "p" : "0.0075009",
      "s" : "sell",
      "i" : "BEAMX_USD",
      "m" : "4611686018428780638"
    }, {
      "d" : "1756451540691218262",
      "t" : 1756451540691,
      "tn" : 1756451540691218262,
      "q" : "1320",
      "p" : "0.0075009",
      "s" : "sell",
      "i" : "BEAMX_USD",
      "m" : "4611686018428780637"
    }, {
      "d" : "1756450694974628893",
      "t" : 1756450694974,
      "tn" : 1756450694974628893,
      "q" : "9530",
      "p" : "0.0075880",
      "s" : "buy",
      "i" : "BEAMX_USD",
      "m" : "4611686018428780636"
    }, {
      "d" : "1756450694974616682",
      "t" : 1756450694974,
      "tn" : 1756450694974616682,
      "q" : "11860",
      "p" : "0.0075880",
      "s" : "buy",
      "i" : "BEAMX_USD",
      "m" : "4611686018428780635"
    }, {
      "d" : "1756450694973564823",
      "t" : 1756450694973,
      "tn" : 1756450694973564823,
      "q" : "11480",
      "p" : "0.0075880",
      "s" : "buy",
      "i" : "BEAMX_USD",
      "m" : "4611686018428780634"
    }, {
      "d" : "1756450694972065224",
      "t" : 1756450694972,
      "tn" : 1756450694972065224,
      "q" : "11480",
      "p" : "0.0075880",
      "s" : "buy",
      "i" : "BEAMX_USD",
      "m" : "4611686018428780633"
    }, {
      "d" : "1756450616495756065",
      "t" : 1756450616495,
      "tn" : 1756450616495756065,
      "q" : "83260",
      "p" : "0.0075880",
      "s" : "buy",
      "i" : "BEAMX_USD",
      "m" : "4611686018428780632"
    }, {
      "d" : "1756450576927647946",
      "t" : 1756450576927,
      "tn" : 1756450576927647946,
      "q" : "600",
      "p" : "0.0075879",
      "s" : "buy",
      "i" : "BEAMX_USD",
      "m" : "4611686018428780631"
    }, {
      "d" : "1756450574820210294",
      "t" : 1756450574820,
      "tn" : 1756450574820210294,
      "q" : "5860",
      "p" : "0.0075880",
      "s" : "buy",
      "i" : "BEAMX_USD",
      "m" : "4611686018428780630"
    }, {
      "d" : "1756450574818708793",
      "t" : 1756450574818,
      "tn" : 1756450574818708793,
      "q" : "2370",
      "p" : "0.0075880",
      "s" : "buy",
      "i" : "BEAMX_USD",
      "m" : "4611686018428780629"
    }, {
      "d" : "1756449677531196652",
      "t" : 1756449677531,
      "tn" : 1756449677531196652,
      "q" : "9020",
      "p" : "0.0075473",
      "s" : "sell",
      "i" : "BEAMX_USD",
      "m" : "4611686018428780628"
    }, {
      "d" : "1756449677530352632",
      "t" : 1756449677530,
      "tn" : 1756449677530352632,
      "q" : "10600",
      "p" : "0.0075473",
      "s" : "sell",
      "i" : "BEAMX_USD",
      "m" : "4611686018428780627"
    }, {
      "d" : "1756449677513578501",
      "t" : 1756449677513,
      "tn" : 1756449677513578501,
      "q" : "66250",
      "p" : "0.0075473",
      "s" : "sell",
      "i" : "BEAMX_USD",
      "m" : "4611686018428780626"
    }, {
      "d" : "1756449677503976369",
      "t" : 1756449677503,
      "tn" : 1756449677503976369,
      "q" : "51510",
      "p" : "0.0075473",
      "s" : "sell",
      "i" : "BEAMX_USD",
      "m" : "4611686018428780625"
    }, {
      "d" : "1756449677493648374",
      "t" : 1756449677493,
      "tn" : 1756449677493648374,
      "q" : "66250",
      "p" : "0.0075473",
      "s" : "sell",
      "i" : "BEAMX_USD",
      "m" : "4611686018428780624"
    }, {
      "d" : "1756449677487885894",
      "t" : 1756449677487,
      "tn" : 1756449677487885894,
      "q" : "740",
      "p" : "0.0075473",
      "s" : "sell",
      "i" : "BEAMX_USD",
      "m" : "4611686018428780623"
    }, {
      "d" : "1756449677443397273",
      "t" : 1756449677443,
      "tn" : 1756449677443397273,
      "q" : "66250",
      "p" : "0.0075473",
      "s" : "sell",
      "i" : "BEAMX_USD",
      "m" : "4611686018428780622"
    }, {
      "d" : "1756449677420248177",
      "t" : 1756449677420,
      "tn" : 1756449677420248177,
      "q" : "66250",
      "p" : "0.0075473",
      "s" : "sell",
      "i" : "BEAMX_USD",
      "m" : "4611686018428780621"
    }, {
      "d" : "1756449677398546197",
      "t" : 1756449677398,
      "tn" : 1756449677398546197,
      "q" : "35810",
      "p" : "0.0075473",
      "s" : "sell",
      "i" : "BEAMX_USD",
      "m" : "4611686018428780620"
    }, {
      "d" : "1756449677397165584",
      "t" : 1756449677397,
      "tn" : 1756449677397165584,
      "q" : "97420",
      "p" : "0.0075473",
      "s" : "sell",
      "i" : "BEAMX_USD",
      "m" : "4611686018428780619"
    }, {
      "d" : "1756449677396331525",
      "t" : 1756449677396,
      "tn" : 1756449677396331525,
      "q" : "15820",
      "p" : "0.0075473",
      "s" : "sell",
      "i" : "BEAMX_USD",
      "m" : "4611686018428780618"
    }, {
      "d" : "1756449677365197926",
      "t" : 1756449677365,
      "tn" : 1756449677365197926,
      "q" : "66250",
      "p" : "0.0075473",
      "s" : "sell",
      "i" : "BEAMX_USD",
      "m" : "4611686018428780617"
    }, {
      "d" : "1756449677347300808",
      "t" : 1756449677347,
      "tn" : 1756449677347300808,
      "q" : "66250",
      "p" : "0.0075473",
      "s" : "sell",
      "i" : "BEAMX_USD",
      "m" : "4611686018428780616"
    }, {
      "d" : "1756449677264508055",
      "t" : 1756449677264,
      "tn" : 1756449677264508055,
      "q" : "66250",
      "p" : "0.0075473",
      "s" : "sell",
      "i" : "BEAMX_USD",
      "m" : "4611686018428780615"
    }, {
      "d" : "1756449677246923971",
      "t" : 1756449677246,
      "tn" : 1756449677246923971,
      "q" : "66250",
      "p" : "0.0075473",
      "s" : "sell",
      "i" : "BEAMX_USD",
      "m" : "4611686018428780614"
    }, {
      "d" : "1756449571750417731",
      "t" : 1756449571750,
      "tn" : 1756449571750417731,
      "q" : "1350",
      "p" : "0.0075642",
      "s" : "sell",
      "i" : "BEAMX_USD",
      "m" : "4611686018428780613"
    }, {
      "d" : "1756449077500442804",
      "t" : 1756449077500,
      "tn" : 1756449077500442804,
      "q" : "37900",
      "p" : "0.0075895",
      "s" : "buy",
      "i" : "BEAMX_USD",
      "m" : "4611686018428780612"
    }, {
      "d" : "1756449077500440984",
      "t" : 1756449077500,
      "tn" : 1756449077500440984,
      "q" : "2650",
      "p" : "0.0075894",
      "s" : "buy",
      "i" : "BEAMX_USD",
      "m" : "4611686018428780611"
    }, {
      "d" : "1756445762338743787",
      "t" : 1756445762338,
      "tn" : 1756445762338743787,
      "q" : "1330",
      "p" : "0.0076511",
      "s" : "sell",
      "i" : "BEAMX_USD",
      "m" : "4611686018428780610"
    }, {
      "d" : "1756441092683705238",
      "t" : 1756441092683,
      "tn" : 1756441092683705238,
      "q" : "1330",
      "p" : "0.0077380",
      "s" : "buy",
      "i" : "BEAMX_USD",
      "m" : "4611686018428780609"
    }, {
      "d" : "1756440057991739860",
      "t" : 1756440057991,
      "tn" : 1756440057991739860,
      "q" : "1350",
      "p" : "0.0076511",
      "s" : "buy",
      "i" : "BEAMX_USD",
      "m" : "4611686018428780608"
    }, {
      "d" : "1756435835521240754",
      "t" : 1756435835521,
      "tn" : 1756435835521240754,
      "q" : "1350",
      "p" : "0.0075642",
      "s" : "buy",
      "i" : "BEAMX_USD",
      "m" : "4611686018428780607"
    }, {
      "d" : "1756425668247932740",
      "t" : 1756425668247,
      "tn" : 1756425668247932740,
      "q" : "960",
      "p" : "0.0074773",
      "s" : "buy",
      "i" : "BEAMX_USD",
      "m" : "4611686018428780606"
    }, {
      "d" : "1756424561163841822",
      "t" : 1756424561163,
      "tn" : 1756424561163841822,
      "q" : "20300",
      "p" : "0.0074437",
      "s" : "buy",
      "i" : "BEAMX_USD",
      "m" : "4611686018428780605"
    }, {
      "d" : "1756422325739040284",
      "t" : 1756422325739,
      "tn" : 1756422325739040284,
      "q" : "135500",
      "p" : "0.0073900",
      "s" : "buy",
      "i" : "BEAMX_USD",
      "m" : "4611686018428780604"
    }, {
      "d" : "1756419409545766903",
      "t" : 1756419409545,
      "tn" : 1756419409545766903,
      "q" : "1390",
      "p" : "0.0073904",
      "s" : "buy",
      "i" : "BEAMX_USD",
      "m" : "4611686018428780603"
    }, {
      "d" : "1756410951002218051",
      "t" : 1756410951002,
      "tn" : 1756410951002218051,
      "q" : "1390",
      "p" : "0.0073035",
      "s" : "sell",
      "i" : "BEAMX_USD",
      "m" : "4611686018428780602"
    }, {
      "d" : "1756409993642215077",
      "t" : 1756409993642,
      "tn" : 1756409993642215077,
      "q" : "140",
      "p" : "0.0073695",
      "s" : "buy",
      "i" : "BEAMX_USD",
      "m" : "4611686018428780601"
    }, {
      "d" : "1756409992541947588",
      "t" : 1756409992541,
      "tn" : 1756409992541947588,
      "q" : "140",
      "p" : "0.0073389",
      "s" : "buy",
      "i" : "BEAMX_USD",
      "m" : "4611686018428780600"
    }, {
      "d" : "1756409991441605809",
      "t" : 1756409991441,
      "tn" : 1756409991441605809,
      "q" : "140",
      "p" : "0.0073389",
      "s" : "buy",
      "i" : "BEAMX_USD",
      "m" : "4611686018428780599"
    }, {
      "d" : "1756409990392071082",
      "t" : 1756409990392,
      "tn" : 1756409990392071082,
      "q" : "140",
      "p" : "0.0073389",
      "s" : "buy",
      "i" : "BEAMX_USD",
      "m" : "4611686018428780598"
    }, {
      "d" : "1756409989291358907",
      "t" : 1756409989291,
      "tn" : 1756409989291358907,
      "q" : "140",
      "p" : "0.0073389",
      "s" : "buy",
      "i" : "BEAMX_USD",
      "m" : "4611686018428780597"
    }, {
      "d" : "1756409988191712227",
      "t" : 1756409988191,
      "tn" : 1756409988191712227,
      "q" : "140",
      "p" : "0.0073236",
      "s" : "buy",
      "i" : "BEAMX_USD",
      "m" : "4611686018428780596"
    }, {
      "d" : "1756409987092189521",
      "t" : 1756409987092,
      "tn" : 1756409987092189521,
      "q" : "140",
      "p" : "0.0073226",
      "s" : "buy",
      "i" : "BEAMX_USD",
      "m" : "4611686018428780595"
    }, {
      "d" : "1756409985991949731",
      "t" : 1756409985991,
      "tn" : 1756409985991949731,
      "q" : "140",
      "p" : "0.0073236",
      "s" : "buy",
      "i" : "BEAMX_USD",
      "m" : "4611686018428780594"
    }, {
      "d" : "1756409984941263636",
      "t" : 1756409984941,
      "tn" : 1756409984941263636,
      "q" : "140",
      "p" : "0.0073236",
      "s" : "buy",
      "i" : "BEAMX_USD",
      "m" : "4611686018428780593"
    }, {
      "d" : "1756409983841902701",
      "t" : 1756409983841,
      "tn" : 1756409983841902701,
      "q" : "140",
      "p" : "0.0073236",
      "s" : "buy",
      "i" : "BEAMX_USD",
      "m" : "4611686018428780592"
    }, {
      "d" : "1756409982741970776",
      "t" : 1756409982741,
      "tn" : 1756409982741970776,
      "q" : "140",
      "p" : "0.0073236",
      "s" : "buy",
      "i" : "BEAMX_USD",
      "m" : "4611686018428780591"
    }, {
      "d" : "1756409981642158598",
      "t" : 1756409981642,
      "tn" : 1756409981642158598,
      "q" : "140",
      "p" : "0.0073236",
      "s" : "buy",
      "i" : "BEAMX_USD",
      "m" : "4611686018428780590"
    }, {
      "d" : "1756409980591648457",
      "t" : 1756409980591,
      "tn" : 1756409980591648457,
      "q" : "140",
      "p" : "0.0073226",
      "s" : "buy",
      "i" : "BEAMX_USD",
      "m" : "4611686018428780589"
    }, {
      "d" : "1756409979491206586",
      "t" : 1756409979491,
      "tn" : 1756409979491206586,
      "q" : "140",
      "p" : "0.0073226",
      "s" : "buy",
      "i" : "BEAMX_USD",
      "m" : "4611686018428780588"
    }, {
      "d" : "1756409978391513741",
      "t" : 1756409978391,
      "tn" : 1756409978391513741,
      "q" : "140",
      "p" : "0.0073226",
      "s" : "buy",
      "i" : "BEAMX_USD",
      "m" : "4611686018428780587"
    }, {
      "d" : "1756409977291253616",
      "t" : 1756409977291,
      "tn" : 1756409977291253616,
      "q" : "140",
      "p" : "0.0073236",
      "s" : "buy",
      "i" : "BEAMX_USD",
      "m" : "4611686018428780586"
    }, {
      "d" : "1756409976241299645",
      "t" : 1756409976241,
      "tn" : 1756409976241299645,
      "q" : "140",
      "p" : "0.0073236",
      "s" : "buy",
      "i" : "BEAMX_USD",
      "m" : "4611686018428780585"
    }, {
      "d" : "1756409975142062206",
      "t" : 1756409975142,
      "tn" : 1756409975142062206,
      "q" : "140",
      "p" : "0.0073389",
      "s" : "buy",
      "i" : "BEAMX_USD",
      "m" : "4611686018428780584"
    }, {
      "d" : "1756409974041595796",
      "t" : 1756409974041,
      "tn" : 1756409974041595796,
      "q" : "140",
      "p" : "0.0073389",
      "s" : "buy",
      "i" : "BEAMX_USD",
      "m" : "4611686018428780583"
    }, {
      "d" : "1756409972941801359",
      "t" : 1756409972941,
      "tn" : 1756409972941801359,
      "q" : "140",
      "p" : "0.0073389",
      "s" : "buy",
      "i" : "BEAMX_USD",
      "m" : "4611686018428780582"
    }, {
      "d" : "1756409971842066770",
      "t" : 1756409971842,
      "tn" : 1756409971842066770,
      "q" : "140",
      "p" : "0.0073389",
      "s" : "buy",
      "i" : "BEAMX_USD",
      "m" : "4611686018428780581"
    }, {
      "d" : "1756409970791976200",
      "t" : 1756409970791,
      "tn" : 1756409970791976200,
      "q" : "140",
      "p" : "0.0073389",
      "s" : "buy",
      "i" : "BEAMX_USD",
      "m" : "4611686018428780580"
    }, {
      "d" : "1756409969691424809",
      "t" : 1756409969691,
      "tn" : 1756409969691424809,
      "q" : "140",
      "p" : "0.0073389",
      "s" : "buy",
      "i" : "BEAMX_USD",
      "m" : "4611686018428780579"
    }, {
      "d" : "1756409968591432545",
      "t" : 1756409968591,
      "tn" : 1756409968591432545,
      "q" : "140",
      "p" : "0.0073389",
      "s" : "buy",
      "i" : "BEAMX_USD",
      "m" : "4611686018428780578"
    }, {
      "d" : "1756409967492103065",
      "t" : 1756409967492,
      "tn" : 1756409967492103065,
      "q" : "140",
      "p" : "0.0073389",
      "s" : "buy",
      "i" : "BEAMX_USD",
      "m" : "4611686018428780577"
    }, {
      "d" : "1756409966442005256",
      "t" : 1756409966442,
      "tn" : 1756409966442005256,
      "q" : "140",
      "p" : "0.0073399",
      "s" : "buy",
      "i" : "BEAMX_USD",
      "m" : "4611686018428780576"
    }, {
      "d" : "1756409965341226761",
      "t" : 1756409965341,
      "tn" : 1756409965341226761,
      "q" : "140",
      "p" : "0.0073459",
      "s" : "buy",
      "i" : "BEAMX_USD",
      "m" : "4611686018428780575"
    }, {
      "d" : "1756409964241205207",
      "t" : 1756409964241,
      "tn" : 1756409964241205207,
      "q" : "140",
      "p" : "0.0073459",
      "s" : "buy",
      "i" : "BEAMX_USD",
      "m" : "4611686018428780574"
    }, {
      "d" : "1756409963142181311",
      "t" : 1756409963142,
      "tn" : 1756409963142181311,
      "q" : "140",
      "p" : "0.0073296",
      "s" : "buy",
      "i" : "BEAMX_USD",
      "m" : "4611686018428780573"
    }, {
      "d" : "1756409962041709115",
      "t" : 1756409962041,
      "tn" : 1756409962041709115,
      "q" : "140",
      "p" : "0.0073296",
      "s" : "buy",
      "i" : "BEAMX_USD",
      "m" : "4611686018428780572"
    }, {
      "d" : "1756409960991531963",
      "t" : 1756409960991,
      "tn" : 1756409960991531963,
      "q" : "140",
      "p" : "0.0073320",
      "s" : "buy",
      "i" : "BEAMX_USD",
      "m" : "4611686018428780571"
    }, {
      "d" : "1756409959891228724",
      "t" : 1756409959891,
      "tn" : 1756409959891228724,
      "q" : "140",
      "p" : "0.0073306",
      "s" : "buy",
      "i" : "BEAMX_USD",
      "m" : "4611686018428780570"
    }, {
      "d" : "1756409958791587211",
      "t" : 1756409958791,
      "tn" : 1756409958791587211,
      "q" : "140",
      "p" : "0.0073419",
      "s" : "buy",
      "i" : "BEAMX_USD",
      "m" : "4611686018428780569"
    }, {
      "d" : "1756409957691738677",
      "t" : 1756409957691,
      "tn" : 1756409957691738677,
      "q" : "140",
      "p" : "0.0073409",
      "s" : "buy",
      "i" : "BEAMX_USD",
      "m" : "4611686018428780568"
    }, {
      "d" : "1756409956641363726",
      "t" : 1756409956641,
      "tn" : 1756409956641363726,
      "q" : "140",
      "p" : "0.0073409",
      "s" : "buy",
      "i" : "BEAMX_USD",
      "m" : "4611686018428780567"
    }, {
      "d" : "1756409955542132527",
      "t" : 1756409955542,
      "tn" : 1756409955542132527,
      "q" : "140",
      "p" : "0.0073409",
      "s" : "buy",
      "i" : "BEAMX_USD",
      "m" : "4611686018428780566"
    }, {
      "d" : "1756409954441615403",
      "t" : 1756409954441,
      "tn" : 1756409954441615403,
      "q" : "140",
      "p" : "0.0073409",
      "s" : "buy",
      "i" : "BEAMX_USD",
      "m" : "4611686018428780565"
    }, {
      "d" : "1756409953341862405",
      "t" : 1756409953341,
      "tn" : 1756409953341862405,
      "q" : "140",
      "p" : "0.0073268",
      "s" : "buy",
      "i" : "BEAMX_USD",
      "m" : "4611686018428780564"
    }, {
      "d" : "1756409952291600794",
      "t" : 1756409952291,
      "tn" : 1756409952291600794,
      "q" : "140",
      "p" : "0.0073246",
      "s" : "buy",
      "i" : "BEAMX_USD",
      "m" : "4611686018428780563"
    }, {
      "d" : "1756409951192232487",
      "t" : 1756409951192,
      "tn" : 1756409951192232487,
      "q" : "140",
      "p" : "0.0073246",
      "s" : "buy",
      "i" : "BEAMX_USD",
      "m" : "4611686018428780562"
    }, {
      "d" : "1756409950091501473",
      "t" : 1756409950091,
      "tn" : 1756409950091501473,
      "q" : "140",
      "p" : "0.0073268",
      "s" : "buy",
      "i" : "BEAMX_USD",
      "m" : "4611686018428780561"
    }, {
      "d" : "1756409948991850209",
      "t" : 1756409948991,
      "tn" : 1756409948991850209,
      "q" : "140",
      "p" : "0.0073266",
      "s" : "buy",
      "i" : "BEAMX_USD",
      "m" : "4611686018428780560"
    }, {
      "d" : "1756409947891598033",
      "t" : 1756409947891,
      "tn" : 1756409947891598033,
      "q" : "140",
      "p" : "0.0073266",
      "s" : "buy",
      "i" : "BEAMX_USD",
      "m" : "4611686018428780559"
    }, {
      "d" : "1756409946842024909",
      "t" : 1756409946842,
      "tn" : 1756409946842024909,
      "q" : "140",
      "p" : "0.0073266",
      "s" : "buy",
      "i" : "BEAMX_USD",
      "m" : "4611686018428780558"
    }, {
      "d" : "1756409945741972300",
      "t" : 1756409945741,
      "tn" : 1756409945741972300,
      "q" : "140",
      "p" : "0.0073266",
      "s" : "buy",
      "i" : "BEAMX_USD",
      "m" : "4611686018428780557"
    }, {
      "d" : "1756409944642062961",
      "t" : 1756409944642,
      "tn" : 1756409944642062961,
      "q" : "140",
      "p" : "0.0073266",
      "s" : "buy",
      "i" : "BEAMX_USD",
      "m" : "4611686018428780556"
    }, {
      "d" : "1756409943542212975",
      "t" : 1756409943542,
      "tn" : 1756409943542212975,
      "q" : "140",
      "p" : "0.0073266",
      "s" : "buy",
      "i" : "BEAMX_USD",
      "m" : "4611686018428780555"
    }, {
      "d" : "1756409942491212243",
      "t" : 1756409942491,
      "tn" : 1756409942491212243,
      "q" : "140",
      "p" : "0.0073266",
      "s" : "buy",
      "i" : "BEAMX_USD",
      "m" : "4611686018428780554"
    }, {
      "d" : "1756409941391532846",
      "t" : 1756409941391,
      "tn" : 1756409941391532846,
      "q" : "140",
      "p" : "0.0073266",
      "s" : "buy",
      "i" : "BEAMX_USD",
      "m" : "4611686018428780553"
    }, {
      "d" : "1756409940291873641",
      "t" : 1756409940291,
      "tn" : 1756409940291873641,
      "q" : "140",
      "p" : "0.0073256",
      "s" : "buy",
      "i" : "BEAMX_USD",
      "m" : "4611686018428780552"
    }, {
      "d" : "1756409939191594537",
      "t" : 1756409939191,
      "tn" : 1756409939191594537,
      "q" : "140",
      "p" : "0.0073266",
      "s" : "buy",
      "i" : "BEAMX_USD",
      "m" : "4611686018428780551"
    }, {
      "d" : "1756409938091573471",
      "t" : 1756409938091,
      "tn" : 1756409938091573471,
      "q" : "140",
      "p" : "0.0074363",
      "s" : "buy",
      "i" : "BEAMX_USD",
      "m" : "4611686018428780550"
    }, {
      "d" : "1756409937041938463",
      "t" : 1756409937041,
      "tn" : 1756409937041938463,
      "q" : "140",
      "p" : "0.0073583",
      "s" : "buy",
      "i" : "BEAMX_USD",
      "m" : "4611686018428780549"
    }, {
      "d" : "1756409935941526425",
      "t" : 1756409935941,
      "tn" : 1756409935941526425,
      "q" : "140",
      "p" : "0.0073583",
      "s" : "buy",
      "i" : "BEAMX_USD",
      "m" : "4611686018428780548"
    }, {
      "d" : "1756409934841263157",
      "t" : 1756409934841,
      "tn" : 1756409934841263157,
      "q" : "140",
      "p" : "0.0073583",
      "s" : "buy",
      "i" : "BEAMX_USD",
      "m" : "4611686018428780547"
    }, {
      "d" : "1756409933741559785",
      "t" : 1756409933741,
      "tn" : 1756409933741559785,
      "q" : "140",
      "p" : "0.0073449",
      "s" : "buy",
      "i" : "BEAMX_USD",
      "m" : "4611686018428780546"
    }, {
      "d" : "1756409932692022441",
      "t" : 1756409932692,
      "tn" : 1756409932692022441,
      "q" : "140",
      "p" : "0.0073429",
      "s" : "buy",
      "i" : "BEAMX_USD",
      "m" : "4611686018428780545"
    }, {
      "d" : "1756409931591343710",
      "t" : 1756409931591,
      "tn" : 1756409931591343710,
      "q" : "140",
      "p" : "0.0073320",
      "s" : "buy",
      "i" : "BEAMX_USD",
      "m" : "4611686018428780544"
    }, {
      "d" : "1756409930491908932",
      "t" : 1756409930491,
      "tn" : 1756409930491908932,
      "q" : "140",
      "p" : "0.0073319",
      "s" : "buy",
      "i" : "BEAMX_USD",
      "m" : "4611686018428780543"
    }, {
      "d" : "1756409929392145276",
      "t" : 1756409929392,
      "tn" : 1756409929392145276,
      "q" : "140",
      "p" : "0.0073276",
      "s" : "buy",
      "i" : "BEAMX_USD",
      "m" : "4611686018428780542"
    }, {
      "d" : "1756409928292010962",
      "t" : 1756409928292,
      "tn" : 1756409928292010962,
      "q" : "140",
      "p" : "0.0073296",
      "s" : "buy",
      "i" : "BEAMX_USD",
      "m" : "4611686018428780541"
    }, {
      "d" : "1756409927242021446",
      "t" : 1756409927242,
      "tn" : 1756409927242021446,
      "q" : "140",
      "p" : "0.0073320",
      "s" : "buy",
      "i" : "BEAMX_USD",
      "m" : "4611686018428780540"
    }, {
      "d" : "1756409926141821319",
      "t" : 1756409926141,
      "tn" : 1756409926141821319,
      "q" : "140",
      "p" : "0.0073320",
      "s" : "buy",
      "i" : "BEAMX_USD",
      "m" : "4611686018428780539"
    }, {
      "d" : "1756409925042081624",
      "t" : 1756409925042,
      "tn" : 1756409925042081624,
      "q" : "140",
      "p" : "0.0073320",
      "s" : "buy",
      "i" : "BEAMX_USD",
      "m" : "4611686018428780538"
    }, {
      "d" : "1756409923941475311",
      "t" : 1756409923941,
      "tn" : 1756409923941475311,
      "q" : "140",
      "p" : "0.0074435",
      "s" : "buy",
      "i" : "BEAMX_USD",
      "m" : "4611686018428780537"
    }, {
      "d" : "1756409922891432678",
      "t" : 1756409922891,
      "tn" : 1756409922891432678,
      "q" : "140",
      "p" : "0.0073583",
      "s" : "buy",
      "i" : "BEAMX_USD",
      "m" : "4611686018428780536"
    }, {
      "d" : "1756409921791746728",
      "t" : 1756409921791,
      "tn" : 1756409921791746728,
      "q" : "140",
      "p" : "0.0073320",
      "s" : "buy",
      "i" : "BEAMX_USD",
      "m" : "4611686018428780535"
    }, {
      "d" : "1756409920691693471",
      "t" : 1756409920691,
      "tn" : 1756409920691693471,
      "q" : "140",
      "p" : "0.0073320",
      "s" : "buy",
      "i" : "BEAMX_USD",
      "m" : "4611686018428780534"
    }, {
      "d" : "1756409919591521141",
      "t" : 1756409919591,
      "tn" : 1756409919591521141,
      "q" : "140",
      "p" : "0.0073266",
      "s" : "buy",
      "i" : "BEAMX_USD",
      "m" : "4611686018428780533"
    }, {
      "d" : "1756409918541789925",
      "t" : 1756409918541,
      "tn" : 1756409918541789925,
      "q" : "140",
      "p" : "0.0073266",
      "s" : "buy",
      "i" : "BEAMX_USD",
      "m" : "4611686018428780532"
    }, {
      "d" : "1756409917441398822",
      "t" : 1756409917441,
      "tn" : 1756409917441398822,
      "q" : "140",
      "p" : "0.0073266",
      "s" : "buy",
      "i" : "BEAMX_USD",
      "m" : "4611686018428780531"
    }, {
      "d" : "1756409916341705379",
      "t" : 1756409916341,
      "tn" : 1756409916341705379,
      "q" : "140",
      "p" : "0.0073266",
      "s" : "buy",
      "i" : "BEAMX_USD",
      "m" : "4611686018428780530"
    }, {
      "d" : "1756409915242135736",
      "t" : 1756409915242,
      "tn" : 1756409915242135736,
      "q" : "140",
      "p" : "0.0074373",
      "s" : "buy",
      "i" : "BEAMX_USD",
      "m" : "4611686018428780529"
    }, {
      "d" : "1756409914142029627",
      "t" : 1756409914142,
      "tn" : 1756409914142029627,
      "q" : "140",
      "p" : "0.0074373",
      "s" : "buy",
      "i" : "BEAMX_USD",
      "m" : "4611686018428780528"
    }, {
      "d" : "1756409913091563833",
      "t" : 1756409913091,
      "tn" : 1756409913091563833,
      "q" : "140",
      "p" : "0.0074373",
      "s" : "buy",
      "i" : "BEAMX_USD",
      "m" : "4611686018428780527"
    }, {
      "d" : "1756409911991299050",
      "t" : 1756409911991,
      "tn" : 1756409911991299050,
      "q" : "140",
      "p" : "0.0074373",
      "s" : "buy",
      "i" : "BEAMX_USD",
      "m" : "4611686018428780526"
    }, {
      "d" : "1756409910891524724",
      "t" : 1756409910891,
      "tn" : 1756409910891524724,
      "q" : "140",
      "p" : "0.0074373",
      "s" : "buy",
      "i" : "BEAMX_USD",
      "m" : "4611686018428780525"
    }, {
      "d" : "1756409909792264930",
      "t" : 1756409909792,
      "tn" : 1756409909792264930,
      "q" : "140",
      "p" : "0.0074374",
      "s" : "buy",
      "i" : "BEAMX_USD",
      "m" : "4611686018428780524"
    }, {
      "d" : "1756409908741647589",
      "t" : 1756409908741,
      "tn" : 1756409908741647589,
      "q" : "140",
      "p" : "0.0074353",
      "s" : "buy",
      "i" : "BEAMX_USD",
      "m" : "4611686018428780523"
    }, {
      "d" : "1756409907641297649",
      "t" : 1756409907641,
      "tn" : 1756409907641297649,
      "q" : "140",
      "p" : "0.0073276",
      "s" : "buy",
      "i" : "BEAMX_USD",
      "m" : "4611686018428780522"
    }, {
      "d" : "1756409906542144736",
      "t" : 1756409906542,
      "tn" : 1756409906542144736,
      "q" : "140",
      "p" : "0.0074423",
      "s" : "buy",
      "i" : "BEAMX_USD",
      "m" : "4611686018428780521"
    }, {
      "d" : "1756409905441845076",
      "t" : 1756409905441,
      "tn" : 1756409905441845076,
      "q" : "140",
      "p" : "0.0073695",
      "s" : "buy",
      "i" : "BEAMX_USD",
      "m" : "4611686018428780520"
    }, {
      "d" : "1756409904341704543",
      "t" : 1756409904341,
      "tn" : 1756409904341704543,
      "q" : "140",
      "p" : "0.0073490",
      "s" : "buy",
      "i" : "BEAMX_USD",
      "m" : "4611686018428780519"
    }, {
      "d" : "1756409903291382483",
      "t" : 1756409903291,
      "tn" : 1756409903291382483,
      "q" : "140",
      "p" : "0.0073449",
      "s" : "buy",
      "i" : "BEAMX_USD",
      "m" : "4611686018428780518"
    }, {
      "d" : "1756409902191398025",
      "t" : 1756409902191,
      "tn" : 1756409902191398025,
      "q" : "140",
      "p" : "0.0073449",
      "s" : "buy",
      "i" : "BEAMX_USD",
      "m" : "4611686018428780517"
    }, {
      "d" : "1756409901091631818",
      "t" : 1756409901091,
      "tn" : 1756409901091631818,
      "q" : "140",
      "p" : "0.0073449",
      "s" : "buy",
      "i" : "BEAMX_USD",
      "m" : "4611686018428780516"
    }, {
      "d" : "1756409899991706496",
      "t" : 1756409899991,
      "tn" : 1756409899991706496,
      "q" : "140",
      "p" : "0.0073320",
      "s" : "buy",
      "i" : "BEAMX_USD",
      "m" : "4611686018428780515"
    }, {
      "d" : "1756409898941935902",
      "t" : 1756409898941,
      "tn" : 1756409898941935902,
      "q" : "140",
      "p" : "0.0073296",
      "s" : "buy",
      "i" : "BEAMX_USD",
      "m" : "4611686018428780514"
    }, {
      "d" : "1756409897842178698",
      "t" : 1756409897842,
      "tn" : 1756409897842178698,
      "q" : "140",
      "p" : "0.0073296",
      "s" : "buy",
      "i" : "BEAMX_USD",
      "m" : "4611686018428780513"
    }, {
      "d" : "1756409896742142845",
      "t" : 1756409896742,
      "tn" : 1756409896742142845,
      "q" : "140",
      "p" : "0.0073296",
      "s" : "buy",
      "i" : "BEAMX_USD",
      "m" : "4611686018428780512"
    }, {
      "d" : "1756409895642087070",
      "t" : 1756409895642,
      "tn" : 1756409895642087070,
      "q" : "140",
      "p" : "0.0073296",
      "s" : "buy",
      "i" : "BEAMX_USD",
      "m" : "4611686018428780511"
    }, {
      "d" : "1756409894591542847",
      "t" : 1756409894591,
      "tn" : 1756409894591542847,
      "q" : "140",
      "p" : "0.0073296",
      "s" : "buy",
      "i" : "BEAMX_USD",
      "m" : "4611686018428780510"
    }, {
      "d" : "1756409893491364582",
      "t" : 1756409893491,
      "tn" : 1756409893491364582,
      "q" : "140",
      "p" : "0.0073296",
      "s" : "buy",
      "i" : "BEAMX_USD",
      "m" : "4611686018428780509"
    }, {
      "d" : "1756409892391519322",
      "t" : 1756409892391,
      "tn" : 1756409892391519322,
      "q" : "140",
      "p" : "0.0073296",
      "s" : "buy",
      "i" : "BEAMX_USD",
      "m" : "4611686018428780508"
    }, {
      "d" : "1756409891291776674",
      "t" : 1756409891291,
      "tn" : 1756409891291776674,
      "q" : "140",
      "p" : "0.0073296",
      "s" : "buy",
      "i" : "BEAMX_USD",
      "m" : "4611686018428780507"
    }, {
      "d" : "1756409890191316942",
      "t" : 1756409890191,
      "tn" : 1756409890191316942,
      "q" : "140",
      "p" : "0.0073296",
      "s" : "buy",
      "i" : "BEAMX_USD",
      "m" : "4611686018428780506"
    }, {
      "d" : "1756409889141623603",
      "t" : 1756409889141,
      "tn" : 1756409889141623603,
      "q" : "140",
      "p" : "0.0073296",
      "s" : "buy",
      "i" : "BEAMX_USD",
      "m" : "4611686018428780505"
    }, {
      "d" : "1756409888041402823",
      "t" : 1756409888041,
      "tn" : 1756409888041402823,
      "q" : "140",
      "p" : "0.0073296",
      "s" : "buy",
      "i" : "BEAMX_USD",
      "m" : "4611686018428780504"
    }, {
      "d" : "1756409886941415237",
      "t" : 1756409886941,
      "tn" : 1756409886941415237,
      "q" : "140",
      "p" : "0.0073296",
      "s" : "buy",
      "i" : "BEAMX_USD",
      "m" : "4611686018428780503"
    }, {
      "d" : "1756409885841953986",
      "t" : 1756409885841,
      "tn" : 1756409885841953986,
      "q" : "140",
      "p" : "0.0073439",
      "s" : "buy",
      "i" : "BEAMX_USD",
      "m" : "4611686018428780502"
    }, {
      "d" : "1756409884792017215",
      "t" : 1756409884792,
      "tn" : 1756409884792017215,
      "q" : "140",
      "p" : "0.0073439",
      "s" : "buy",
      "i" : "BEAMX_USD",
      "m" : "4611686018428780501"
    }, {
      "d" : "1756409883691715800",
      "t" : 1756409883691,
      "tn" : 1756409883691715800,
      "q" : "140",
      "p" : "0.0073439",
      "s" : "buy",
      "i" : "BEAMX_USD",
      "m" : "4611686018428780500"
    }, {
      "d" : "1756409882591702963",
      "t" : 1756409882591,
      "tn" : 1756409882591702963,
      "q" : "140",
      "p" : "0.0073449",
      "s" : "buy",
      "i" : "BEAMX_USD",
      "m" : "4611686018428780499"
    }, {
      "d" : "1756409881491446911",
      "t" : 1756409881491,
      "tn" : 1756409881491446911,
      "q" : "140",
      "p" : "0.0073296",
      "s" : "buy",
      "i" : "BEAMX_USD",
      "m" : "4611686018428780498"
    }, {
      "d" : "1756409880391601092",
      "t" : 1756409880391,
      "tn" : 1756409880391601092,
      "q" : "140",
      "p" : "0.0073449",
      "s" : "buy",
      "i" : "BEAMX_USD",
      "m" : "4611686018428780497"
    }, {
      "d" : "1756409879341583891",
      "t" : 1756409879341,
      "tn" : 1756409879341583891,
      "q" : "140",
      "p" : "0.0073459",
      "s" : "buy",
      "i" : "BEAMX_USD",
      "m" : "4611686018428780496"
    }, {
      "d" : "1756409878241380785",
      "t" : 1756409878241,
      "tn" : 1756409878241380785,
      "q" : "140",
      "p" : "0.0073459",
      "s" : "buy",
      "i" : "BEAMX_USD",
      "m" : "4611686018428780495"
    }, {
      "d" : "1756409877141740417",
      "t" : 1756409877141,
      "tn" : 1756409877141740417,
      "q" : "140",
      "p" : "0.0073480",
      "s" : "buy",
      "i" : "BEAMX_USD",
      "m" : "4611686018428780494"
    } ]
  }
}