{
  "id" : -1,
  "method" : "public/get-trades",
  "code" : 0,
  "result" : {
    "data" : [ {
      "d" : "1756460254350319936",
      "t" : 1756460254350,
      "tn" : 1756460254350319936,
      "q" : "5.77",
      "p" : "2.7287",
      "s" : "buy",
      "i" : "BERA_USD",
      "m" : "4611686018427434180"
    }, {
      "d" : "1756460027177972190",
      "t" : 1756460027177,
      "tn" : 1756460027177972190,
      "q" : "1.39",
      "p" : "2.7120",
      "s" : "buy",
      "i" : "BERA_USD",
      "m" : "4611686018427434179"
    }, {
      "d" : "1756460025568202893",
      "t" : 1756460025568,
      "tn" : 1756460025568202893,
      "q" : "2.54",
      "p" : "2.7121",
      "s" : "buy",
      "i" : "BERA_USD",
      "m" : "4611686018427434178"
    }, {
      "d" : "1756459632426014708",
      "t" : 1756459632426,
      "tn" : 1756459632426014708,
      "q" : "3.60",
      "p" : "2.7240",
      "s" : "buy",
      "i" : "BERA_USD",
      "m" : "4611686018427434177"
    }, {
      "d" : "1756459630915945793",
      "t" : 1756459630915,
      "tn" : 1756459630915945793,
      "q" : "0.93",
      "p" : "2.7232",
      "s" : "buy",
      "i" : "BERA_USD",
      "m" : "4611686018427434176"
    }, {
      "d" : "1756459630557973998",
      "t" : 1756459630557,
      "tn" : 1756459630557973998,
      "q" : "1.74",
      "p" : "2.7233",
      "s" : "buy",
      "i" : "BERA_USD",
      "m" : "4611686018427434175"
    }, {
      "d" : "1756459630373091327",
      "t" : 1756459630373,
      "tn" : 1756459630373091327,
      "q" : "0.93",
      "p" : "2.7233",
      "s" : "buy",
      "i" : "BERA_USD",
      "m" : "4611686018427434174"
    }, {
      "d" : "1756459629661908914",
      "t" : 1756459629661,
      "tn" : 1756459629661908914,
      "q" : "7.20",
      "p" : "2.7234",
      "s" : "buy",
      "i" : "BERA_USD",
      "m" : "4611686018427434173"
    }, {
      "d" : "1756459501151541391",
      "t" : 1756459501151,
      "tn" : 1756459501151541391,
      "q" : "7.20",
      "p" : "2.7310",
      "s" : "buy",
      "i" : "BERA_USD",
      "m" : "4611686018427434172"
    }, {
      "d" : "1756459228156034618",
      "t" : 1756459228156,
      "tn" : 1756459228156034618,
      "q" : "5.19",
      "p" : "2.7604",
      "s" : "sell",
      "i" : "BERA_USD",
      "m" : "4611686018427434171"
    }, {
      "d" : "1756459171956953011",
      "t" : 1756459171956,
      "tn" : 1756459171956953011,
      "q" : "5.82",
      "p" : "2.7601",
      "s" : "sell",
      "i" : "BERA_USD",
      "m" : "4611686018427434170"
    }, {
      "d" : "1756459171955342008",
      "t" : 1756459171955,
      "tn" : 1756459171955342008,
      "q" : "1.68",
      "p" : "2.7601",
      "s" : "sell",
      "i" : "BERA_USD",
      "m" : "4611686018427434169"
    }, {
      "d" : "1756458581671362139",
      "t" : 1756458581671,
      "tn" : 1756458581671362139,
      "q" : "3.60",
      "p" : "2.7644",
      "s" : "buy",
      "i" : "BERA_USD",
      "m" : "4611686018427434168"
    }, {
      "d" : "1756458562938157509",
      "t" : 1756458562938,
      "tn" : 1756458562938157509,
      "q" : "7.20",
      "p" : "2.7613",
      "s" : "buy",
      "i" : "BERA_USD",
      "m" : "4611686018427434167"
    }, {
      "d" : "1756458561824870321",
      "t" : 1756458561824,
      "tn" : 1756458561824870321,
      "q" : "7.20",
      "p" : "2.7614",
      "s" : "buy",
      "i" : "BERA_USD",
      "m" : "4611686018427434166"
    }, {
      "d" : "1756458341823361184",
      "t" : 1756458341823,
      "tn" : 1756458341823361184,
      "q" : "7.20",
      "p" : "2.7645",
      "s" : "buy",
      "i" : "BERA_USD",
      "m" : "4611686018427434165"
    }, {
      "d" : "1756458301873003740",
      "t" : 1756458301873,
      "tn" : 1756458301873003740,
      "q" : "7.20",
      "p" : "2.7628",
      "s" : "buy",
      "i" : "BERA_USD",
      "m" : "4611686018427434164"
    }, {
      "d" : "1756458241831605745",
      "t" : 1756458241831,
      "tn" : 1756458241831605745,
      "q" : "3.60",
      "p" : "2.7648",
      "s" : "buy",
      "i" : "BERA_USD",
      "m" : "4611686018427434163"
    }, {
      "d" : "1756458211665544498",
      "t" : 1756458211665,
      "tn" : 1756458211665544498,
      "q" : "3.60",
      "p" : "2.7576",
      "s" : "buy",
      "i" : "BERA_USD",
      "m" : "4611686018427434162"
    }, {
      "d" : "1756458191668981763",
      "t" : 1756458191668,
      "tn" : 1756458191668981763,
      "q" : "7.20",
      "p" : "2.7576",
      "s" : "buy",
      "i" : "BERA_USD",
      "m" : "4611686018427434161"
    }, {
      "d" : "1756458131721963763",
      "t" : 1756458131721,
      "tn" : 1756458131721963763,
      "q" : "7.20",
      "p" : "2.7626",
      "s" : "buy",
      "i" : "BERA_USD",
      "m" : "4611686018427434160"
    }, {
      "d" : "1756455925958109142",
      "t" : 1756455925958,
      "tn" : 1756455925958109142,
      "q" : "11.26",
      "p" : "2.7631",
      "s" : "buy",
      "i" : "BERA_USD",
      "m" : "4611686018427434159"
    }, {
      "d" : "1756455925935104540",
      "t" : 1756455925935,
      "tn" : 1756455925935104540,
      "q" : "32.57",
      "p" : "2.7631",
      "s" : "buy",
      "i" : "BERA_USD",
      "m" : "4611686018427434158"
    }, {
      "d" : "1756455925935102261",
      "t" : 1756455925935,
      "tn" : 1756455925935102261,
      "q" : "32.57",
      "p" : "2.7631",
      "s" : "buy",
      "i" : "BERA_USD",
      "m" : "4611686018427434157"
    }, {
      "d" : "1756455925931507979",
      "t" : 1756455925931,
      "tn" : 1756455925931507979,
      "q" : "31.14",
      "p" : "2.7631",
      "s" : "buy",
      "i" : "BERA_USD",
      "m" : "4611686018427434156"
    }, {
      "d" : "1756455925931505685",
      "t" : 1756455925931,
      "tn" : 1756455925931505685,
      "q" : "4.97",
      "p" : "2.7630",
      "s" : "buy",
      "i" : "BERA_USD",
      "m" : "4611686018427434155"
    }, {
      "d" : "1756455925926540830",
      "t" : 1756455925926,
      "tn" : 1756455925926540830,
      "q" : "2.17",
      "p" : "2.7630",
      "s" : "buy",
      "i" : "BERA_USD",
      "m" : "4611686018427434154"
    }, {
      "d" : "1756449739973003080",
      "t" : 1756449739973,
      "tn" : 1756449739973003080,
      "q" : "4.26",
      "p" : "2.7239",
      "s" : "buy",
      "i" : "BERA_USD",
      "m" : "4611686018427434153"
    }, {
      "d" : "1756449739030274815",
      "t" : 1756449739030,
      "tn" : 1756449739030274815,
      "q" : "7.20",
      "p" : "2.7231",
      "s" : "buy",
      "i" : "BERA_USD",
      "m" : "4611686018427434152"
    }, {
      "d" : "1756448105319328689",
      "t" : 1756448105319,
      "tn" : 1756448105319328689,
      "q" : "7.20",
      "p" : "2.7237",
      "s" : "buy",
      "i" : "BERA_USD",
      "m" : "4611686018427434151"
    }, {
      "d" : "1756446004514524196",
      "t" : 1756446004514,
      "tn" : 1756446004514524196,
      "q" : "7.20",
      "p" : "2.7405",
      "s" : "buy",
      "i" : "BERA_USD",
      "m" : "4611686018427434150"
    }, {
      "d" : "1756445483332083575",
      "t" : 1756445483332,
      "tn" : 1756445483332083575,
      "q" : "7.20",
      "p" : "2.7326",
      "s" : "buy",
      "i" : "BERA_USD",
      "m" : "4611686018427434149"
    }, {
      "d" : "1756444812633449277",
      "t" : 1756444812633,
      "tn" : 1756444812633449277,
      "q" : "7.20",
      "p" : "2.7383",
      "s" : "buy",
      "i" : "BERA_USD",
      "m" : "4611686018427434148"
    }, {
      "d" : "1756444421198674340",
      "t" : 1756444421198,
      "tn" : 1756444421198674340,
      "q" : "7.20",
      "p" : "2.7426",
      "s" : "buy",
      "i" : "BERA_USD",
      "m" : "4611686018427434147"
    }, {
      "d" : "1756442847432939006",
      "t" : 1756442847432,
      "tn" : 1756442847432939006,
      "q" : "16.02",
      "p" : "2.7479",
      "s" : "sell",
      "i" : "BERA_USD",
      "m" : "4611686018427434146"
    }, {
      "d" : "1756442847371224628",
      "t" : 1756442847371,
      "tn" : 1756442847371224628,
      "q" : "5.08",
      "p" : "2.7479",
      "s" : "sell",
      "i" : "BERA_USD",
      "m" : "4611686018427434145"
    }, {
      "d" : "1756442649494372277",
      "t" : 1756442649494,
      "tn" : 1756442649494372277,
      "q" : "3.60",
      "p" : "2.7560",
      "s" : "buy",
      "i" : "BERA_USD",
      "m" : "4611686018427434144"
    }, {
      "d" : "1756442645835987734",
      "t" : 1756442645835,
      "tn" : 1756442645835987734,
      "q" : "7.16",
      "p" : "2.7545",
      "s" : "buy",
      "i" : "BERA_USD",
      "m" : "4611686018427434143"
    }, {
      "d" : "1756440948182818811",
      "t" : 1756440948182,
      "tn" : 1756440948182818811,
      "q" : "0.84",
      "p" : "2.7279",
      "s" : "buy",
      "i" : "BERA_USD",
      "m" : "4611686018427434142"
    }, {
      "d" : "1756440947849638420",
      "t" : 1756440947849,
      "tn" : 1756440947849638420,
      "q" : "3.10",
      "p" : "2.7279",
      "s" : "buy",
      "i" : "BERA_USD",
      "m" : "4611686018427434141"
    }, {
      "d" : "1756440113751002384",
      "t" : 1756440113751,
      "tn" : 1756440113751002384,
      "q" : "7.20",
      "p" : "2.7433",
      "s" : "buy",
      "i" : "BERA_USD",
      "m" : "4611686018427434140"
    }, {
      "d" : "1756439886873539765",
      "t" : 1756439886873,
      "tn" : 1756439886873539765,
      "q" : "7.20",
      "p" : "2.7400",
      "s" : "buy",
      "i" : "BERA_USD",
      "m" : "4611686018427434139"
    }, {
      "d" : "1756439352221189539",
      "t" : 1756439352221,
      "tn" : 1756439352221189539,
      "q" : "7.20",
      "p" : "2.7322",
      "s" : "buy",
      "i" : "BERA_USD",
      "m" : "4611686018427434138"
    }, {
      "d" : "1756438996690972752",
      "t" : 1756438996690,
      "tn" : 1756438996690972752,
      "q" : "7.20",
      "p" : "2.7325",
      "s" : "buy",
      "i" : "BERA_USD",
      "m" : "4611686018427434137"
    }, {
      "d" : "1756438684068122389",
      "t" : 1756438684068,
      "tn" : 1756438684068122389,
      "q" : "7.20",
      "p" : "2.7318",
      "s" : "buy",
      "i" : "BERA_USD",
      "m" : "4611686018427434136"
    }, {
      "d" : "1756437784339282484",
      "t" : 1756437784339,
      "tn" : 1756437784339282484,
      "q" : "3.46",
      "p" : "2.7337",
      "s" : "sell",
      "i" : "BERA_USD",
      "m" : "4611686018427434135"
    }, {
      "d" : "1756436640596923310",
      "t" : 1756436640596,
      "tn" : 1756436640596923310,
      "q" : "7.20",
      "p" : "2.7638",
      "s" : "buy",
      "i" : "BERA_USD",
      "m" : "4611686018427434134"
    }, {
      "d" : "1756435165559121142",
      "t" : 1756435165559,
      "tn" : 1756435165559121142,
      "q" : "6.11",
      "p" : "2.7594",
      "s" : "buy",
      "i" : "BERA_USD",
      "m" : "4611686018427434133"
    }, {
      "d" : "1756434755610272246",
      "t" : 1756434755610,
      "tn" : 1756434755610272246,
      "q" : "1.09",
      "p" : "2.7438",
      "s" : "buy",
      "i" : "BERA_USD",
      "m" : "4611686018427434132"
    }, {
      "d" : "1756433886525044361",
      "t" : 1756433886525,
      "tn" : 1756433886525044361,
      "q" : "1.25",
      "p" : "2.7393",
      "s" : "sell",
      "i" : "BERA_USD",
      "m" : "4611686018427434131"
    }, {
      "d" : "1756433633403967505",
      "t" : 1756433633403,
      "tn" : 1756433633403967505,
      "q" : "7.20",
      "p" : "2.7482",
      "s" : "buy",
      "i" : "BERA_USD",
      "m" : "4611686018427434130"
    }, {
      "d" : "1756433256407635466",
      "t" : 1756433256407,
      "tn" : 1756433256407635466,
      "q" : "7.20",
      "p" : "2.7557",
      "s" : "buy",
      "i" : "BERA_USD",
      "m" : "4611686018427434129"
    }, {
      "d" : "1756432839915748965",
      "t" : 1756432839915,
      "tn" : 1756432839915748965,
      "q" : "3.60",
      "p" : "2.7415",
      "s" : "buy",
      "i" : "BERA_USD",
      "m" : "4611686018427434128"
    }, {
      "d" : "1756432830070193295",
      "t" : 1756432830070,
      "tn" : 1756432830070193295,
      "q" : "7.20",
      "p" : "2.7390",
      "s" : "buy",
      "i" : "BERA_USD",
      "m" : "4611686018427434127"
    }, {
      "d" : "1756431062140147669",
      "t" : 1756431062140,
      "tn" : 1756431062140147669,
      "q" : "7.20",
      "p" : "2.7450",
      "s" : "buy",
      "i" : "BERA_USD",
      "m" : "4611686018427434126"
    }, {
      "d" : "1756431025911108835",
      "t" : 1756431025911,
      "tn" : 1756431025911108835,
      "q" : "7.20",
      "p" : "2.7434",
      "s" : "buy",
      "i" : "BERA_USD",
      "m" : "4611686018427434125"
    }, {
      "d" : "1756430106550193509",
      "t" : 1756430106550,
      "tn" : 1756430106550193509,
      "q" : "7.18",
      "p" : "2.7446",
      "s" : "buy",
      "i" : "BERA_USD",
      "m" : "4611686018427434124"
    }, {
      "d" : "1756429671565808741",
      "t" : 1756429671565,
      "tn" : 1756429671565808741,
      "q" : "2.82",
      "p" : "2.7455",
      "s" : "buy",
      "i" : "BERA_USD",
      "m" : "4611686018427434123"
    }, {
      "d" : "1756429622770475521",
      "t" : 1756429622770,
      "tn" : 1756429622770475521,
      "q" : "1.65",
      "p" : "2.7439",
      "s" : "buy",
      "i" : "BERA_USD",
      "m" : "4611686018427434122"
    }, {
      "d" : "1756429622761295840",
      "t" : 1756429622761,
      "tn" : 1756429622761295840,
      "q" : "4.65",
      "p" : "2.7439",
      "s" : "buy",
      "i" : "BERA_USD",
      "m" : "4611686018427434121"
    }, {
      "d" : "1756429450056917969",
      "t" : 1756429450056,
      "tn" : 1756429450056917969,
      "q" : "0.85",
      "p" : "2.7444",
      "s" : "buy",
      "i" : "BERA_USD",
      "m" : "4611686018427434120"
    }, {
      "d" : "1756429349606871930",
      "t" : 1756429349606,
      "tn" : 1756429349606871930,
      "q" : "73.01",
      "p" : "2.7377",
      "s" : "buy",
      "i" : "BERA_USD",
      "m" : "4611686018427434119"
    }, {
      "d" : "1756429206578055731",
      "t" : 1756429206578,
      "tn" : 1756429206578055731,
      "q" : "3.55",
      "p" : "2.7326",
      "s" : "buy",
      "i" : "BERA_USD",
      "m" : "4611686018427434118"
    }, {
      "d" : "1756429202853169115",
      "t" : 1756429202853,
      "tn" : 1756429202853169115,
      "q" : "5.43",
      "p" : "2.7314",
      "s" : "buy",
      "i" : "BERA_USD",
      "m" : "4611686018427434117"
    }, {
      "d" : "1756429202824013491",
      "t" : 1756429202824,
      "tn" : 1756429202824013491,
      "q" : "1.77",
      "p" : "2.7314",
      "s" : "buy",
      "i" : "BERA_USD",
      "m" : "4611686018427434116"
    }, {
      "d" : "1756428912100672416",
      "t" : 1756428912100,
      "tn" : 1756428912100672416,
      "q" : "5.43",
      "p" : "2.7246",
      "s" : "buy",
      "i" : "BERA_USD",
      "m" : "4611686018427434115"
    }, {
      "d" : "1756428293561848751",
      "t" : 1756428293561,
      "tn" : 1756428293561848751,
      "q" : "4.76",
      "p" : "2.7256",
      "s" : "sell",
      "i" : "BERA_USD",
      "m" : "4611686018427434114"
    }, {
      "d" : "1756428293510029461",
      "t" : 1756428293510,
      "tn" : 1756428293510029461,
      "q" : "1.40",
      "p" : "2.7288",
      "s" : "sell",
      "i" : "BERA_USD",
      "m" : "4611686018427434113"
    }, {
      "d" : "1756428177964787381",
      "t" : 1756428177964,
      "tn" : 1756428177964787381,
      "q" : "1.77",
      "p" : "2.7434",
      "s" : "buy",
      "i" : "BERA_USD",
      "m" : "4611686018427434112"
    }, {
      "d" : "1756427949321394686",
      "t" : 1756427949321,
      "tn" : 1756427949321394686,
      "q" : "7.20",
      "p" : "2.7394",
      "s" : "buy",
      "i" : "BERA_USD",
      "m" : "4611686018427434111"
    }, {
      "d" : "1756427838171031508",
      "t" : 1756427838171,
      "tn" : 1756427838171031508,
      "q" : "7.20",
      "p" : "2.7395",
      "s" : "buy",
      "i" : "BERA_USD",
      "m" : "4611686018427434110"
    }, {
      "d" : "1756427580586796387",
      "t" : 1756427580586,
      "tn" : 1756427580586796387,
      "q" : "7.20",
      "p" : "2.7388",
      "s" : "buy",
      "i" : "BERA_USD",
      "m" : "4611686018427434109"
    }, {
      "d" : "1756426936047131540",
      "t" : 1756426936047,
      "tn" : 1756426936047131540,
      "q" : "65.11",
      "p" : "2.7657",
      "s" : "buy",
      "i" : "BERA_USD",
      "m" : "4611686018427434108"
    }, {
      "d" : "1756426936047129411",
      "t" : 1756426936047,
      "tn" : 1756426936047129411,
      "q" : "7.20",
      "p" : "2.7655",
      "s" : "buy",
      "i" : "BERA_USD",
      "m" : "4611686018427434107"
    }, {
      "d" : "1756426443111078179",
      "t" : 1756426443111,
      "tn" : 1756426443111078179,
      "q" : "3.85",
      "p" : "2.7720",
      "s" : "buy",
      "i" : "BERA_USD",
      "m" : "4611686018427434106"
    }, {
      "d" : "1756426442579074929",
      "t" : 1756426442579,
      "tn" : 1756426442579074929,
      "q" : "3.35",
      "p" : "2.7699",
      "s" : "buy",
      "i" : "BERA_USD",
      "m" : "4611686018427434105"
    }, {
      "d" : "1756426375458798332",
      "t" : 1756426375458,
      "tn" : 1756426375458798332,
      "q" : "3.84",
      "p" : "2.7785",
      "s" : "sell",
      "i" : "BERA_USD",
      "m" : "4611686018427434104"
    }, {
      "d" : "1756425967139070814",
      "t" : 1756425967139,
      "tn" : 1756425967139070814,
      "q" : "3.60",
      "p" : "2.8099",
      "s" : "sell",
      "i" : "BERA_USD",
      "m" : "4611686018427434103"
    }, {
      "d" : "1756425956917703044",
      "t" : 1756425956917,
      "tn" : 1756425956917703044,
      "q" : "7.17",
      "p" : "2.8177",
      "s" : "buy",
      "i" : "BERA_USD",
      "m" : "4611686018427434102"
    }, {
      "d" : "1756425906374897090",
      "t" : 1756425906374,
      "tn" : 1756425906374897090,
      "q" : "6.20",
      "p" : "2.8010",
      "s" : "buy",
      "i" : "BERA_USD",
      "m" : "4611686018427434101"
    }, {
      "d" : "1756425764864167733",
      "t" : 1756425764864,
      "tn" : 1756425764864167733,
      "q" : "1.63",
      "p" : "2.8443",
      "s" : "buy",
      "i" : "BERA_USD",
      "m" : "4611686018427434100"
    }, {
      "d" : "1756425632372806072",
      "t" : 1756425632372,
      "tn" : 1756425632372806072,
      "q" : "1.70",
      "p" : "2.8062",
      "s" : "buy",
      "i" : "BERA_USD",
      "m" : "4611686018427434099"
    }, {
      "d" : "1756425626991704635",
      "t" : 1756425626991,
      "tn" : 1756425626991704635,
      "q" : "3.39",
      "p" : "2.7903",
      "s" : "sell",
      "i" : "BERA_USD",
      "m" : "4611686018427434098"
    }, {
      "d" : "1756425626924976542",
      "t" : 1756425626924,
      "tn" : 1756425626924976542,
      "q" : "6.26",
      "p" : "2.7903",
      "s" : "sell",
      "i" : "BERA_USD",
      "m" : "4611686018427434097"
    }, {
      "d" : "1756425626787277931",
      "t" : 1756425626787,
      "tn" : 1756425626787277931,
      "q" : "1.28",
      "p" : "2.7903",
      "s" : "sell",
      "i" : "BERA_USD",
      "m" : "4611686018427434096"
    }, {
      "d" : "1756425617215856670",
      "t" : 1756425617215,
      "tn" : 1756425617215856670,
      "q" : "5.94",
      "p" : "2.8186",
      "s" : "buy",
      "i" : "BERA_USD",
      "m" : "4611686018427434095"
    }, {
      "d" : "1756425617215417995",
      "t" : 1756425617215,
      "tn" : 1756425617215417995,
      "q" : "1.26",
      "p" : "2.8186",
      "s" : "buy",
      "i" : "BERA_USD",
      "m" : "4611686018427434094"
    }, {
      "d" : "1756425391920313217",
      "t" : 1756425391920,
      "tn" : 1756425391920313217,
      "q" : "7.20",
      "p" : "2.8382",
      "s" : "buy",
      "i" : "BERA_USD",
      "m" : "4611686018427434093"
    }, {
      "d" : "1756425157037733739",
      "t" : 1756425157037,
      "tn" : 1756425157037733739,
      "q" : "1.35",
      "p" : "2.8213",
      "s" : "sell",
      "i" : "BERA_USD",
      "m" : "4611686018427434092"
    }, {
      "d" : "1756424668738953103",
      "t" : 1756424668738,
      "tn" : 1756424668738953103,
      "q" : "7.20",
      "p" : "2.8337",
      "s" : "buy",
      "i" : "BERA_USD",
      "m" : "4611686018427434091"
    }, {
      "d" : "1756424569223124388",
      "t" : 1756424569223,
      "tn" : 1756424569223124388,
      "q" : "63.08",
      "p" : "2.8469",
      "s" : "buy",
      "i" : "BERA_USD",
      "m" : "4611686018427434090"
    }, {
      "d" : "1756424569223122454",
      "t" : 1756424569223,
      "tn" : 1756424569223122454,
      "q" : "3.53",
      "p" : "2.8468",
      "s" : "buy",
      "i" : "BERA_USD",
      "m" : "4611686018427434089"
    }, {
      "d" : "1756424569222152354",
      "t" : 1756424569222,
      "tn" : 1756424569222152354,
      "q" : "3.60",
      "p" : "2.8410",
      "s" : "buy",
      "i" : "BERA_USD",
      "m" : "4611686018427434088"
    }, {
      "d" : "1756424562452013057",
      "t" : 1756424562452,
      "tn" : 1756424562452013057,
      "q" : "4.01",
      "p" : "2.8341",
      "s" : "buy",
      "i" : "BERA_USD",
      "m" : "4611686018427434087"
    }, {
      "d" : "1756424562451776782",
      "t" : 1756424562451,
      "tn" : 1756424562451776782,
      "q" : "2.11",
      "p" : "2.8341",
      "s" : "buy",
      "i" : "BERA_USD",
      "m" : "4611686018427434086"
    }, {
      "d" : "1756424562448847531",
      "t" : 1756424562448,
      "tn" : 1756424562448847531,
      "q" : "1.08",
      "p" : "2.8341",
      "s" : "buy",
      "i" : "BERA_USD",
      "m" : "4611686018427434085"
    }, {
      "d" : "1756424538700675807",
      "t" : 1756424538700,
      "tn" : 1756424538700675807,
      "q" : "3.16",
      "p" : "2.8306",
      "s" : "sell",
      "i" : "BERA_USD",
      "m" : "4611686018427434084"
    }, {
      "d" : "1756424317044515082",
      "t" : 1756424317044,
      "tn" : 1756424317044515082,
      "q" : "0.11",
      "p" : "2.8196",
      "s" : "buy",
      "i" : "BERA_USD",
      "m" : "4611686018427434083"
    }, {
      "d" : "1756424317040334127",
      "t" : 1756424317040,
      "tn" : 1756424317040334127,
      "q" : "7.09",
      "p" : "2.8196",
      "s" : "buy",
      "i" : "BERA_USD",
      "m" : "4611686018427434082"
    }, {
      "d" : "1756424275938107147",
      "t" : 1756424275938,
      "tn" : 1756424275938107147,
      "q" : "22.64",
      "p" : "2.8179",
      "s" : "buy",
      "i" : "BERA_USD",
      "m" : "4611686018427434081"
    }, {
      "d" : "1756424275938105428",
      "t" : 1756424275938,
      "tn" : 1756424275938105428,
      "q" : "7.20",
      "p" : "2.8140",
      "s" : "buy",
      "i" : "BERA_USD",
      "m" : "4611686018427434080"
    }, {
      "d" : "1756424275938102763",
      "t" : 1756424275938,
      "tn" : 1756424275938102763,
      "q" : "41.17",
      "p" : "2.8123",
      "s" : "buy",
      "i" : "BERA_USD",
      "m" : "4611686018427434079"
    }, {
      "d" : "1756424275937701430",
      "t" : 1756424275937,
      "tn" : 1756424275937701430,
      "q" : "2.89",
      "p" : "2.8123",
      "s" : "buy",
      "i" : "BERA_USD",
      "m" : "4611686018427434078"
    }, {
      "d" : "1756424234146463260",
      "t" : 1756424234146,
      "tn" : 1756424234146463260,
      "q" : "71.11",
      "p" : "2.8123",
      "s" : "buy",
      "i" : "BERA_USD",
      "m" : "4611686018427434077"
    }, {
      "d" : "1756424233443253876",
      "t" : 1756424233443,
      "tn" : 1756424233443253876,
      "q" : "71.11",
      "p" : "2.8123",
      "s" : "buy",
      "i" : "BERA_USD",
      "m" : "4611686018427434076"
    }, {
      "d" : "1756424225277433003",
      "t" : 1756424225277,
      "tn" : 1756424225277433003,
      "q" : "71.11",
      "p" : "2.8123",
      "s" : "buy",
      "i" : "BERA_USD",
      "m" : "4611686018427434075"
    }, {
      "d" : "1756424220019194259",
      "t" : 1756424220019,
      "tn" : 1756424220019194259,
      "q" : "71.11",
      "p" : "2.8123",
      "s" : "buy",
      "i" : "BERA_USD",
      "m" : "4611686018427434074"
    }, {
      "d" : "1756424172591870396",
      "t" : 1756424172591,
      "tn" : 1756424172591870396,
      "q" : "0.18",
      "p" : "2.7901",
      "s" : "buy",
      "i" : "BERA_USD",
      "m" : "4611686018427434073"
    }, {
      "d" : "1756424172591861851",
      "t" : 1756424172591,
      "tn" : 1756424172591861851,
      "q" : "21.50",
      "p" : "2.7901",
      "s" : "buy",
      "i" : "BERA_USD",
      "m" : "4611686018427434072"
    }, {
      "d" : "1756424172587131443",
      "t" : 1756424172587,
      "tn" : 1756424172587131443,
      "q" : "273.37",
      "p" : "2.7910",
      "s" : "sell",
      "i" : "BERA_USD",
      "m" : "4611686018427434071"
    }, {
      "d" : "1756424172587129318",
      "t" : 1756424172587,
      "tn" : 1756424172587129318,
      "q" : "1.52",
      "p" : "2.7911",
      "s" : "sell",
      "i" : "BERA_USD",
      "m" : "4611686018427434070"
    }, {
      "d" : "1756424172587127834",
      "t" : 1756424172587,
      "tn" : 1756424172587127834,
      "q" : "106.24",
      "p" : "2.8130",
      "s" : "sell",
      "i" : "BERA_USD",
      "m" : "4611686018427434069"
    }, {
      "d" : "1756424172587125225",
      "t" : 1756424172587,
      "tn" : 1756424172587125225,
      "q" : "367.97",
      "p" : "2.8131",
      "s" : "sell",
      "i" : "BERA_USD",
      "m" : "4611686018427434068"
    }, {
      "d" : "1756424172587121925",
      "t" : 1756424172587,
      "tn" : 1756424172587121925,
      "q" : "3.56",
      "p" : "2.8132",
      "s" : "sell",
      "i" : "BERA_USD",
      "m" : "4611686018427434067"
    }, {
      "d" : "1756422998045995441",
      "t" : 1756422998045,
      "tn" : 1756422998045995441,
      "q" : "2.05",
      "p" : "2.8258",
      "s" : "sell",
      "i" : "BERA_USD",
      "m" : "4611686018427434066"
    }, {
      "d" : "1756422382013547519",
      "t" : 1756422382013,
      "tn" : 1756422382013547519,
      "q" : "7.20",
      "p" : "2.8277",
      "s" : "buy",
      "i" : "BERA_USD",
      "m" : "4611686018427434065"
    }, {
      "d" : "1756422248628894647",
      "t" : 1756422248628,
      "tn" : 1756422248628894647,
      "q" : "7.20",
      "p" : "2.8231",
      "s" : "buy",
      "i" : "BERA_USD",
      "m" : "4611686018427434064"
    }, {
      "d" : "1756421700643120670",
      "t" : 1756421700643,
      "tn" : 1756421700643120670,
      "q" : "7.20",
      "p" : "2.8368",
      "s" : "buy",
      "i" : "BERA_USD",
      "m" : "4611686018427434063"
    }, {
      "d" : "1756421289993467335",
      "t" : 1756421289993,
      "tn" : 1756421289993467335,
      "q" : "7.20",
      "p" : "2.8178",
      "s" : "buy",
      "i" : "BERA_USD",
      "m" : "4611686018427434062"
    }, {
      "d" : "1756420841273163843",
      "t" : 1756420841273,
      "tn" : 1756420841273163843,
      "q" : "0.04",
      "p" : "2.7933",
      "s" : "buy",
      "i" : "BERA_USD",
      "m" : "4611686018427434061"
    }, {
      "d" : "1756420841270612170",
      "t" : 1756420841270,
      "tn" : 1756420841270612170,
      "q" : "7.16",
      "p" : "2.7933",
      "s" : "buy",
      "i" : "BERA_USD",
      "m" : "4611686018427434060"
    }, {
      "d" : "1756420013221754161",
      "t" : 1756420013221,
      "tn" : 1756420013221754161,
      "q" : "7.20",
      "p" : "2.7871",
      "s" : "buy",
      "i" : "BERA_USD",
      "m" : "4611686018427434059"
    }, {
      "d" : "1756420013078535116",
      "t" : 1756420013078,
      "tn" : 1756420013078535116,
      "q" : "8.20",
      "p" : "2.7866",
      "s" : "buy",
      "i" : "BERA_USD",
      "m" : "4611686018427434058"
    }, {
      "d" : "1756420013078151457",
      "t" : 1756420013078,
      "tn" : 1756420013078151457,
      "q" : "63.81",
      "p" : "2.7866",
      "s" : "buy",
      "i" : "BERA_USD",
      "m" : "4611686018427434057"
    }, {
      "d" : "1756419942661212363",
      "t" : 1756419942661,
      "tn" : 1756419942661212363,
      "q" : "1.27",
      "p" : "2.7852",
      "s" : "buy",
      "i" : "BERA_USD",
      "m" : "4611686018427434056"
    }, {
      "d" : "1756419942542742529",
      "t" : 1756419942542,
      "tn" : 1756419942542742529,
      "q" : "4.66",
      "p" : "2.7852",
      "s" : "buy",
      "i" : "BERA_USD",
      "m" : "4611686018427434055"
    }, {
      "d" : "1756419942541021337",
      "t" : 1756419942541,
      "tn" : 1756419942541021337,
      "q" : "1.27",
      "p" : "2.7852",
      "s" : "buy",
      "i" : "BERA_USD",
      "m" : "4611686018427434054"
    }, {
      "d" : "1756418911245480321",
      "t" : 1756418911245,
      "tn" : 1756418911245480321,
      "q" : "62.01",
      "p" : "2.7878",
      "s" : "buy",
      "i" : "BERA_USD",
      "m" : "4611686018427434053"
    }, {
      "d" : "1756418242902817794",
      "t" : 1756418242902,
      "tn" : 1756418242902817794,
      "q" : "7.20",
      "p" : "2.7877",
      "s" : "buy",
      "i" : "BERA_USD",
      "m" : "4611686018427434052"
    }, {
      "d" : "1756418065359656408",
      "t" : 1756418065359,
      "tn" : 1756418065359656408,
      "q" : "1.86",
      "p" : "2.7744",
      "s" : "sell",
      "i" : "BERA_USD",
      "m" : "4611686018427434051"
    }, {
      "d" : "1756418065358979189",
      "t" : 1756418065358,
      "tn" : 1756418065358979189,
      "q" : "6.36",
      "p" : "2.7744",
      "s" : "sell",
      "i" : "BERA_USD",
      "m" : "4611686018427434050"
    }, {
      "d" : "1756418059809756561",
      "t" : 1756418059809,
      "tn" : 1756418059809756561,
      "q" : "1.23",
      "p" : "2.7657",
      "s" : "buy",
      "i" : "BERA_USD",
      "m" : "4611686018427434049"
    }, {
      "d" : "1756418059807725549",
      "t" : 1756418059807,
      "tn" : 1756418059807725549,
      "q" : "5.89",
      "p" : "2.7657",
      "s" : "buy",
      "i" : "BERA_USD",
      "m" : "4611686018427434048"
    }, {
      "d" : "1756417299087670479",
      "t" : 1756417299087,
      "tn" : 1756417299087670479,
      "q" : "2.48",
      "p" : "2.7490",
      "s" : "buy",
      "i" : "BERA_USD",
      "m" : "4611686018427434047"
    }, {
      "d" : "1756412148538585959",
      "t" : 1756412148538,
      "tn" : 1756412148538585959,
      "q" : "7.20",
      "p" : "2.7389",
      "s" : "buy",
      "i" : "BERA_USD",
      "m" : "4611686018427434046"
    }, {
      "d" : "1756411913413674834",
      "t" : 1756411913413,
      "tn" : 1756411913413674834,
      "q" : "7.20",
      "p" : "2.7336",
      "s" : "buy",
      "i" : "BERA_USD",
      "m" : "4611686018427434045"
    }, {
      "d" : "1756411667330688354",
      "t" : 1756411667330,
      "tn" : 1756411667330688354,
      "q" : "4.30",
      "p" : "2.7304",
      "s" : "sell",
      "i" : "BERA_USD",
      "m" : "4611686018427434044"
    }, {
      "d" : "1756409959333543664",
      "t" : 1756409959333,
      "tn" : 1756409959333543664,
      "q" : "7.20",
      "p" : "2.7403",
      "s" : "buy",
      "i" : "BERA_USD",
      "m" : "4611686018427434043"
    }, {
      "d" : "1756409623958168630",
      "t" : 1756409623958,
      "tn" : 1756409623958168630,
      "q" : "43.00",
      "p" : "2.7405",
      "s" : "buy",
      "i" : "BERA_USD",
      "m" : "4611686018427434042"
    }, {
      "d" : "1756409315508098578",
      "t" : 1756409315508,
      "tn" : 1756409315508098578,
      "q" : "35.01",
      "p" : "2.7069",
      "s" : "sell",
      "i" : "BERA_USD",
      "m" : "4611686018427434041"
    }, {
      "d" : "1756409315508096633",
      "t" : 1756409315508,
      "tn" : 1756409315508096633,
      "q" : "3.62",
      "p" : "2.7070",
      "s" : "sell",
      "i" : "BERA_USD",
      "m" : "4611686018427434040"
    }, {
      "d" : "1756409315508092937",
      "t" : 1756409315508,
      "tn" : 1756409315508092937,
      "q" : "111.37",
      "p" : "2.7369",
      "s" : "sell",
      "i" : "BERA_USD",
      "m" : "4611686018427434039"
    }, {
      "d" : "1756408646440474550",
      "t" : 1756408646440,
      "tn" : 1756408646440474550,
      "q" : "1.40",
      "p" : "2.7433",
      "s" : "sell",
      "i" : "BERA_USD",
      "m" : "4611686018427434038"
    }, {
      "d" : "1756406287611535695",
      "t" : 1756406287611,
      "tn" : 1756406287611535695,
      "q" : "7.20",
      "p" : "2.7617",
      "s" : "buy",
      "i" : "BERA_USD",
      "m" : "4611686018427434037"
    }, {
      "d" : "1756405626777721222",
      "t" : 1756405626777,
      "tn" : 1756405626777721222,
      "q" : "59.01",
      "p" : "2.7852",
      "s" : "buy",
      "i" : "BERA_USD",
      "m" : "4611686018427434036"
    }, {
      "d" : "1756405626777719290",
      "t" : 1756405626777,
      "tn" : 1756405626777719290,
      "q" : "3.60",
      "p" : "2.7602",
      "s" : "buy",
      "i" : "BERA_USD",
      "m" : "4611686018427434035"
    }, {
      "d" : "1756405626777716786",
      "t" : 1756405626777,
      "tn" : 1756405626777716786,
      "q" : "108.18",
      "p" : "2.7597",
      "s" : "buy",
      "i" : "BERA_USD",
      "m" : "4611686018427434034"
    }, {
      "d" : "1756405626777714205",
      "t" : 1756405626777,
      "tn" : 1756405626777714205,
      "q" : "149.21",
      "p" : "2.7596",
      "s" : "buy",
      "i" : "BERA_USD",
      "m" : "4611686018427434033"
    }, {
      "d" : "1756405612198149198",
      "t" : 1756405612198,
      "tn" : 1756405612198149198,
      "q" : "70.88",
      "p" : "2.8122",
      "s" : "buy",
      "i" : "BERA_USD",
      "m" : "4611686018427434032"
    }, {
      "d" : "1756405612198147426",
      "t" : 1756405612198,
      "tn" : 1756405612198147426,
      "q" : "175.18",
      "p" : "2.8056",
      "s" : "buy",
      "i" : "BERA_USD",
      "m" : "4611686018427434031"
    } ]
  }
}