{
  "id" : -1,
  "method" : "public/get-trades",
  "code" : 0,
  "result" : {
    "data" : [ {
      "d" : "1756460018245610602",
      "t" : 1756460018245,
      "tn" : 1756460018245610602,
      "q" : "0.1",
      "p" : "2.7114",
      "s" : "buy",
      "i" : "BERAUSD-PERP",
      "m" : "4611686018427478163"
    }, {
      "d" : "1756460018245608831",
      "t" : 1756460018245,
      "tn" : 1756460018245608831,
      "q" : "0.1",
      "p" : "2.7110",
      "s" : "buy",
      "i" : "BERAUSD-PERP",
      "m" : "4611686018427478162"
    }, {
      "d" : "1756459228164250486",
      "t" : 1756459228164,
      "tn" : 1756459228164250486,
      "q" : "72.6",
      "p" : "2.7500",
      "s" : "sell",
      "i" : "BERAUSD-PERP",
      "m" : "4611686018427478161"
    }, {
      "d" : "1756459228156103727",
      "t" : 1756459228156,
      "tn" : 1756459228156103727,
      "q" : "36.2",
      "p" : "2.7600",
      "s" : "sell",
      "i" : "BERAUSD-PERP",
      "m" : "4611686018427478160"
    }, {
      "d" : "1756459228156101577",
      "t" : 1756459228156,
      "tn" : 1756459228156101577,
      "q" : "0.1",
      "p" : "2.7630",
      "s" : "sell",
      "i" : "BERAUSD-PERP",
      "m" : "4611686018427478159"
    }, {
      "d" : "1756459228156098428",
      "t" : 1756459228156,
      "tn" : 1756459228156098428,
      "q" : "0.1",
      "p" : "2.7642",
      "s" : "sell",
      "i" : "BERAUSD-PERP",
      "m" : "4611686018427478158"
    }, {
      "d" : "1756459171957099003",
      "t" : 1756459171957,
      "tn" : 1756459171957099003,
      "q" : "35.9",
      "p" : "2.7612",
      "s" : "sell",
      "i" : "BERAUSD-PERP",
      "m" : "4611686018427478157"
    }, {
      "d" : "1756459171957097425",
      "t" : 1756459171957,
      "tn" : 1756459171957097425,
      "q" : "0.1",
      "p" : "2.7621",
      "s" : "sell",
      "i" : "BERAUSD-PERP",
      "m" : "4611686018427478156"
    }, {
      "d" : "1756459171957094711",
      "t" : 1756459171957,
      "tn" : 1756459171957094711,
      "q" : "0.1",
      "p" : "2.7632",
      "s" : "sell",
      "i" : "BERAUSD-PERP",
      "m" : "4611686018427478155"
    }, {
      "d" : "1756458774031687081",
      "t" : 1756458774031,
      "tn" : 1756458774031687081,
      "q" : "0.1",
      "p" : "2.7332",
      "s" : "sell",
      "i" : "BERAUSD-PERP",
      "m" : "4611686018427478154"
    }, {
      "d" : "1756458479538154465",
      "t" : 1756458479538,
      "tn" : 1756458479538154465,
      "q" : "0.1",
      "p" : "2.7611",
      "s" : "buy",
      "i" : "BERAUSD-PERP",
      "m" : "4611686018427478153"
    }, {
      "d" : "1756458391423161201",
      "t" : 1756458391423,
      "tn" : 1756458391423161201,
      "q" : "36.1",
      "p" : "2.7624",
      "s" : "sell",
      "i" : "BERAUSD-PERP",
      "m" : "4611686018427478152"
    }, {
      "d" : "1756457920061889704",
      "t" : 1756457920061,
      "tn" : 1756457920061889704,
      "q" : "0.4",
      "p" : "2.7564",
      "s" : "sell",
      "i" : "BERAUSD-PERP",
      "m" : "4611686018427478151"
    }, {
      "d" : "1756457920061887824",
      "t" : 1756457920061,
      "tn" : 1756457920061887824,
      "q" : "18.1",
      "p" : "2.7570",
      "s" : "sell",
      "i" : "BERAUSD-PERP",
      "m" : "4611686018427478150"
    }, {
      "d" : "1756457920061885547",
      "t" : 1756457920061,
      "tn" : 1756457920061885547,
      "q" : "18.1",
      "p" : "2.7576",
      "s" : "sell",
      "i" : "BERAUSD-PERP",
      "m" : "4611686018427478149"
    }, {
      "d" : "1756457920061883504",
      "t" : 1756457920061,
      "tn" : 1756457920061883504,
      "q" : "0.1",
      "p" : "2.7591",
      "s" : "sell",
      "i" : "BERAUSD-PERP",
      "m" : "4611686018427478148"
    }, {
      "d" : "1756457920060684523",
      "t" : 1756457920060,
      "tn" : 1756457920060684523,
      "q" : "35.7",
      "p" : "2.7600",
      "s" : "sell",
      "i" : "BERAUSD-PERP",
      "m" : "4611686018427478147"
    }, {
      "d" : "1756457920060681634",
      "t" : 1756457920060,
      "tn" : 1756457920060681634,
      "q" : "0.1",
      "p" : "2.7603",
      "s" : "sell",
      "i" : "BERAUSD-PERP",
      "m" : "4611686018427478146"
    }, {
      "d" : "1756457889928169458",
      "t" : 1756457889928,
      "tn" : 1756457889928169458,
      "q" : "0.1",
      "p" : "2.7641",
      "s" : "buy",
      "i" : "BERAUSD-PERP",
      "m" : "4611686018427478145"
    }, {
      "d" : "1756457122008227414",
      "t" : 1756457122008,
      "tn" : 1756457122008227414,
      "q" : "0.1",
      "p" : "2.7621",
      "s" : "buy",
      "i" : "BERAUSD-PERP",
      "m" : "4611686018427478144"
    }, {
      "d" : "1756457110168232173",
      "t" : 1756457110168,
      "tn" : 1756457110168232173,
      "q" : "0.1",
      "p" : "2.7621",
      "s" : "buy",
      "i" : "BERAUSD-PERP",
      "m" : "4611686018427478143"
    }, {
      "d" : "1756457099688068753",
      "t" : 1756457099688,
      "tn" : 1756457099688068753,
      "q" : "0.1",
      "p" : "2.7611",
      "s" : "buy",
      "i" : "BERAUSD-PERP",
      "m" : "4611686018427478142"
    }, {
      "d" : "1756457026158148058",
      "t" : 1756457026158,
      "tn" : 1756457026158148058,
      "q" : "0.1",
      "p" : "2.7651",
      "s" : "buy",
      "i" : "BERAUSD-PERP",
      "m" : "4611686018427478141"
    }, {
      "d" : "1756457011918309539",
      "t" : 1756457011918,
      "tn" : 1756457011918309539,
      "q" : "0.1",
      "p" : "2.7630",
      "s" : "buy",
      "i" : "BERAUSD-PERP",
      "m" : "4611686018427478140"
    }, {
      "d" : "1756457011661782143",
      "t" : 1756457011661,
      "tn" : 1756457011661782143,
      "q" : "17.9",
      "p" : "2.7618",
      "s" : "buy",
      "i" : "BERAUSD-PERP",
      "m" : "4611686018427478139"
    }, {
      "d" : "1756457011661780330",
      "t" : 1756457011661,
      "tn" : 1756457011661780330,
      "q" : "0.1",
      "p" : "2.7606",
      "s" : "buy",
      "i" : "BERAUSD-PERP",
      "m" : "4611686018427478138"
    }, {
      "d" : "1756457011661777605",
      "t" : 1756457011661,
      "tn" : 1756457011661777605,
      "q" : "0.1",
      "p" : "2.7600",
      "s" : "buy",
      "i" : "BERAUSD-PERP",
      "m" : "4611686018427478137"
    }, {
      "d" : "1756456943358145738",
      "t" : 1756456943358,
      "tn" : 1756456943358145738,
      "q" : "0.1",
      "p" : "2.7600",
      "s" : "buy",
      "i" : "BERAUSD-PERP",
      "m" : "4611686018427478136"
    }, {
      "d" : "1756456898758116355",
      "t" : 1756456898758,
      "tn" : 1756456898758116355,
      "q" : "0.1",
      "p" : "2.7590",
      "s" : "buy",
      "i" : "BERAUSD-PERP",
      "m" : "4611686018427478135"
    }, {
      "d" : "1756456841458224092",
      "t" : 1756456841458,
      "tn" : 1756456841458224092,
      "q" : "0.1",
      "p" : "2.7570",
      "s" : "buy",
      "i" : "BERAUSD-PERP",
      "m" : "4611686018427478134"
    }, {
      "d" : "1756456727368485030",
      "t" : 1756456727368,
      "tn" : 1756456727368485030,
      "q" : "0.1",
      "p" : "2.7570",
      "s" : "buy",
      "i" : "BERAUSD-PERP",
      "m" : "4611686018427478133"
    }, {
      "d" : "1756456721660104849",
      "t" : 1756456721660,
      "tn" : 1756456721660104849,
      "q" : "35.9",
      "p" : "2.7579",
      "s" : "buy",
      "i" : "BERAUSD-PERP",
      "m" : "4611686018427478132"
    }, {
      "d" : "1756456721660103210",
      "t" : 1756456721660,
      "tn" : 1756456721660103210,
      "q" : "0.1",
      "p" : "2.7558",
      "s" : "buy",
      "i" : "BERAUSD-PERP",
      "m" : "4611686018427478131"
    }, {
      "d" : "1756456721660101239",
      "t" : 1756456721660,
      "tn" : 1756456721660101239,
      "q" : "0.1",
      "p" : "2.7550",
      "s" : "buy",
      "i" : "BERAUSD-PERP",
      "m" : "4611686018427478130"
    }, {
      "d" : "1756456717057932504",
      "t" : 1756456717057,
      "tn" : 1756456717057932504,
      "q" : "36.1",
      "p" : "2.7582",
      "s" : "sell",
      "i" : "BERAUSD-PERP",
      "m" : "4611686018427478129"
    }, {
      "d" : "1756456613458178987",
      "t" : 1756456613458,
      "tn" : 1756456613458178987,
      "q" : "0.1",
      "p" : "2.7610",
      "s" : "buy",
      "i" : "BERAUSD-PERP",
      "m" : "4611686018427478128"
    }, {
      "d" : "1756456228898127652",
      "t" : 1756456228898,
      "tn" : 1756456228898127652,
      "q" : "36.2",
      "p" : "2.7504",
      "s" : "sell",
      "i" : "BERAUSD-PERP",
      "m" : "4611686018427478127"
    }, {
      "d" : "1756456228898125203",
      "t" : 1756456228898,
      "tn" : 1756456228898125203,
      "q" : "0.1",
      "p" : "2.7511",
      "s" : "sell",
      "i" : "BERAUSD-PERP",
      "m" : "4611686018427478126"
    }, {
      "d" : "1756456171064932925",
      "t" : 1756456171064,
      "tn" : 1756456171064932925,
      "q" : "36.2",
      "p" : "2.7570",
      "s" : "sell",
      "i" : "BERAUSD-PERP",
      "m" : "4611686018427478125"
    }, {
      "d" : "1756456074357727244",
      "t" : 1756456074357,
      "tn" : 1756456074357727244,
      "q" : "0.1",
      "p" : "2.7449",
      "s" : "buy",
      "i" : "BERAUSD-PERP",
      "m" : "4611686018427478124"
    }, {
      "d" : "1756456056070396383",
      "t" : 1756456056070,
      "tn" : 1756456056070396383,
      "q" : "36.3",
      "p" : "2.7492",
      "s" : "sell",
      "i" : "BERAUSD-PERP",
      "m" : "4611686018427478123"
    }, {
      "d" : "1756456044276904718",
      "t" : 1756456044276,
      "tn" : 1756456044276904718,
      "q" : "36.0",
      "p" : "2.7582",
      "s" : "sell",
      "i" : "BERAUSD-PERP",
      "m" : "4611686018427478122"
    }, {
      "d" : "1756456041428243801",
      "t" : 1756456041428,
      "tn" : 1756456041428243801,
      "q" : "0.1",
      "p" : "2.7580",
      "s" : "buy",
      "i" : "BERAUSD-PERP",
      "m" : "4611686018427478121"
    }, {
      "d" : "1756456031428142415",
      "t" : 1756456031428,
      "tn" : 1756456031428142415,
      "q" : "0.1",
      "p" : "2.7539",
      "s" : "buy",
      "i" : "BERAUSD-PERP",
      "m" : "4611686018427478120"
    }, {
      "d" : "1756456020577352527",
      "t" : 1756456020577,
      "tn" : 1756456020577352527,
      "q" : "36.3",
      "p" : "2.7546",
      "s" : "sell",
      "i" : "BERAUSD-PERP",
      "m" : "4611686018427478119"
    }, {
      "d" : "1756455989862798555",
      "t" : 1756455989862,
      "tn" : 1756455989862798555,
      "q" : "36.2",
      "p" : "2.7576",
      "s" : "sell",
      "i" : "BERAUSD-PERP",
      "m" : "4611686018427478118"
    }, {
      "d" : "1756455989553908228",
      "t" : 1756455989553,
      "tn" : 1756455989553908228,
      "q" : "36.2",
      "p" : "2.7576",
      "s" : "sell",
      "i" : "BERAUSD-PERP",
      "m" : "4611686018427478117"
    }, {
      "d" : "1756455989240125923",
      "t" : 1756455989240,
      "tn" : 1756455989240125923,
      "q" : "36.2",
      "p" : "2.7576",
      "s" : "sell",
      "i" : "BERAUSD-PERP",
      "m" : "4611686018427478116"
    }, {
      "d" : "1756455988934082004",
      "t" : 1756455988934,
      "tn" : 1756455988934082004,
      "q" : "36.3",
      "p" : "2.7546",
      "s" : "sell",
      "i" : "BERAUSD-PERP",
      "m" : "4611686018427478115"
    }, {
      "d" : "1756455971199856908",
      "t" : 1756455971199,
      "tn" : 1756455971199856908,
      "q" : "36.3",
      "p" : "2.7546",
      "s" : "sell",
      "i" : "BERAUSD-PERP",
      "m" : "4611686018427478114"
    }, {
      "d" : "1756455943964120187",
      "t" : 1756455943964,
      "tn" : 1756455943964120187,
      "q" : "36.3",
      "p" : "2.7486",
      "s" : "sell",
      "i" : "BERAUSD-PERP",
      "m" : "4611686018427478113"
    }, {
      "d" : "1756455938141757957",
      "t" : 1756455938141,
      "tn" : 1756455938141757957,
      "q" : "36.3",
      "p" : "2.7534",
      "s" : "sell",
      "i" : "BERAUSD-PERP",
      "m" : "4611686018427478112"
    }, {
      "d" : "1756455931975955947",
      "t" : 1756455931975,
      "tn" : 1756455931975955947,
      "q" : "36.2",
      "p" : "2.7594",
      "s" : "sell",
      "i" : "BERAUSD-PERP",
      "m" : "4611686018427478111"
    }, {
      "d" : "1756455927562488564",
      "t" : 1756455927562,
      "tn" : 1756455927562488564,
      "q" : "0.1",
      "p" : "2.7684",
      "s" : "buy",
      "i" : "BERAUSD-PERP",
      "m" : "4611686018427478110"
    }, {
      "d" : "1756455927562486241",
      "t" : 1756455927562,
      "tn" : 1756455927562486241,
      "q" : "18.0",
      "p" : "2.7678",
      "s" : "buy",
      "i" : "BERAUSD-PERP",
      "m" : "4611686018427478109"
    }, {
      "d" : "1756455927562483472",
      "t" : 1756455927562,
      "tn" : 1756455927562483472,
      "q" : "36.1",
      "p" : "2.7627",
      "s" : "buy",
      "i" : "BERAUSD-PERP",
      "m" : "4611686018427478108"
    }, {
      "d" : "1756455926277101431",
      "t" : 1756455926277,
      "tn" : 1756455926277101431,
      "q" : "36.1",
      "p" : "2.7636",
      "s" : "sell",
      "i" : "BERAUSD-PERP",
      "m" : "4611686018427478107"
    }, {
      "d" : "1756455925963565805",
      "t" : 1756455925963,
      "tn" : 1756455925963565805,
      "q" : "36.0",
      "p" : "2.7738",
      "s" : "sell",
      "i" : "BERAUSD-PERP",
      "m" : "4611686018427478106"
    }, {
      "d" : "1756455925937193678",
      "t" : 1756455925937,
      "tn" : 1756455925937193678,
      "q" : "54.2",
      "p" : "2.7661",
      "s" : "buy",
      "i" : "BERAUSD-PERP",
      "m" : "4611686018427478105"
    }, {
      "d" : "1756455925933743851",
      "t" : 1756455925933,
      "tn" : 1756455925933743851,
      "q" : "100.0",
      "p" : "2.7661",
      "s" : "buy",
      "i" : "BERAUSD-PERP",
      "m" : "4611686018427478104"
    }, {
      "d" : "1756455925933139365",
      "t" : 1756455925933,
      "tn" : 1756455925933139365,
      "q" : "36.1",
      "p" : "2.7661",
      "s" : "buy",
      "i" : "BERAUSD-PERP",
      "m" : "4611686018427478103"
    }, {
      "d" : "1756455925927672401",
      "t" : 1756455925927,
      "tn" : 1756455925927672401,
      "q" : "123.6",
      "p" : "2.7661",
      "s" : "buy",
      "i" : "BERAUSD-PERP",
      "m" : "4611686018427478102"
    }, {
      "d" : "1756455925927202058",
      "t" : 1756455925927,
      "tn" : 1756455925927202058,
      "q" : "311.3",
      "p" : "2.7646",
      "s" : "buy",
      "i" : "BERAUSD-PERP",
      "m" : "4611686018427478101"
    }, {
      "d" : "1756455925926495038",
      "t" : 1756455925926,
      "tn" : 1756455925926495038,
      "q" : "73.5",
      "p" : "2.7646",
      "s" : "buy",
      "i" : "BERAUSD-PERP",
      "m" : "4611686018427478100"
    }, {
      "d" : "1756455925926493168",
      "t" : 1756455925926,
      "tn" : 1756455925926493168,
      "q" : "18.0",
      "p" : "2.7630",
      "s" : "buy",
      "i" : "BERAUSD-PERP",
      "m" : "4611686018427478099"
    }, {
      "d" : "1756455925926485182",
      "t" : 1756455925926,
      "tn" : 1756455925926485182,
      "q" : "18.1",
      "p" : "2.7624",
      "s" : "buy",
      "i" : "BERAUSD-PERP",
      "m" : "4611686018427478098"
    }, {
      "d" : "1756455925926482727",
      "t" : 1756455925926,
      "tn" : 1756455925926482727,
      "q" : "18.1",
      "p" : "2.7618",
      "s" : "buy",
      "i" : "BERAUSD-PERP",
      "m" : "4611686018427478097"
    }, {
      "d" : "1756455925926479726",
      "t" : 1756455925926,
      "tn" : 1756455925926479725,
      "q" : "18.1",
      "p" : "2.7612",
      "s" : "buy",
      "i" : "BERAUSD-PERP",
      "m" : "4611686018427478096"
    }, {
      "d" : "1756455925926479725",
      "t" : 1756455925926,
      "tn" : 1756455925926479725,
      "q" : "35.9",
      "p" : "2.7612",
      "s" : "buy",
      "i" : "BERAUSD-PERP",
      "m" : "4611686018427478096"
    }, {
      "d" : "1756455925926474716",
      "t" : 1756455925926,
      "tn" : 1756455925926474716,
      "q" : "0.1",
      "p" : "2.7588",
      "s" : "buy",
      "i" : "BERAUSD-PERP",
      "m" : "4611686018427478095"
    }, {
      "d" : "1756455925926471966",
      "t" : 1756455925926,
      "tn" : 1756455925926471966,
      "q" : "0.1",
      "p" : "2.7579",
      "s" : "buy",
      "i" : "BERAUSD-PERP",
      "m" : "4611686018427478094"
    }, {
      "d" : "1756455899788372869",
      "t" : 1756455899788,
      "tn" : 1756455899788372869,
      "q" : "0.1",
      "p" : "2.7619",
      "s" : "buy",
      "i" : "BERAUSD-PERP",
      "m" : "4611686018427478093"
    }, {
      "d" : "1756455889778205246",
      "t" : 1756455889778,
      "tn" : 1756455889778205246,
      "q" : "0.1",
      "p" : "2.7599",
      "s" : "buy",
      "i" : "BERAUSD-PERP",
      "m" : "4611686018427478092"
    }, {
      "d" : "1756455857288114588",
      "t" : 1756455857288,
      "tn" : 1756455857288114588,
      "q" : "0.1",
      "p" : "2.7569",
      "s" : "buy",
      "i" : "BERAUSD-PERP",
      "m" : "4611686018427478091"
    }, {
      "d" : "1756455819578220724",
      "t" : 1756455819578,
      "tn" : 1756455819578220724,
      "q" : "0.1",
      "p" : "2.7619",
      "s" : "buy",
      "i" : "BERAUSD-PERP",
      "m" : "4611686018427478090"
    }, {
      "d" : "1756455790738150461",
      "t" : 1756455790738,
      "tn" : 1756455790738150461,
      "q" : "0.1",
      "p" : "2.7629",
      "s" : "buy",
      "i" : "BERAUSD-PERP",
      "m" : "4611686018427478089"
    }, {
      "d" : "1756455703568306513",
      "t" : 1756455703568,
      "tn" : 1756455703568306513,
      "q" : "0.1",
      "p" : "2.7629",
      "s" : "buy",
      "i" : "BERAUSD-PERP",
      "m" : "4611686018427478088"
    }, {
      "d" : "1756455571758141502",
      "t" : 1756455571758,
      "tn" : 1756455571758141502,
      "q" : "0.1",
      "p" : "2.7629",
      "s" : "buy",
      "i" : "BERAUSD-PERP",
      "m" : "4611686018427478087"
    }, {
      "d" : "1756455386824629862",
      "t" : 1756455386824,
      "tn" : 1756455386824629862,
      "q" : "35.9",
      "p" : "2.7624",
      "s" : "sell",
      "i" : "BERAUSD-PERP",
      "m" : "4611686018427478086"
    }, {
      "d" : "1756455381168162086",
      "t" : 1756455381168,
      "tn" : 1756455381168162086,
      "q" : "0.1",
      "p" : "2.7629",
      "s" : "buy",
      "i" : "BERAUSD-PERP",
      "m" : "4611686018427478085"
    }, {
      "d" : "1756455359198183674",
      "t" : 1756455359198,
      "tn" : 1756455359198183674,
      "q" : "0.1",
      "p" : "2.7569",
      "s" : "buy",
      "i" : "BERAUSD-PERP",
      "m" : "4611686018427478084"
    }, {
      "d" : "1756454303585957810",
      "t" : 1756454303585,
      "tn" : 1756454303585957810,
      "q" : "36.6",
      "p" : "2.7235",
      "s" : "sell",
      "i" : "BERAUSD-PERP",
      "m" : "4611686018427478083"
    }, {
      "d" : "1756454303585955675",
      "t" : 1756454303585,
      "tn" : 1756454303585955675,
      "q" : "0.1",
      "p" : "2.7240",
      "s" : "sell",
      "i" : "BERAUSD-PERP",
      "m" : "4611686018427478082"
    }, {
      "d" : "1756454173453833639",
      "t" : 1756454173453,
      "tn" : 1756454173453833639,
      "q" : "36.7",
      "p" : "2.7155",
      "s" : "sell",
      "i" : "BERAUSD-PERP",
      "m" : "4611686018427478081"
    }, {
      "d" : "1756454173453831736",
      "t" : 1756454173453,
      "tn" : 1756454173453831736,
      "q" : "0.1",
      "p" : "2.7160",
      "s" : "sell",
      "i" : "BERAUSD-PERP",
      "m" : "4611686018427478080"
    }, {
      "d" : "1756454007190877885",
      "t" : 1756454007190,
      "tn" : 1756454007190877885,
      "q" : "36.7",
      "p" : "2.7105",
      "s" : "sell",
      "i" : "BERAUSD-PERP",
      "m" : "4611686018427478079"
    }, {
      "d" : "1756454007190875947",
      "t" : 1756454007190,
      "tn" : 1756454007190875947,
      "q" : "0.1",
      "p" : "2.7110",
      "s" : "sell",
      "i" : "BERAUSD-PERP",
      "m" : "4611686018427478078"
    }, {
      "d" : "1756453967501046361",
      "t" : 1756453967501,
      "tn" : 1756453967501046361,
      "q" : "36.7",
      "p" : "2.7105",
      "s" : "sell",
      "i" : "BERAUSD-PERP",
      "m" : "4611686018427478077"
    }, {
      "d" : "1756453967501044058",
      "t" : 1756453967501,
      "tn" : 1756453967501044058,
      "q" : "0.1",
      "p" : "2.7110",
      "s" : "sell",
      "i" : "BERAUSD-PERP",
      "m" : "4611686018427478076"
    }, {
      "d" : "1756453966832140899",
      "t" : 1756453966832,
      "tn" : 1756453966832140899,
      "q" : "36.7",
      "p" : "2.7115",
      "s" : "sell",
      "i" : "BERAUSD-PERP",
      "m" : "4611686018427478075"
    }, {
      "d" : "1756453966832138721",
      "t" : 1756453966832,
      "tn" : 1756453966832138721,
      "q" : "0.1",
      "p" : "2.7120",
      "s" : "sell",
      "i" : "BERAUSD-PERP",
      "m" : "4611686018427478074"
    }, {
      "d" : "1756453959290099016",
      "t" : 1756453959290,
      "tn" : 1756453959290099016,
      "q" : "18.4",
      "p" : "2.7120",
      "s" : "buy",
      "i" : "BERAUSD-PERP",
      "m" : "4611686018427478073"
    }, {
      "d" : "1756453959290035259",
      "t" : 1756453959290,
      "tn" : 1756453959290035259,
      "q" : "18.4",
      "p" : "2.7115",
      "s" : "buy",
      "i" : "BERAUSD-PERP",
      "m" : "4611686018427478072"
    }, {
      "d" : "1756453959289591528",
      "t" : 1756453959289,
      "tn" : 1756453959289591528,
      "q" : "0.2",
      "p" : "2.7110",
      "s" : "buy",
      "i" : "BERAUSD-PERP",
      "m" : "4611686018427478071"
    }, {
      "d" : "1756453959289588412",
      "t" : 1756453959289,
      "tn" : 1756453959289588412,
      "q" : "18.2",
      "p" : "2.7110",
      "s" : "buy",
      "i" : "BERAUSD-PERP",
      "m" : "4611686018427478070"
    }, {
      "d" : "1756453959289587085",
      "t" : 1756453959289,
      "tn" : 1756453959289587085,
      "q" : "0.2",
      "p" : "2.7108",
      "s" : "buy",
      "i" : "BERAUSD-PERP",
      "m" : "4611686018427478069"
    }, {
      "d" : "1756453959289491152",
      "t" : 1756453959289,
      "tn" : 1756453959289491152,
      "q" : "36.4",
      "p" : "2.7108",
      "s" : "buy",
      "i" : "BERAUSD-PERP",
      "m" : "4611686018427478068"
    }, {
      "d" : "1756453959289489000",
      "t" : 1756453959289,
      "tn" : 1756453959289489000,
      "q" : "0.1",
      "p" : "2.7087",
      "s" : "buy",
      "i" : "BERAUSD-PERP",
      "m" : "4611686018427478067"
    }, {
      "d" : "1756453959289486949",
      "t" : 1756453959289,
      "tn" : 1756453959289486949,
      "q" : "0.1",
      "p" : "2.7078",
      "s" : "buy",
      "i" : "BERAUSD-PERP",
      "m" : "4611686018427478066"
    }, {
      "d" : "1756453958539061364",
      "t" : 1756453958539,
      "tn" : 1756453958539061364,
      "q" : "0.1",
      "p" : "2.7066",
      "s" : "buy",
      "i" : "BERAUSD-PERP",
      "m" : "4611686018427478065"
    }, {
      "d" : "1756453958537216896",
      "t" : 1756453958537,
      "tn" : 1756453958537216896,
      "q" : "18.2",
      "p" : "2.7075",
      "s" : "buy",
      "i" : "BERAUSD-PERP",
      "m" : "4611686018427478064"
    }, {
      "d" : "1756453958537214978",
      "t" : 1756453958537,
      "tn" : 1756453958537214978,
      "q" : "0.1",
      "p" : "2.7057",
      "s" : "buy",
      "i" : "BERAUSD-PERP",
      "m" : "4611686018427478063"
    }, {
      "d" : "1756453958537212569",
      "t" : 1756453958537,
      "tn" : 1756453958537212569,
      "q" : "0.1",
      "p" : "2.7048",
      "s" : "buy",
      "i" : "BERAUSD-PERP",
      "m" : "4611686018427478062"
    }, {
      "d" : "1756453904625074554",
      "t" : 1756453904625,
      "tn" : 1756453904625074554,
      "q" : "18.2",
      "p" : "2.7060",
      "s" : "buy",
      "i" : "BERAUSD-PERP",
      "m" : "4611686018427478061"
    }, {
      "d" : "1756453904625073253",
      "t" : 1756453904625,
      "tn" : 1756453904625073253,
      "q" : "0.2",
      "p" : "2.7055",
      "s" : "buy",
      "i" : "BERAUSD-PERP",
      "m" : "4611686018427478060"
    }, {
      "d" : "1756453904624940194",
      "t" : 1756453904624,
      "tn" : 1756453904624940194,
      "q" : "18.2",
      "p" : "2.7055",
      "s" : "buy",
      "i" : "BERAUSD-PERP",
      "m" : "4611686018427478059"
    }, {
      "d" : "1756453904624938814",
      "t" : 1756453904624,
      "tn" : 1756453904624938814,
      "q" : "0.2",
      "p" : "2.7050",
      "s" : "buy",
      "i" : "BERAUSD-PERP",
      "m" : "4611686018427478058"
    }, {
      "d" : "1756453904624861460",
      "t" : 1756453904624,
      "tn" : 1756453904624861460,
      "q" : "18.2",
      "p" : "2.7050",
      "s" : "buy",
      "i" : "BERAUSD-PERP",
      "m" : "4611686018427478057"
    }, {
      "d" : "1756453904624859766",
      "t" : 1756453904624,
      "tn" : 1756453904624859766,
      "q" : "0.2",
      "p" : "2.7048",
      "s" : "buy",
      "i" : "BERAUSD-PERP",
      "m" : "4611686018427478056"
    }, {
      "d" : "1756453904624631116",
      "t" : 1756453904624,
      "tn" : 1756453904624631116,
      "q" : "36.5",
      "p" : "2.7048",
      "s" : "buy",
      "i" : "BERAUSD-PERP",
      "m" : "4611686018427478055"
    }, {
      "d" : "1756453904624629594",
      "t" : 1756453904624,
      "tn" : 1756453904624629594,
      "q" : "0.2",
      "p" : "2.7045",
      "s" : "buy",
      "i" : "BERAUSD-PERP",
      "m" : "4611686018427478054"
    }, {
      "d" : "1756453904624390538",
      "t" : 1756453904624,
      "tn" : 1756453904624390538,
      "q" : "18.2",
      "p" : "2.7045",
      "s" : "buy",
      "i" : "BERAUSD-PERP",
      "m" : "4611686018427478053"
    }, {
      "d" : "1756453904624388399",
      "t" : 1756453904624,
      "tn" : 1756453904624388399,
      "q" : "0.1",
      "p" : "2.7027",
      "s" : "buy",
      "i" : "BERAUSD-PERP",
      "m" : "4611686018427478052"
    }, {
      "d" : "1756453904624385856",
      "t" : 1756453904624,
      "tn" : 1756453904624385856,
      "q" : "0.1",
      "p" : "2.7018",
      "s" : "buy",
      "i" : "BERAUSD-PERP",
      "m" : "4611686018427478051"
    }, {
      "d" : "1756453763494228057",
      "t" : 1756453763494,
      "tn" : 1756453763494228057,
      "q" : "18.2",
      "p" : "2.7110",
      "s" : "buy",
      "i" : "BERAUSD-PERP",
      "m" : "4611686018427478050"
    }, {
      "d" : "1756453763494226411",
      "t" : 1756453763494,
      "tn" : 1756453763494226411,
      "q" : "0.2",
      "p" : "2.7108",
      "s" : "buy",
      "i" : "BERAUSD-PERP",
      "m" : "4611686018427478049"
    }, {
      "d" : "1756453763494110840",
      "t" : 1756453763494,
      "tn" : 1756453763494110840,
      "q" : "36.6",
      "p" : "2.7108",
      "s" : "buy",
      "i" : "BERAUSD-PERP",
      "m" : "4611686018427478048"
    }, {
      "d" : "1756453763494109339",
      "t" : 1756453763494,
      "tn" : 1756453763494109339,
      "q" : "0.2",
      "p" : "2.7105",
      "s" : "buy",
      "i" : "BERAUSD-PERP",
      "m" : "4611686018427478047"
    }, {
      "d" : "1756453763493663631",
      "t" : 1756453763493,
      "tn" : 1756453763493663631,
      "q" : "18.2",
      "p" : "2.7105",
      "s" : "buy",
      "i" : "BERAUSD-PERP",
      "m" : "4611686018427478046"
    }, {
      "d" : "1756453763493661634",
      "t" : 1756453763493,
      "tn" : 1756453763493661634,
      "q" : "0.1",
      "p" : "2.7087",
      "s" : "buy",
      "i" : "BERAUSD-PERP",
      "m" : "4611686018427478045"
    }, {
      "d" : "1756453763493658837",
      "t" : 1756453763493,
      "tn" : 1756453763493658837,
      "q" : "0.1",
      "p" : "2.7078",
      "s" : "buy",
      "i" : "BERAUSD-PERP",
      "m" : "4611686018427478044"
    }, {
      "d" : "1756453631089011974",
      "t" : 1756453631089,
      "tn" : 1756453631089011974,
      "q" : "0.1",
      "p" : "2.7057",
      "s" : "buy",
      "i" : "BERAUSD-PERP",
      "m" : "4611686018427478043"
    }, {
      "d" : "1756453631089009526",
      "t" : 1756453631089,
      "tn" : 1756453631089009526,
      "q" : "0.1",
      "p" : "2.7048",
      "s" : "buy",
      "i" : "BERAUSD-PERP",
      "m" : "4611686018427478042"
    }, {
      "d" : "1756453593166014972",
      "t" : 1756453593166,
      "tn" : 1756453593166014972,
      "q" : "36.7",
      "p" : "2.7075",
      "s" : "sell",
      "i" : "BERAUSD-PERP",
      "m" : "4611686018427478041"
    }, {
      "d" : "1756453593166013009",
      "t" : 1756453593166,
      "tn" : 1756453593166013009,
      "q" : "0.1",
      "p" : "2.7090",
      "s" : "sell",
      "i" : "BERAUSD-PERP",
      "m" : "4611686018427478040"
    }, {
      "d" : "1756453593166010037",
      "t" : 1756453593166,
      "tn" : 1756453593166010037,
      "q" : "0.1",
      "p" : "2.7099",
      "s" : "sell",
      "i" : "BERAUSD-PERP",
      "m" : "4611686018427478039"
    }, {
      "d" : "1756453572697751456",
      "t" : 1756453572697,
      "tn" : 1756453572697751456,
      "q" : "0.1",
      "p" : "2.7087",
      "s" : "buy",
      "i" : "BERAUSD-PERP",
      "m" : "4611686018427478038"
    }, {
      "d" : "1756453572697749265",
      "t" : 1756453572697,
      "tn" : 1756453572697749265,
      "q" : "0.1",
      "p" : "2.7078",
      "s" : "buy",
      "i" : "BERAUSD-PERP",
      "m" : "4611686018427478037"
    }, {
      "d" : "1756453562297153019",
      "t" : 1756453562297,
      "tn" : 1756453562297153019,
      "q" : "18.4",
      "p" : "2.7040",
      "s" : "buy",
      "i" : "BERAUSD-PERP",
      "m" : "4611686018427478036"
    }, {
      "d" : "1756453562291393785",
      "t" : 1756453562291,
      "tn" : 1756453562291393785,
      "q" : "18.4",
      "p" : "2.7035",
      "s" : "buy",
      "i" : "BERAUSD-PERP",
      "m" : "4611686018427478035"
    }, {
      "d" : "1756453562291390034",
      "t" : 1756453562291,
      "tn" : 1756453562291390034,
      "q" : "18.4",
      "p" : "2.7030",
      "s" : "buy",
      "i" : "BERAUSD-PERP",
      "m" : "4611686018427478034"
    }, {
      "d" : "1756453562290780154",
      "t" : 1756453562290,
      "tn" : 1756453562290780154,
      "q" : "18.5",
      "p" : "2.7025",
      "s" : "buy",
      "i" : "BERAUSD-PERP",
      "m" : "4611686018427478033"
    }, {
      "d" : "1756453562290777885",
      "t" : 1756453562290,
      "tn" : 1756453562290777885,
      "q" : "0.1",
      "p" : "2.7006",
      "s" : "buy",
      "i" : "BERAUSD-PERP",
      "m" : "4611686018427478032"
    }, {
      "d" : "1756453562290775897",
      "t" : 1756453562290,
      "tn" : 1756453562290775897,
      "q" : "0.1",
      "p" : "2.6998",
      "s" : "buy",
      "i" : "BERAUSD-PERP",
      "m" : "4611686018427478031"
    }, {
      "d" : "1756394451101932797",
      "t" : 1756394451101,
      "tn" : 1756394451101932797,
      "q" : "18.2",
      "p" : "2.7025",
      "s" : "sell",
      "i" : "BERAUSD-PERP",
      "m" : "4611686018427478030"
    }, {
      "d" : "1756394451101930942",
      "t" : 1756394451101,
      "tn" : 1756394451101930942,
      "q" : "18.9",
      "p" : "2.7026",
      "s" : "sell",
      "i" : "BERAUSD-PERP",
      "m" : "4611686018427478029"
    }, {
      "d" : "1756394451100503620",
      "t" : 1756394451100,
      "tn" : 1756394451100503620,
      "q" : "0.1",
      "p" : "2.7125",
      "s" : "sell",
      "i" : "BERAUSD-PERP",
      "m" : "4611686018427478028"
    }, {
      "d" : "1756394451100060799",
      "t" : 1756394451100,
      "tn" : 1756394451100060799,
      "q" : "36.6",
      "p" : "2.7125",
      "s" : "sell",
      "i" : "BERAUSD-PERP",
      "m" : "4611686018427478027"
    }, {
      "d" : "1756394451100057755",
      "t" : 1756394451100,
      "tn" : 1756394451100057755,
      "q" : "0.1",
      "p" : "2.7129",
      "s" : "sell",
      "i" : "BERAUSD-PERP",
      "m" : "4611686018427478026"
    }, {
      "d" : "1756394053096117663",
      "t" : 1756394053096,
      "tn" : 1756394053096117663,
      "q" : "0.1",
      "p" : "2.6998",
      "s" : "buy",
      "i" : "BERAUSD-PERP",
      "m" : "4611686018427478025"
    }, {
      "d" : "1756393907645685367",
      "t" : 1756393907645,
      "tn" : 1756393907645685367,
      "q" : "37.0",
      "p" : "2.6946",
      "s" : "buy",
      "i" : "BERAUSD-PERP",
      "m" : "4611686018427478024"
    }, {
      "d" : "1756393773434061512",
      "t" : 1756393773434,
      "tn" : 1756393773434061512,
      "q" : "36.4",
      "p" : "2.7228",
      "s" : "sell",
      "i" : "BERAUSD-PERP",
      "m" : "4611686018427478023"
    }, {
      "d" : "1756393773422444797",
      "t" : 1756393773422,
      "tn" : 1756393773422444797,
      "q" : "36.5",
      "p" : "2.7324",
      "s" : "sell",
      "i" : "BERAUSD-PERP",
      "m" : "4611686018427478022"
    }, {
      "d" : "1756393773422442530",
      "t" : 1756393773422,
      "tn" : 1756393773422442530,
      "q" : "0.1",
      "p" : "2.7348",
      "s" : "sell",
      "i" : "BERAUSD-PERP",
      "m" : "4611686018427478021"
    }, {
      "d" : "1756393773422439255",
      "t" : 1756393773422,
      "tn" : 1756393773422439255,
      "q" : "0.1",
      "p" : "2.7360",
      "s" : "sell",
      "i" : "BERAUSD-PERP",
      "m" : "4611686018427478020"
    }, {
      "d" : "1756390736986281311",
      "t" : 1756390736986,
      "tn" : 1756390736986281311,
      "q" : "17.9",
      "p" : "2.7588",
      "s" : "buy",
      "i" : "BERAUSD-PERP",
      "m" : "4611686018427478019"
    }, {
      "d" : "1756390736986279966",
      "t" : 1756390736986,
      "tn" : 1756390736986279966,
      "q" : "0.2",
      "p" : "2.7582",
      "s" : "buy",
      "i" : "BERAUSD-PERP",
      "m" : "4611686018427478018"
    }, {
      "d" : "1756390736986177469",
      "t" : 1756390736986,
      "tn" : 1756390736986177469,
      "q" : "17.9",
      "p" : "2.7582",
      "s" : "buy",
      "i" : "BERAUSD-PERP",
      "m" : "4611686018427478017"
    }, {
      "d" : "1756390736986175900",
      "t" : 1756390736986,
      "tn" : 1756390736986175900,
      "q" : "0.2",
      "p" : "2.7576",
      "s" : "buy",
      "i" : "BERAUSD-PERP",
      "m" : "4611686018427478016"
    }, {
      "d" : "1756390736985704294",
      "t" : 1756390736985,
      "tn" : 1756390736985704294,
      "q" : "17.9",
      "p" : "2.7576",
      "s" : "buy",
      "i" : "BERAUSD-PERP",
      "m" : "4611686018427478015"
    } ]
  }
}