{
  "id" : -1,
  "method" : "public/get-trades",
  "code" : 0,
  "result" : {
    "data" : [ {
      "d" : "1756460341239682443",
      "t" : 1756460341239,
      "tn" : 1756460341239682443,
      "q" : "1245.0",
      "p" : "0.11012",
      "s" : "buy",
      "i" : "BICO_USD",
      "m" : "4611686018430038254"
    }, {
      "d" : "1756460005562286017",
      "t" : 1756460005562,
      "tn" : 1756460005562286017,
      "q" : "609.5",
      "p" : "0.11042",
      "s" : "buy",
      "i" : "BICO_USD",
      "m" : "4611686018430038253"
    }, {
      "d" : "1756459561279711852",
      "t" : 1756459561279,
      "tn" : 1756459561279711852,
      "q" : "119.4",
      "p" : "0.11082",
      "s" : "buy",
      "i" : "BICO_USD",
      "m" : "4611686018430038252"
    }, {
      "d" : "1756458736731466326",
      "t" : 1756458736731,
      "tn" : 1756458736731466326,
      "q" : "927.5",
      "p" : "0.11052",
      "s" : "buy",
      "i" : "BICO_USD",
      "m" : "4611686018430038251"
    }, {
      "d" : "1756456735033405826",
      "t" : 1756456735033,
      "tn" : 1756456735033405826,
      "q" : "502.9",
      "p" : "0.11162",
      "s" : "buy",
      "i" : "BICO_USD",
      "m" : "4611686018430038250"
    }, {
      "d" : "1756455129793946619",
      "t" : 1756455129793,
      "tn" : 1756455129793946619,
      "q" : "346.9",
      "p" : "0.11174",
      "s" : "buy",
      "i" : "BICO_USD",
      "m" : "4611686018430038249"
    }, {
      "d" : "1756454839858456102",
      "t" : 1756454839858,
      "tn" : 1756454839858456102,
      "q" : "8.5",
      "p" : "0.11241",
      "s" : "sell",
      "i" : "BICO_USD",
      "m" : "4611686018430038248"
    }, {
      "d" : "1756454839858393810",
      "t" : 1756454839858,
      "tn" : 1756454839858393810,
      "q" : "222.4",
      "p" : "0.11241",
      "s" : "sell",
      "i" : "BICO_USD",
      "m" : "4611686018430038247"
    }, {
      "d" : "1756454839851412162",
      "t" : 1756454839851,
      "tn" : 1756454839851412162,
      "q" : "200.0",
      "p" : "0.11241",
      "s" : "buy",
      "i" : "BICO_USD",
      "m" : "4611686018430038246"
    }, {
      "d" : "1756452323943573834",
      "t" : 1756452323943,
      "tn" : 1756452323943573834,
      "q" : "200.0",
      "p" : "0.11193",
      "s" : "sell",
      "i" : "BICO_USD",
      "m" : "4611686018430038245"
    }, {
      "d" : "1756451145491247569",
      "t" : 1756451145491,
      "tn" : 1756451145491247569,
      "q" : "249.3",
      "p" : "0.11415",
      "s" : "buy",
      "i" : "BICO_USD",
      "m" : "4611686018430038244"
    }, {
      "d" : "1756451141890834122",
      "t" : 1756451141890,
      "tn" : 1756451141890834122,
      "q" : "130.0",
      "p" : "0.11415",
      "s" : "sell",
      "i" : "BICO_USD",
      "m" : "4611686018430038243"
    }, {
      "d" : "1756451140595513186",
      "t" : 1756451140595,
      "tn" : 1756451140595513186,
      "q" : "186.0",
      "p" : "0.11415",
      "s" : "sell",
      "i" : "BICO_USD",
      "m" : "4611686018430038242"
    }, {
      "d" : "1756451140574245834",
      "t" : 1756451140574,
      "tn" : 1756451140574245834,
      "q" : "279.0",
      "p" : "0.11415",
      "s" : "sell",
      "i" : "BICO_USD",
      "m" : "4611686018430038241"
    }, {
      "d" : "1756451140529719288",
      "t" : 1756451140529,
      "tn" : 1756451140529719288,
      "q" : "397.0",
      "p" : "0.11415",
      "s" : "sell",
      "i" : "BICO_USD",
      "m" : "4611686018430038240"
    }, {
      "d" : "1756451140503524330",
      "t" : 1756451140503,
      "tn" : 1756451140503524330,
      "q" : "613.0",
      "p" : "0.11415",
      "s" : "sell",
      "i" : "BICO_USD",
      "m" : "4611686018430038239"
    }, {
      "d" : "1756451140485487171",
      "t" : 1756451140485,
      "tn" : 1756451140485487171,
      "q" : "916.0",
      "p" : "0.11415",
      "s" : "sell",
      "i" : "BICO_USD",
      "m" : "4611686018430038238"
    }, {
      "d" : "1756451140413949599",
      "t" : 1756451140413,
      "tn" : 1756451140413949599,
      "q" : "531.0",
      "p" : "0.11415",
      "s" : "sell",
      "i" : "BICO_USD",
      "m" : "4611686018430038237"
    }, {
      "d" : "1756451140353161227",
      "t" : 1756451140353,
      "tn" : 1756451140353161227,
      "q" : "794.0",
      "p" : "0.11415",
      "s" : "sell",
      "i" : "BICO_USD",
      "m" : "4611686018430038236"
    }, {
      "d" : "1756451140274093148",
      "t" : 1756451140274,
      "tn" : 1756451140274093148,
      "q" : "1186.0",
      "p" : "0.11415",
      "s" : "sell",
      "i" : "BICO_USD",
      "m" : "4611686018430038235"
    }, {
      "d" : "1756451140268750284",
      "t" : 1756451140268,
      "tn" : 1756451140268750284,
      "q" : "1600.0",
      "p" : "0.11415",
      "s" : "sell",
      "i" : "BICO_USD",
      "m" : "4611686018430038234"
    }, {
      "d" : "1756451140252894695",
      "t" : 1756451140252,
      "tn" : 1756451140252894695,
      "q" : "1456.9",
      "p" : "0.11415",
      "s" : "buy",
      "i" : "BICO_USD",
      "m" : "4611686018430038233"
    }, {
      "d" : "1756451137632489104",
      "t" : 1756451137632,
      "tn" : 1756451137632489104,
      "q" : "2213.8",
      "p" : "0.11413",
      "s" : "sell",
      "i" : "BICO_USD",
      "m" : "4611686018430038232"
    }, {
      "d" : "1756451137616020501",
      "t" : 1756451137616,
      "tn" : 1756451137616020501,
      "q" : "1200.0",
      "p" : "0.11413",
      "s" : "sell",
      "i" : "BICO_USD",
      "m" : "4611686018430038231"
    }, {
      "d" : "1756451137616018022",
      "t" : 1756451137616,
      "tn" : 1756451137616018022,
      "q" : "1700.0",
      "p" : "0.11413",
      "s" : "sell",
      "i" : "BICO_USD",
      "m" : "4611686018430038230"
    }, {
      "d" : "1756451137615942039",
      "t" : 1756451137615,
      "tn" : 1756451137615942039,
      "q" : "1700.0",
      "p" : "0.11413",
      "s" : "sell",
      "i" : "BICO_USD",
      "m" : "4611686018430038229"
    }, {
      "d" : "1756451137612571226",
      "t" : 1756451137612,
      "tn" : 1756451137612571226,
      "q" : "2630.0",
      "p" : "0.11413",
      "s" : "sell",
      "i" : "BICO_USD",
      "m" : "4611686018430038228"
    }, {
      "d" : "1756451137604561173",
      "t" : 1756451137604,
      "tn" : 1756451137604561173,
      "q" : "846.4",
      "p" : "0.11413",
      "s" : "sell",
      "i" : "BICO_USD",
      "m" : "4611686018430038227"
    }, {
      "d" : "1756451137594557643",
      "t" : 1756451137594,
      "tn" : 1756451137594557642,
      "q" : "1639.2",
      "p" : "0.11413",
      "s" : "buy",
      "i" : "BICO_USD",
      "m" : "4611686018430038226"
    }, {
      "d" : "1756451137594557642",
      "t" : 1756451137594,
      "tn" : 1756451137594557642,
      "q" : "116.6",
      "p" : "0.11413",
      "s" : "buy",
      "i" : "BICO_USD",
      "m" : "4611686018430038226"
    }, {
      "d" : "1756448496856580785",
      "t" : 1756448496856,
      "tn" : 1756448496856580785,
      "q" : "50.0",
      "p" : "0.11463",
      "s" : "buy",
      "i" : "BICO_USD",
      "m" : "4611686018430038225"
    }, {
      "d" : "1756448364111868775",
      "t" : 1756448364111,
      "tn" : 1756448364111868775,
      "q" : "170.0",
      "p" : "0.11466",
      "s" : "buy",
      "i" : "BICO_USD",
      "m" : "4611686018430038224"
    }, {
      "d" : "1756441155546017987",
      "t" : 1756441155546,
      "tn" : 1756441155546017987,
      "q" : "748.7",
      "p" : "0.11425",
      "s" : "sell",
      "i" : "BICO_USD",
      "m" : "4611686018430038223"
    }, {
      "d" : "1756440512766348205",
      "t" : 1756440512766,
      "tn" : 1756440512766348205,
      "q" : "688.3",
      "p" : "0.11447",
      "s" : "sell",
      "i" : "BICO_USD",
      "m" : "4611686018430038222"
    }, {
      "d" : "1756436916659551482",
      "t" : 1756436916659,
      "tn" : 1756436916659551482,
      "q" : "39.1",
      "p" : "0.11715",
      "s" : "buy",
      "i" : "BICO_USD",
      "m" : "4611686018430038221"
    }, {
      "d" : "1756431215520287121",
      "t" : 1756431215520,
      "tn" : 1756431215520287121,
      "q" : "41.6",
      "p" : "0.11724",
      "s" : "buy",
      "i" : "BICO_USD",
      "m" : "4611686018430038220"
    }, {
      "d" : "1756429811338785529",
      "t" : 1756429811338,
      "tn" : 1756429811338785529,
      "q" : "100.0",
      "p" : "0.11760",
      "s" : "sell",
      "i" : "BICO_USD",
      "m" : "4611686018430038219"
    }, {
      "d" : "1756427716643074930",
      "t" : 1756427716643,
      "tn" : 1756427716643074930,
      "q" : "144.3",
      "p" : "0.11772",
      "s" : "sell",
      "i" : "BICO_USD",
      "m" : "4611686018430038218"
    }, {
      "d" : "1756424137383368033",
      "t" : 1756424137383,
      "tn" : 1756424137383368032,
      "q" : "71.9",
      "p" : "0.12005",
      "s" : "buy",
      "i" : "BICO_USD",
      "m" : "4611686018430038217"
    }, {
      "d" : "1756424137383368032",
      "t" : 1756424137383,
      "tn" : 1756424137383368032,
      "q" : "85.1",
      "p" : "0.12005",
      "s" : "buy",
      "i" : "BICO_USD",
      "m" : "4611686018430038217"
    }, {
      "d" : "1756422459572856457",
      "t" : 1756422459572,
      "tn" : 1756422459572856457,
      "q" : "40.6",
      "p" : "0.12005",
      "s" : "buy",
      "i" : "BICO_USD",
      "m" : "4611686018430038216"
    }, {
      "d" : "1756418430082760913",
      "t" : 1756418430082,
      "tn" : 1756418430082760913,
      "q" : "60.6",
      "p" : "0.11922",
      "s" : "sell",
      "i" : "BICO_USD",
      "m" : "4611686018430038215"
    }, {
      "d" : "1756416809204974040",
      "t" : 1756416809204,
      "tn" : 1756416809204974040,
      "q" : "1000.0",
      "p" : "0.11805",
      "s" : "sell",
      "i" : "BICO_USD",
      "m" : "4611686018430038214"
    }, {
      "d" : "1756415491190479527",
      "t" : 1756415491190,
      "tn" : 1756415491190479527,
      "q" : "93.5",
      "p" : "0.11800",
      "s" : "buy",
      "i" : "BICO_USD",
      "m" : "4611686018430038213"
    }, {
      "d" : "1756412293270967744",
      "t" : 1756412293270,
      "tn" : 1756412293270967744,
      "q" : "760.9",
      "p" : "0.11818",
      "s" : "sell",
      "i" : "BICO_USD",
      "m" : "4611686018430038212"
    }, {
      "d" : "1756412293270954251",
      "t" : 1756412293270,
      "tn" : 1756412293270954251,
      "q" : "1692.3",
      "p" : "0.11818",
      "s" : "sell",
      "i" : "BICO_USD",
      "m" : "4611686018430038211"
    }, {
      "d" : "1756412293265389910",
      "t" : 1756412293265,
      "tn" : 1756412293265389910,
      "q" : "1573.6",
      "p" : "0.11818",
      "s" : "buy",
      "i" : "BICO_USD",
      "m" : "4611686018430038210"
    }, {
      "d" : "1756408807229756266",
      "t" : 1756408807229,
      "tn" : 1756408807229756266,
      "q" : "145.3",
      "p" : "0.11830",
      "s" : "sell",
      "i" : "BICO_USD",
      "m" : "4611686018430038209"
    }, {
      "d" : "1756406841784399871",
      "t" : 1756406841784,
      "tn" : 1756406841784399871,
      "q" : "785.3",
      "p" : "0.11922",
      "s" : "buy",
      "i" : "BICO_USD",
      "m" : "4611686018430038208"
    }, {
      "d" : "1756406841781935973",
      "t" : 1756406841781,
      "tn" : 1756406841781935973,
      "q" : "754.9",
      "p" : "0.11922",
      "s" : "buy",
      "i" : "BICO_USD",
      "m" : "4611686018430038207"
    }, {
      "d" : "1756406841777387159",
      "t" : 1756406841777,
      "tn" : 1756406841777387159,
      "q" : "534.2",
      "p" : "0.11922",
      "s" : "sell",
      "i" : "BICO_USD",
      "m" : "4611686018430038206"
    }, {
      "d" : "1756404241717804107",
      "t" : 1756404241717,
      "tn" : 1756404241717804107,
      "q" : "107.4",
      "p" : "0.11996",
      "s" : "buy",
      "i" : "BICO_USD",
      "m" : "4611686018430038205"
    }, {
      "d" : "1756403449475083448",
      "t" : 1756403449475,
      "tn" : 1756403449475083448,
      "q" : "91.0",
      "p" : "0.11831",
      "s" : "sell",
      "i" : "BICO_USD",
      "m" : "4611686018430038204"
    }, {
      "d" : "1756402254776001744",
      "t" : 1756402254776,
      "tn" : 1756402254776001744,
      "q" : "24.0",
      "p" : "0.12030",
      "s" : "sell",
      "i" : "BICO_USD",
      "m" : "4611686018430038203"
    }, {
      "d" : "1756401403110613947",
      "t" : 1756401403110,
      "tn" : 1756401403110613946,
      "q" : "4.2",
      "p" : "0.12031",
      "s" : "buy",
      "i" : "BICO_USD",
      "m" : "4611686018430038202"
    }, {
      "d" : "1756401403110613946",
      "t" : 1756401403110,
      "tn" : 1756401403110613946,
      "q" : "236.9",
      "p" : "0.12031",
      "s" : "buy",
      "i" : "BICO_USD",
      "m" : "4611686018430038202"
    }, {
      "d" : "1756400505450982438",
      "t" : 1756400505450,
      "tn" : 1756400505450982438,
      "q" : "10.2",
      "p" : "0.12030",
      "s" : "sell",
      "i" : "BICO_USD",
      "m" : "4611686018430038201"
    }, {
      "d" : "1756399702366216462",
      "t" : 1756399702366,
      "tn" : 1756399702366216462,
      "q" : "120.0",
      "p" : "0.12030",
      "s" : "sell",
      "i" : "BICO_USD",
      "m" : "4611686018430038200"
    }, {
      "d" : "1756399702354232174",
      "t" : 1756399702354,
      "tn" : 1756399702354232174,
      "q" : "107.2",
      "p" : "0.12030",
      "s" : "sell",
      "i" : "BICO_USD",
      "m" : "4611686018430038199"
    }, {
      "d" : "1756399659168246250",
      "t" : 1756399659168,
      "tn" : 1756399659168246250,
      "q" : "154.2",
      "p" : "0.12030",
      "s" : "sell",
      "i" : "BICO_USD",
      "m" : "4611686018430038198"
    }, {
      "d" : "1756397995885918137",
      "t" : 1756397995885,
      "tn" : 1756397995885918137,
      "q" : "213.5",
      "p" : "0.12148",
      "s" : "buy",
      "i" : "BICO_USD",
      "m" : "4611686018430038197"
    }, {
      "d" : "1756397694995863405",
      "t" : 1756397694995,
      "tn" : 1756397694995863405,
      "q" : "153.2",
      "p" : "0.12126",
      "s" : "buy",
      "i" : "BICO_USD",
      "m" : "4611686018430038196"
    }, {
      "d" : "1756396418141093124",
      "t" : 1756396418141,
      "tn" : 1756396418141093124,
      "q" : "82.5",
      "p" : "0.12127",
      "s" : "sell",
      "i" : "BICO_USD",
      "m" : "4611686018430038195"
    }, {
      "d" : "1756396418140513321",
      "t" : 1756396418140,
      "tn" : 1756396418140513321,
      "q" : "329.8",
      "p" : "0.12127",
      "s" : "sell",
      "i" : "BICO_USD",
      "m" : "4611686018430038194"
    }, {
      "d" : "1756395340452000998",
      "t" : 1756395340452,
      "tn" : 1756395340452000998,
      "q" : "412.2",
      "p" : "0.12227",
      "s" : "buy",
      "i" : "BICO_USD",
      "m" : "4611686018430038193"
    }, {
      "d" : "1756392767619975436",
      "t" : 1756392767619,
      "tn" : 1756392767619975436,
      "q" : "376.8",
      "p" : "0.12128",
      "s" : "buy",
      "i" : "BICO_USD",
      "m" : "4611686018430038192"
    }, {
      "d" : "1756392072962289090",
      "t" : 1756392072962,
      "tn" : 1756392072962289090,
      "q" : "41.5",
      "p" : "0.12128",
      "s" : "buy",
      "i" : "BICO_USD",
      "m" : "4611686018430038191"
    }, {
      "d" : "1756391357492477538",
      "t" : 1756391357492,
      "tn" : 1756391357492477538,
      "q" : "45.0",
      "p" : "0.11931",
      "s" : "sell",
      "i" : "BICO_USD",
      "m" : "4611686018430038190"
    }, {
      "d" : "1756389153132472815",
      "t" : 1756389153132,
      "tn" : 1756389153132472815,
      "q" : "40.0",
      "p" : "0.11851",
      "s" : "buy",
      "i" : "BICO_USD",
      "m" : "4611686018430038189"
    }, {
      "d" : "1756389153130691532",
      "t" : 1756389153130,
      "tn" : 1756389153130691532,
      "q" : "590.7",
      "p" : "0.11851",
      "s" : "buy",
      "i" : "BICO_USD",
      "m" : "4611686018430038188"
    }, {
      "d" : "1756389153125944440",
      "t" : 1756389153125,
      "tn" : 1756389153125944440,
      "q" : "1265.7",
      "p" : "0.11851",
      "s" : "sell",
      "i" : "BICO_USD",
      "m" : "4611686018430038187"
    }, {
      "d" : "1756387611110295738",
      "t" : 1756387611110,
      "tn" : 1756387611110295738,
      "q" : "100.0",
      "p" : "0.11950",
      "s" : "buy",
      "i" : "BICO_USD",
      "m" : "4611686018430038186"
    }, {
      "d" : "1756387040609001871",
      "t" : 1756387040609,
      "tn" : 1756387040609001871,
      "q" : "83.6",
      "p" : "0.11952",
      "s" : "sell",
      "i" : "BICO_USD",
      "m" : "4611686018430038185"
    }, {
      "d" : "1756386962832941932",
      "t" : 1756386962832,
      "tn" : 1756386962832941932,
      "q" : "334.7",
      "p" : "0.11952",
      "s" : "sell",
      "i" : "BICO_USD",
      "m" : "4611686018430038184"
    }, {
      "d" : "1756385253142486726",
      "t" : 1756385253142,
      "tn" : 1756385253142486726,
      "q" : "99.5",
      "p" : "0.11955",
      "s" : "sell",
      "i" : "BICO_USD",
      "m" : "4611686018430038183"
    }, {
      "d" : "1756384604153133360",
      "t" : 1756384604153,
      "tn" : 1756384604153133360,
      "q" : "200.0",
      "p" : "0.11970",
      "s" : "sell",
      "i" : "BICO_USD",
      "m" : "4611686018430038182"
    }, {
      "d" : "1756384245681901792",
      "t" : 1756384245681,
      "tn" : 1756384245681901792,
      "q" : "609.1",
      "p" : "0.11971",
      "s" : "sell",
      "i" : "BICO_USD",
      "m" : "4611686018430038181"
    }, {
      "d" : "1756379523870446023",
      "t" : 1756379523870,
      "tn" : 1756379523870446023,
      "q" : "695.7",
      "p" : "0.11975",
      "s" : "sell",
      "i" : "BICO_USD",
      "m" : "4611686018430038180"
    }, {
      "d" : "1756379519619867102",
      "t" : 1756379519619,
      "tn" : 1756379519619867102,
      "q" : "59.4",
      "p" : "0.12128",
      "s" : "sell",
      "i" : "BICO_USD",
      "m" : "4611686018430038179"
    }, {
      "d" : "1756378807419474634",
      "t" : 1756378807419,
      "tn" : 1756378807419474634,
      "q" : "43.4",
      "p" : "0.12128",
      "s" : "sell",
      "i" : "BICO_USD",
      "m" : "4611686018430038178"
    }, {
      "d" : "1756378803644098395",
      "t" : 1756378803644,
      "tn" : 1756378803644098395,
      "q" : "130.0",
      "p" : "0.12128",
      "s" : "sell",
      "i" : "BICO_USD",
      "m" : "4611686018430038177"
    }, {
      "d" : "1756378803641254977",
      "t" : 1756378803641,
      "tn" : 1756378803641254977,
      "q" : "120.0",
      "p" : "0.12128",
      "s" : "sell",
      "i" : "BICO_USD",
      "m" : "4611686018430038176"
    }, {
      "d" : "1756378803153348807",
      "t" : 1756378803153,
      "tn" : 1756378803153348807,
      "q" : "59.4",
      "p" : "0.12128",
      "s" : "sell",
      "i" : "BICO_USD",
      "m" : "4611686018430038175"
    }, {
      "d" : "1756377610589984185",
      "t" : 1756377610589,
      "tn" : 1756377610589984185,
      "q" : "412.3",
      "p" : "0.12227",
      "s" : "buy",
      "i" : "BICO_USD",
      "m" : "4611686018430038174"
    }, {
      "d" : "1756377063180922122",
      "t" : 1756377063180,
      "tn" : 1756377063180922122,
      "q" : "1039.1",
      "p" : "0.12157",
      "s" : "buy",
      "i" : "BICO_USD",
      "m" : "4611686018430038173"
    }, {
      "d" : "1756376785187265328",
      "t" : 1756376785187,
      "tn" : 1756376785187265328,
      "q" : "529.4",
      "p" : "0.12157",
      "s" : "buy",
      "i" : "BICO_USD",
      "m" : "4611686018430038172"
    }, {
      "d" : "1756374286001013386",
      "t" : 1756374286001,
      "tn" : 1756374286001013386,
      "q" : "250.2",
      "p" : "0.12052",
      "s" : "sell",
      "i" : "BICO_USD",
      "m" : "4611686018430038171"
    }, {
      "d" : "1756374285998839144",
      "t" : 1756374285998,
      "tn" : 1756374285998839144,
      "q" : "190.0",
      "p" : "0.12052",
      "s" : "sell",
      "i" : "BICO_USD",
      "m" : "4611686018430038170"
    }, {
      "d" : "1756374285997120484",
      "t" : 1756374285997,
      "tn" : 1756374285997120484,
      "q" : "1300.0",
      "p" : "0.12052",
      "s" : "sell",
      "i" : "BICO_USD",
      "m" : "4611686018430038169"
    }, {
      "d" : "1756374285991270785",
      "t" : 1756374285991,
      "tn" : 1756374285991270785,
      "q" : "1326.0",
      "p" : "0.12052",
      "s" : "sell",
      "i" : "BICO_USD",
      "m" : "4611686018430038168"
    }, {
      "d" : "1756374285981871753",
      "t" : 1756374285981,
      "tn" : 1756374285981871753,
      "q" : "248.9",
      "p" : "0.12052",
      "s" : "sell",
      "i" : "BICO_USD",
      "m" : "4611686018430038167"
    }, {
      "d" : "1756374285974390904",
      "t" : 1756374285974,
      "tn" : 1756374285974390904,
      "q" : "821.0",
      "p" : "0.12052",
      "s" : "buy",
      "i" : "BICO_USD",
      "m" : "4611686018430038166"
    } ]
  }
}