{
  "id" : -1,
  "method" : "public/get-trades",
  "code" : 0,
  "result" : {
    "data" : [ {
      "d" : "1756455986690058934",
      "t" : 1756455986690,
      "tn" : 1756455986690058934,
      "q" : "1121",
      "p" : "0.05786",
      "s" : "sell",
      "i" : "BIGTIME_USDT",
      "m" : "4611686018428655213"
    }, {
      "d" : "1756455840753336685",
      "t" : 1756455840753,
      "tn" : 1756455840753336685,
      "q" : "1188",
      "p" : "0.05791",
      "s" : "sell",
      "i" : "BIGTIME_USDT",
      "m" : "4611686018428655212"
    }, {
      "d" : "1756451444484669241",
      "t" : 1756451444484,
      "tn" : 1756451444484669241,
      "q" : "1221",
      "p" : "0.05897",
      "s" : "buy",
      "i" : "BIGTIME_USDT",
      "m" : "4611686018428655211"
    }, {
      "d" : "1756450668440865347",
      "t" : 1756450668440,
      "tn" : 1756450668440865347,
      "q" : "1034",
      "p" : "0.05843",
      "s" : "buy",
      "i" : "BIGTIME_USDT",
      "m" : "4611686018428655210"
    }, {
      "d" : "1756450198720693229",
      "t" : 1756450198720,
      "tn" : 1756450198720693229,
      "q" : "36",
      "p" : "0.05899",
      "s" : "sell",
      "i" : "BIGTIME_USDT",
      "m" : "4611686018428655209"
    }, {
      "d" : "1756449928551288206",
      "t" : 1756449928551,
      "tn" : 1756449928551288206,
      "q" : "673",
      "p" : "0.05946",
      "s" : "sell",
      "i" : "BIGTIME_USDT",
      "m" : "4611686018428655208"
    }, {
      "d" : "1756449928547733690",
      "t" : 1756449928547,
      "tn" : 1756449928547733690,
      "q" : "1188",
      "p" : "0.05947",
      "s" : "sell",
      "i" : "BIGTIME_USDT",
      "m" : "4611686018428655207"
    }, {
      "d" : "1756449785012255696",
      "t" : 1756449785012,
      "tn" : 1756449785012255696,
      "q" : "1205",
      "p" : "0.05927",
      "s" : "sell",
      "i" : "BIGTIME_USDT",
      "m" : "4611686018428655206"
    }, {
      "d" : "1756449747669387104",
      "t" : 1756449747669,
      "tn" : 1756449747669387104,
      "q" : "1249",
      "p" : "0.05900",
      "s" : "sell",
      "i" : "BIGTIME_USDT",
      "m" : "4611686018428655205"
    }, {
      "d" : "1756449747660933663",
      "t" : 1756449747660,
      "tn" : 1756449747660933663,
      "q" : "1195",
      "p" : "0.05902",
      "s" : "sell",
      "i" : "BIGTIME_USDT",
      "m" : "4611686018428655204"
    }, {
      "d" : "1756449736175213154",
      "t" : 1756449736175,
      "tn" : 1756449736175213154,
      "q" : "1209",
      "p" : "0.05908",
      "s" : "buy",
      "i" : "BIGTIME_USDT",
      "m" : "4611686018428655203"
    }, {
      "d" : "1756449732575882123",
      "t" : 1756449732575,
      "tn" : 1756449732575882123,
      "q" : "1226",
      "p" : "0.05897",
      "s" : "buy",
      "i" : "BIGTIME_USDT",
      "m" : "4611686018428655202"
    }, {
      "d" : "1756449697823962053",
      "t" : 1756449697823,
      "tn" : 1756449697823962053,
      "q" : "1232",
      "p" : "0.05921",
      "s" : "sell",
      "i" : "BIGTIME_USDT",
      "m" : "4611686018428655201"
    }, {
      "d" : "1756449676248685072",
      "t" : 1756449676248,
      "tn" : 1756449676248685072,
      "q" : "1217",
      "p" : "0.05932",
      "s" : "buy",
      "i" : "BIGTIME_USDT",
      "m" : "4611686018428655200"
    }, {
      "d" : "1756449671843934963",
      "t" : 1756449671843,
      "tn" : 1756449671843934963,
      "q" : "1195",
      "p" : "0.05926",
      "s" : "sell",
      "i" : "BIGTIME_USDT",
      "m" : "4611686018428655199"
    }, {
      "d" : "1756449665099653396",
      "t" : 1756449665099,
      "tn" : 1756449665099653396,
      "q" : "1211",
      "p" : "0.05930",
      "s" : "buy",
      "i" : "BIGTIME_USDT",
      "m" : "4611686018428655198"
    }, {
      "d" : "1756449664558762080",
      "t" : 1756449664558,
      "tn" : 1756449664558762080,
      "q" : "1203",
      "p" : "0.05929",
      "s" : "buy",
      "i" : "BIGTIME_USDT",
      "m" : "4611686018428655197"
    }, {
      "d" : "1756449613636655181",
      "t" : 1756449613636,
      "tn" : 1756449613636655181,
      "q" : "1236",
      "p" : "0.05947",
      "s" : "buy",
      "i" : "BIGTIME_USDT",
      "m" : "4611686018428655196"
    }, {
      "d" : "1756449613632847510",
      "t" : 1756449613632,
      "tn" : 1756449613632847510,
      "q" : "1214",
      "p" : "0.05947",
      "s" : "buy",
      "i" : "BIGTIME_USDT",
      "m" : "4611686018428655195"
    }, {
      "d" : "1756449611896780827",
      "t" : 1756449611896,
      "tn" : 1756449611896780827,
      "q" : "1238",
      "p" : "0.05960",
      "s" : "sell",
      "i" : "BIGTIME_USDT",
      "m" : "4611686018428655194"
    }, {
      "d" : "1756449611892313200",
      "t" : 1756449611892,
      "tn" : 1756449611892313200,
      "q" : "3726",
      "p" : "0.05953",
      "s" : "sell",
      "i" : "BIGTIME_USDT",
      "m" : "4611686018428655193"
    }, {
      "d" : "1756449611891976144",
      "t" : 1756449611891,
      "tn" : 1756449611891976144,
      "q" : "1193",
      "p" : "0.05963",
      "s" : "sell",
      "i" : "BIGTIME_USDT",
      "m" : "4611686018428655192"
    }, {
      "d" : "1756449602940990605",
      "t" : 1756449602940,
      "tn" : 1756449602940990605,
      "q" : "1234",
      "p" : "0.05974",
      "s" : "sell",
      "i" : "BIGTIME_USDT",
      "m" : "4611686018428655191"
    }, {
      "d" : "1756449602830803971",
      "t" : 1756449602830,
      "tn" : 1756449602830803971,
      "q" : "1239",
      "p" : "0.05973",
      "s" : "buy",
      "i" : "BIGTIME_USDT",
      "m" : "4611686018428655190"
    }, {
      "d" : "1756449602826802414",
      "t" : 1756449602826,
      "tn" : 1756449602826802414,
      "q" : "1239",
      "p" : "0.05976",
      "s" : "buy",
      "i" : "BIGTIME_USDT",
      "m" : "4611686018428655189"
    }, {
      "d" : "1756449602222798028",
      "t" : 1756449602222,
      "tn" : 1756449602222798028,
      "q" : "1198",
      "p" : "0.05968",
      "s" : "buy",
      "i" : "BIGTIME_USDT",
      "m" : "4611686018428655188"
    }, {
      "d" : "1756449601795670030",
      "t" : 1756449601795,
      "tn" : 1756449601795670030,
      "q" : "1229",
      "p" : "0.05959",
      "s" : "sell",
      "i" : "BIGTIME_USDT",
      "m" : "4611686018428655187"
    }, {
      "d" : "1756449601322208799",
      "t" : 1756449601322,
      "tn" : 1756449601322208799,
      "q" : "772",
      "p" : "0.05973",
      "s" : "buy",
      "i" : "BIGTIME_USDT",
      "m" : "4611686018428655186"
    }, {
      "d" : "1756449600317912596",
      "t" : 1756449600317,
      "tn" : 1756449600317912596,
      "q" : "1197",
      "p" : "0.05964",
      "s" : "sell",
      "i" : "BIGTIME_USDT",
      "m" : "4611686018428655185"
    }, {
      "d" : "1756449600141166612",
      "t" : 1756449600141,
      "tn" : 1756449600141166612,
      "q" : "1218",
      "p" : "0.05971",
      "s" : "sell",
      "i" : "BIGTIME_USDT",
      "m" : "4611686018428655184"
    }, {
      "d" : "1756449599930888821",
      "t" : 1756449599930,
      "tn" : 1756449599930888821,
      "q" : "1208",
      "p" : "0.05977",
      "s" : "buy",
      "i" : "BIGTIME_USDT",
      "m" : "4611686018428655183"
    }, {
      "d" : "1756449599210815906",
      "t" : 1756449599210,
      "tn" : 1756449599210815906,
      "q" : "535",
      "p" : "0.05974",
      "s" : "sell",
      "i" : "BIGTIME_USDT",
      "m" : "4611686018428655182"
    }, {
      "d" : "1756449599210171348",
      "t" : 1756449599210,
      "tn" : 1756449599210171348,
      "q" : "670",
      "p" : "0.05974",
      "s" : "sell",
      "i" : "BIGTIME_USDT",
      "m" : "4611686018428655181"
    }, {
      "d" : "1756449599208227513",
      "t" : 1756449599208,
      "tn" : 1756449599208227513,
      "q" : "1228",
      "p" : "0.05973",
      "s" : "sell",
      "i" : "BIGTIME_USDT",
      "m" : "4611686018428655180"
    }, {
      "d" : "1756449598240125149",
      "t" : 1756449598240,
      "tn" : 1756449598240125149,
      "q" : "1241",
      "p" : "0.05978",
      "s" : "sell",
      "i" : "BIGTIME_USDT",
      "m" : "4611686018428655179"
    }, {
      "d" : "1756449598010613314",
      "t" : 1756449598010,
      "tn" : 1756449598010613314,
      "q" : "1243",
      "p" : "0.05967",
      "s" : "buy",
      "i" : "BIGTIME_USDT",
      "m" : "4611686018428655178"
    }, {
      "d" : "1756449596200706885",
      "t" : 1756449596200,
      "tn" : 1756449596200706885,
      "q" : "66",
      "p" : "0.05985",
      "s" : "buy",
      "i" : "BIGTIME_USDT",
      "m" : "4611686018428655177"
    }, {
      "d" : "1756449596196565955",
      "t" : 1756449596196,
      "tn" : 1756449596196565955,
      "q" : "1170",
      "p" : "0.05985",
      "s" : "buy",
      "i" : "BIGTIME_USDT",
      "m" : "4611686018428655176"
    }, {
      "d" : "1756449596181160479",
      "t" : 1756449596181,
      "tn" : 1756449596181160479,
      "q" : "1238",
      "p" : "0.05986",
      "s" : "buy",
      "i" : "BIGTIME_USDT",
      "m" : "4611686018428655175"
    }, {
      "d" : "1756449595885099520",
      "t" : 1756449595885,
      "tn" : 1756449595885099520,
      "q" : "17",
      "p" : "0.05965",
      "s" : "buy",
      "i" : "BIGTIME_USDT",
      "m" : "4611686018428655174"
    }, {
      "d" : "1756449595882457900",
      "t" : 1756449595882,
      "tn" : 1756449595882457900,
      "q" : "1173",
      "p" : "0.05965",
      "s" : "buy",
      "i" : "BIGTIME_USDT",
      "m" : "4611686018428655173"
    }, {
      "d" : "1756449595876080922",
      "t" : 1756449595876,
      "tn" : 1756449595876080922,
      "q" : "1234",
      "p" : "0.05966",
      "s" : "buy",
      "i" : "BIGTIME_USDT",
      "m" : "4611686018428655172"
    }, {
      "d" : "1756449595601210951",
      "t" : 1756449595601,
      "tn" : 1756449595601210951,
      "q" : "1234",
      "p" : "0.05962",
      "s" : "buy",
      "i" : "BIGTIME_USDT",
      "m" : "4611686018428655171"
    }, {
      "d" : "1756449594388867721",
      "t" : 1756449594388,
      "tn" : 1756449594388867721,
      "q" : "1206",
      "p" : "0.05993",
      "s" : "sell",
      "i" : "BIGTIME_USDT",
      "m" : "4611686018428655170"
    }, {
      "d" : "1756449594034086517",
      "t" : 1756449594034,
      "tn" : 1756449594034086517,
      "q" : "1244",
      "p" : "0.05993",
      "s" : "sell",
      "i" : "BIGTIME_USDT",
      "m" : "4611686018428655169"
    }, {
      "d" : "1756449592985796182",
      "t" : 1756449592985,
      "tn" : 1756449592985796182,
      "q" : "228",
      "p" : "0.05998",
      "s" : "buy",
      "i" : "BIGTIME_USDT",
      "m" : "4611686018428655168"
    }, {
      "d" : "1756449592985181151",
      "t" : 1756449592985,
      "tn" : 1756449592985181151,
      "q" : "1020",
      "p" : "0.05998",
      "s" : "buy",
      "i" : "BIGTIME_USDT",
      "m" : "4611686018428655167"
    }, {
      "d" : "1756449592596180505",
      "t" : 1756449592596,
      "tn" : 1756449592596180505,
      "q" : "1245",
      "p" : "0.05993",
      "s" : "sell",
      "i" : "BIGTIME_USDT",
      "m" : "4611686018428655166"
    }, {
      "d" : "1756449589944888013",
      "t" : 1756449589944,
      "tn" : 1756449589944888013,
      "q" : "147",
      "p" : "0.06013",
      "s" : "buy",
      "i" : "BIGTIME_USDT",
      "m" : "4611686018428655165"
    }, {
      "d" : "1756449589944335090",
      "t" : 1756449589944,
      "tn" : 1756449589944335090,
      "q" : "275",
      "p" : "0.06013",
      "s" : "buy",
      "i" : "BIGTIME_USDT",
      "m" : "4611686018428655164"
    }, {
      "d" : "1756449589943731504",
      "t" : 1756449589943,
      "tn" : 1756449589943731504,
      "q" : "274",
      "p" : "0.06013",
      "s" : "buy",
      "i" : "BIGTIME_USDT",
      "m" : "4611686018428655163"
    }, {
      "d" : "1756449589789465790",
      "t" : 1756449589789,
      "tn" : 1756449589789465790,
      "q" : "97",
      "p" : "0.06005",
      "s" : "buy",
      "i" : "BIGTIME_USDT",
      "m" : "4611686018428655162"
    }, {
      "d" : "1756449589788894901",
      "t" : 1756449589788,
      "tn" : 1756449589788894901,
      "q" : "96",
      "p" : "0.06005",
      "s" : "buy",
      "i" : "BIGTIME_USDT",
      "m" : "4611686018428655161"
    }, {
      "d" : "1756449589788294953",
      "t" : 1756449589788,
      "tn" : 1756449589788294953,
      "q" : "96",
      "p" : "0.06005",
      "s" : "buy",
      "i" : "BIGTIME_USDT",
      "m" : "4611686018428655160"
    }, {
      "d" : "1756449589787711475",
      "t" : 1756449589787,
      "tn" : 1756449589787711475,
      "q" : "95",
      "p" : "0.06005",
      "s" : "buy",
      "i" : "BIGTIME_USDT",
      "m" : "4611686018428655159"
    }, {
      "d" : "1756449589787114389",
      "t" : 1756449589787,
      "tn" : 1756449589787114389,
      "q" : "94",
      "p" : "0.06005",
      "s" : "buy",
      "i" : "BIGTIME_USDT",
      "m" : "4611686018428655158"
    }, {
      "d" : "1756449589154958301",
      "t" : 1756449589154,
      "tn" : 1756449589154958301,
      "q" : "1187",
      "p" : "0.06002",
      "s" : "sell",
      "i" : "BIGTIME_USDT",
      "m" : "4611686018428655157"
    }, {
      "d" : "1756449588737585731",
      "t" : 1756449588737,
      "tn" : 1756449588737585731,
      "q" : "557",
      "p" : "0.06000",
      "s" : "sell",
      "i" : "BIGTIME_USDT",
      "m" : "4611686018428655156"
    }, {
      "d" : "1756449588733390668",
      "t" : 1756449588733,
      "tn" : 1756449588733390668,
      "q" : "667",
      "p" : "0.06000",
      "s" : "sell",
      "i" : "BIGTIME_USDT",
      "m" : "4611686018428655155"
    }, {
      "d" : "1756449588731803740",
      "t" : 1756449588731,
      "tn" : 1756449588731803740,
      "q" : "1188",
      "p" : "0.06000",
      "s" : "sell",
      "i" : "BIGTIME_USDT",
      "m" : "4611686018428655154"
    }, {
      "d" : "1756449586812765072",
      "t" : 1756449586812,
      "tn" : 1756449586812765072,
      "q" : "1210",
      "p" : "0.05989",
      "s" : "buy",
      "i" : "BIGTIME_USDT",
      "m" : "4611686018428655153"
    }, {
      "d" : "1756449586758628145",
      "t" : 1756449586758,
      "tn" : 1756449586758628145,
      "q" : "170",
      "p" : "0.05988",
      "s" : "buy",
      "i" : "BIGTIME_USDT",
      "m" : "4611686018428655152"
    }, {
      "d" : "1756449586675531865",
      "t" : 1756449586675,
      "tn" : 1756449586675531865,
      "q" : "595",
      "p" : "0.05987",
      "s" : "buy",
      "i" : "BIGTIME_USDT",
      "m" : "4611686018428655151"
    }, {
      "d" : "1756449586674921782",
      "t" : 1756449586674,
      "tn" : 1756449586674921782,
      "q" : "594",
      "p" : "0.05987",
      "s" : "buy",
      "i" : "BIGTIME_USDT",
      "m" : "4611686018428655150"
    }, {
      "d" : "1756449586305930590",
      "t" : 1756449586305,
      "tn" : 1756449586305930590,
      "q" : "583",
      "p" : "0.05999",
      "s" : "sell",
      "i" : "BIGTIME_USDT",
      "m" : "4611686018428655149"
    }, {
      "d" : "1756449586300854853",
      "t" : 1756449586300,
      "tn" : 1756449586300854853,
      "q" : "661",
      "p" : "0.05999",
      "s" : "sell",
      "i" : "BIGTIME_USDT",
      "m" : "4611686018428655148"
    }, {
      "d" : "1756449586299486910",
      "t" : 1756449586299,
      "tn" : 1756449586299486910,
      "q" : "562",
      "p" : "0.05999",
      "s" : "sell",
      "i" : "BIGTIME_USDT",
      "m" : "4611686018428655147"
    }, {
      "d" : "1756449582862729644",
      "t" : 1756449582862,
      "tn" : 1756449582862729644,
      "q" : "1230",
      "p" : "0.06009",
      "s" : "sell",
      "i" : "BIGTIME_USDT",
      "m" : "4611686018428655146"
    }, {
      "d" : "1756449580927197179",
      "t" : 1756449580927,
      "tn" : 1756449580927197179,
      "q" : "1217",
      "p" : "0.06012",
      "s" : "sell",
      "i" : "BIGTIME_USDT",
      "m" : "4611686018428655145"
    }, {
      "d" : "1756449580918227609",
      "t" : 1756449580918,
      "tn" : 1756449580918227609,
      "q" : "1234",
      "p" : "0.06012",
      "s" : "sell",
      "i" : "BIGTIME_USDT",
      "m" : "4611686018428655144"
    }, {
      "d" : "1756449579142566563",
      "t" : 1756449579142,
      "tn" : 1756449579142566563,
      "q" : "1204",
      "p" : "0.06019",
      "s" : "buy",
      "i" : "BIGTIME_USDT",
      "m" : "4611686018428655143"
    }, {
      "d" : "1756449579138143385",
      "t" : 1756449579138,
      "tn" : 1756449579138143385,
      "q" : "1245",
      "p" : "0.06020",
      "s" : "buy",
      "i" : "BIGTIME_USDT",
      "m" : "4611686018428655142"
    }, {
      "d" : "1756449576581201840",
      "t" : 1756449576581,
      "tn" : 1756449576581201840,
      "q" : "1232",
      "p" : "0.06013",
      "s" : "buy",
      "i" : "BIGTIME_USDT",
      "m" : "4611686018428655141"
    }, {
      "d" : "1756449576574253569",
      "t" : 1756449576574,
      "tn" : 1756449576574253569,
      "q" : "1214",
      "p" : "0.06013",
      "s" : "buy",
      "i" : "BIGTIME_USDT",
      "m" : "4611686018428655140"
    }, {
      "d" : "1756449576209451129",
      "t" : 1756449576209,
      "tn" : 1756449576209451129,
      "q" : "1223",
      "p" : "0.06012",
      "s" : "sell",
      "i" : "BIGTIME_USDT",
      "m" : "4611686018428655139"
    }, {
      "d" : "1756449575593729123",
      "t" : 1756449575593,
      "tn" : 1756449575593729123,
      "q" : "1204",
      "p" : "0.06012",
      "s" : "buy",
      "i" : "BIGTIME_USDT",
      "m" : "4611686018428655138"
    }, {
      "d" : "1756449565906830835",
      "t" : 1756449565906,
      "tn" : 1756449565906830835,
      "q" : "1232",
      "p" : "0.06009",
      "s" : "sell",
      "i" : "BIGTIME_USDT",
      "m" : "4611686018428655137"
    }, {
      "d" : "1756449561829624231",
      "t" : 1756449561829,
      "tn" : 1756449561829624231,
      "q" : "667",
      "p" : "0.06018",
      "s" : "buy",
      "i" : "BIGTIME_USDT",
      "m" : "4611686018428655136"
    }, {
      "d" : "1756449512089162023",
      "t" : 1756449512089,
      "tn" : 1756449512089162023,
      "q" : "1190",
      "p" : "0.06020",
      "s" : "sell",
      "i" : "BIGTIME_USDT",
      "m" : "4611686018428655135"
    }, {
      "d" : "1756449490554374397",
      "t" : 1756449490554,
      "tn" : 1756449490554374397,
      "q" : "81",
      "p" : "0.06017",
      "s" : "buy",
      "i" : "BIGTIME_USDT",
      "m" : "4611686018428655134"
    }, {
      "d" : "1756449490548881630",
      "t" : 1756449490548,
      "tn" : 1756449490548881630,
      "q" : "1163",
      "p" : "0.06017",
      "s" : "buy",
      "i" : "BIGTIME_USDT",
      "m" : "4611686018428655133"
    }, {
      "d" : "1756449490545995668",
      "t" : 1756449490545,
      "tn" : 1756449490545995668,
      "q" : "1202",
      "p" : "0.06017",
      "s" : "buy",
      "i" : "BIGTIME_USDT",
      "m" : "4611686018428655132"
    }, {
      "d" : "1756449342803203289",
      "t" : 1756449342803,
      "tn" : 1756449342803203289,
      "q" : "1662",
      "p" : "0.06015",
      "s" : "sell",
      "i" : "BIGTIME_USDT",
      "m" : "4611686018428655131"
    }, {
      "d" : "1756448784216626284",
      "t" : 1756448784216,
      "tn" : 1756448784216626284,
      "q" : "971",
      "p" : "0.06045",
      "s" : "buy",
      "i" : "BIGTIME_USDT",
      "m" : "4611686018428655130"
    }, {
      "d" : "1756448784216331393",
      "t" : 1756448784216,
      "tn" : 1756448784216331393,
      "q" : "259",
      "p" : "0.06045",
      "s" : "buy",
      "i" : "BIGTIME_USDT",
      "m" : "4611686018428655129"
    }, {
      "d" : "1756448283790487219",
      "t" : 1756448283790,
      "tn" : 1756448283790487219,
      "q" : "1235",
      "p" : "0.06021",
      "s" : "buy",
      "i" : "BIGTIME_USDT",
      "m" : "4611686018428655128"
    }, {
      "d" : "1756448283780993813",
      "t" : 1756448283780,
      "tn" : 1756448283780993813,
      "q" : "1196",
      "p" : "0.06021",
      "s" : "buy",
      "i" : "BIGTIME_USDT",
      "m" : "4611686018428655127"
    }, {
      "d" : "1756447842630701740",
      "t" : 1756447842630,
      "tn" : 1756447842630701740,
      "q" : "1210",
      "p" : "0.06048",
      "s" : "sell",
      "i" : "BIGTIME_USDT",
      "m" : "4611686018428655126"
    }, {
      "d" : "1756447457539694590",
      "t" : 1756447457539,
      "tn" : 1756447457539694590,
      "q" : "1238",
      "p" : "0.06036",
      "s" : "sell",
      "i" : "BIGTIME_USDT",
      "m" : "4611686018428655125"
    }, {
      "d" : "1756447433144747471",
      "t" : 1756447433144,
      "tn" : 1756447433144747471,
      "q" : "1236",
      "p" : "0.06045",
      "s" : "buy",
      "i" : "BIGTIME_USDT",
      "m" : "4611686018428655124"
    }, {
      "d" : "1756447432462559314",
      "t" : 1756447432462,
      "tn" : 1756447432462559314,
      "q" : "1236",
      "p" : "0.06064",
      "s" : "buy",
      "i" : "BIGTIME_USDT",
      "m" : "4611686018428655123"
    }, {
      "d" : "1756447431611369202",
      "t" : 1756447431611,
      "tn" : 1756447431611369202,
      "q" : "1231",
      "p" : "0.06065",
      "s" : "buy",
      "i" : "BIGTIME_USDT",
      "m" : "4611686018428655122"
    }, {
      "d" : "1756447431521070561",
      "t" : 1756447431521,
      "tn" : 1756447431521070561,
      "q" : "197",
      "p" : "0.06068",
      "s" : "buy",
      "i" : "BIGTIME_USDT",
      "m" : "4611686018428655121"
    }, {
      "d" : "1756447431389933048",
      "t" : 1756447431389,
      "tn" : 1756447431389933048,
      "q" : "1018",
      "p" : "0.06068",
      "s" : "buy",
      "i" : "BIGTIME_USDT",
      "m" : "4611686018428655120"
    }, {
      "d" : "1756447431254798606",
      "t" : 1756447431254,
      "tn" : 1756447431254798606,
      "q" : "553",
      "p" : "0.06082",
      "s" : "sell",
      "i" : "BIGTIME_USDT",
      "m" : "4611686018428655119"
    }, {
      "d" : "1756447431253156034",
      "t" : 1756447431253,
      "tn" : 1756447431253156034,
      "q" : "658",
      "p" : "0.06082",
      "s" : "sell",
      "i" : "BIGTIME_USDT",
      "m" : "4611686018428655118"
    }, {
      "d" : "1756446035565102749",
      "t" : 1756446035565,
      "tn" : 1756446035565102749,
      "q" : "950",
      "p" : "0.06115",
      "s" : "buy",
      "i" : "BIGTIME_USDT",
      "m" : "4611686018428655117"
    }, {
      "d" : "1756446035564668456",
      "t" : 1756446035564,
      "tn" : 1756446035564668456,
      "q" : "296",
      "p" : "0.06115",
      "s" : "buy",
      "i" : "BIGTIME_USDT",
      "m" : "4611686018428655116"
    }, {
      "d" : "1756446022419670604",
      "t" : 1756446022419,
      "tn" : 1756446022419670604,
      "q" : "1192",
      "p" : "0.06114",
      "s" : "buy",
      "i" : "BIGTIME_USDT",
      "m" : "4611686018428655115"
    }, {
      "d" : "1756446012834076901",
      "t" : 1756446012834,
      "tn" : 1756446012834076901,
      "q" : "407",
      "p" : "0.06135",
      "s" : "sell",
      "i" : "BIGTIME_USDT",
      "m" : "4611686018428655114"
    }, {
      "d" : "1756446012818689332",
      "t" : 1756446012818,
      "tn" : 1756446012818689332,
      "q" : "29",
      "p" : "0.06135",
      "s" : "sell",
      "i" : "BIGTIME_USDT",
      "m" : "4611686018428655113"
    }, {
      "d" : "1756446012817288546",
      "t" : 1756446012817,
      "tn" : 1756446012817288546,
      "q" : "652",
      "p" : "0.06135",
      "s" : "sell",
      "i" : "BIGTIME_USDT",
      "m" : "4611686018428655112"
    }, {
      "d" : "1756446011964591259",
      "t" : 1756446011964,
      "tn" : 1756446011964591259,
      "q" : "460",
      "p" : "0.06138",
      "s" : "sell",
      "i" : "BIGTIME_USDT",
      "m" : "4611686018428655111"
    }, {
      "d" : "1756446011964520665",
      "t" : 1756446011964,
      "tn" : 1756446011964520665,
      "q" : "770",
      "p" : "0.06138",
      "s" : "sell",
      "i" : "BIGTIME_USDT",
      "m" : "4611686018428655110"
    }, {
      "d" : "1756446011844941749",
      "t" : 1756446011844,
      "tn" : 1756446011844941749,
      "q" : "1235",
      "p" : "0.06137",
      "s" : "sell",
      "i" : "BIGTIME_USDT",
      "m" : "4611686018428655109"
    }, {
      "d" : "1756446011605628875",
      "t" : 1756446011605,
      "tn" : 1756446011605628875,
      "q" : "407",
      "p" : "0.06139",
      "s" : "sell",
      "i" : "BIGTIME_USDT",
      "m" : "4611686018428655108"
    }, {
      "d" : "1756446011598656488",
      "t" : 1756446011598,
      "tn" : 1756446011598656487,
      "q" : "509",
      "p" : "0.06139",
      "s" : "sell",
      "i" : "BIGTIME_USDT",
      "m" : "4611686018428655107"
    }, {
      "d" : "1756446011598656487",
      "t" : 1756446011598,
      "tn" : 1756446011598656487,
      "q" : "143",
      "p" : "0.06139",
      "s" : "sell",
      "i" : "BIGTIME_USDT",
      "m" : "4611686018428655107"
    }, {
      "d" : "1756446011520320313",
      "t" : 1756446011520,
      "tn" : 1756446011520320313,
      "q" : "407",
      "p" : "0.06139",
      "s" : "sell",
      "i" : "BIGTIME_USDT",
      "m" : "4611686018428655106"
    }, {
      "d" : "1756446011497280835",
      "t" : 1756446011497,
      "tn" : 1756446011497280834,
      "q" : "331",
      "p" : "0.06139",
      "s" : "sell",
      "i" : "BIGTIME_USDT",
      "m" : "4611686018428655105"
    }, {
      "d" : "1756446011497280834",
      "t" : 1756446011497,
      "tn" : 1756446011497280834,
      "q" : "321",
      "p" : "0.06139",
      "s" : "sell",
      "i" : "BIGTIME_USDT",
      "m" : "4611686018428655105"
    }, {
      "d" : "1756446011391621911",
      "t" : 1756446011391,
      "tn" : 1756446011391621911,
      "q" : "664",
      "p" : "0.06139",
      "s" : "sell",
      "i" : "BIGTIME_USDT",
      "m" : "4611686018428655104"
    }, {
      "d" : "1756446011389926718",
      "t" : 1756446011389,
      "tn" : 1756446011389926718,
      "q" : "214",
      "p" : "0.06139",
      "s" : "sell",
      "i" : "BIGTIME_USDT",
      "m" : "4611686018428655103"
    }, {
      "d" : "1756446011142086154",
      "t" : 1756446011142,
      "tn" : 1756446011142086154,
      "q" : "1190",
      "p" : "0.06139",
      "s" : "sell",
      "i" : "BIGTIME_USDT",
      "m" : "4611686018428655102"
    }, {
      "d" : "1756446011120095709",
      "t" : 1756446011120,
      "tn" : 1756446011120095709,
      "q" : "1223",
      "p" : "0.06139",
      "s" : "sell",
      "i" : "BIGTIME_USDT",
      "m" : "4611686018428655101"
    }, {
      "d" : "1756446010923335394",
      "t" : 1756446010923,
      "tn" : 1756446010923335394,
      "q" : "135",
      "p" : "0.06138",
      "s" : "sell",
      "i" : "BIGTIME_USDT",
      "m" : "4611686018428655100"
    }, {
      "d" : "1756446010922825988",
      "t" : 1756446010922,
      "tn" : 1756446010922825988,
      "q" : "183",
      "p" : "0.06138",
      "s" : "sell",
      "i" : "BIGTIME_USDT",
      "m" : "4611686018428655099"
    }, {
      "d" : "1756446010922333723",
      "t" : 1756446010922,
      "tn" : 1756446010922333723,
      "q" : "182",
      "p" : "0.06138",
      "s" : "sell",
      "i" : "BIGTIME_USDT",
      "m" : "4611686018428655098"
    }, {
      "d" : "1756446010921757260",
      "t" : 1756446010921,
      "tn" : 1756446010921757260,
      "q" : "181",
      "p" : "0.06138",
      "s" : "sell",
      "i" : "BIGTIME_USDT",
      "m" : "4611686018428655097"
    }, {
      "d" : "1756446010801401772",
      "t" : 1756446010801,
      "tn" : 1756446010801401772,
      "q" : "1189",
      "p" : "0.06113",
      "s" : "buy",
      "i" : "BIGTIME_USDT",
      "m" : "4611686018428655096"
    }, {
      "d" : "1756446010759150909",
      "t" : 1756446010759,
      "tn" : 1756446010759150909,
      "q" : "1188",
      "p" : "0.06107",
      "s" : "buy",
      "i" : "BIGTIME_USDT",
      "m" : "4611686018428655095"
    }, {
      "d" : "1756446005746863554",
      "t" : 1756446005746,
      "tn" : 1756446005746863554,
      "q" : "1237",
      "p" : "0.06105",
      "s" : "buy",
      "i" : "BIGTIME_USDT",
      "m" : "4611686018428655094"
    }, {
      "d" : "1756445692418947302",
      "t" : 1756445692418,
      "tn" : 1756445692418947302,
      "q" : "898",
      "p" : "0.06056",
      "s" : "buy",
      "i" : "BIGTIME_USDT",
      "m" : "4611686018428655093"
    }, {
      "d" : "1756445626040655326",
      "t" : 1756445626040,
      "tn" : 1756445626040655326,
      "q" : "702",
      "p" : "0.06066",
      "s" : "buy",
      "i" : "BIGTIME_USDT",
      "m" : "4611686018428655092"
    }, {
      "d" : "1756445497211592609",
      "t" : 1756445497211,
      "tn" : 1756445497211592609,
      "q" : "1190",
      "p" : "0.06047",
      "s" : "sell",
      "i" : "BIGTIME_USDT",
      "m" : "4611686018428655091"
    }, {
      "d" : "1756445226046819511",
      "t" : 1756445226046,
      "tn" : 1756445226046819511,
      "q" : "328",
      "p" : "0.06045",
      "s" : "sell",
      "i" : "BIGTIME_USDT",
      "m" : "4611686018428655090"
    }, {
      "d" : "1756444033552169384",
      "t" : 1756444033552,
      "tn" : 1756444033552169384,
      "q" : "807",
      "p" : "0.06010",
      "s" : "buy",
      "i" : "BIGTIME_USDT",
      "m" : "4611686018428655089"
    }, {
      "d" : "1756444033549633385",
      "t" : 1756444033549,
      "tn" : 1756444033549633385,
      "q" : "207",
      "p" : "0.06010",
      "s" : "buy",
      "i" : "BIGTIME_USDT",
      "m" : "4611686018428655088"
    }, {
      "d" : "1756443611160631902",
      "t" : 1756443611160,
      "tn" : 1756443611160631902,
      "q" : "667",
      "p" : "0.06028",
      "s" : "sell",
      "i" : "BIGTIME_USDT",
      "m" : "4611686018428655087"
    }, {
      "d" : "1756443008221823210",
      "t" : 1756443008221,
      "tn" : 1756443008221823210,
      "q" : "678",
      "p" : "0.06012",
      "s" : "sell",
      "i" : "BIGTIME_USDT",
      "m" : "4611686018428655086"
    }, {
      "d" : "1756443008214634819",
      "t" : 1756443008214,
      "tn" : 1756443008214634819,
      "q" : "678",
      "p" : "0.06013",
      "s" : "sell",
      "i" : "BIGTIME_USDT",
      "m" : "4611686018428655085"
    }, {
      "d" : "1756442869297387795",
      "t" : 1756442869297,
      "tn" : 1756442869297387795,
      "q" : "133",
      "p" : "0.05997",
      "s" : "buy",
      "i" : "BIGTIME_USDT",
      "m" : "4611686018428655084"
    }, {
      "d" : "1756442842517537463",
      "t" : 1756442842517,
      "tn" : 1756442842517537463,
      "q" : "1206",
      "p" : "0.06017",
      "s" : "buy",
      "i" : "BIGTIME_USDT",
      "m" : "4611686018428655083"
    }, {
      "d" : "1756442841745611455",
      "t" : 1756442841745,
      "tn" : 1756442841745611455,
      "q" : "111",
      "p" : "0.06042",
      "s" : "sell",
      "i" : "BIGTIME_USDT",
      "m" : "4611686018428655082"
    }, {
      "d" : "1756442824699629124",
      "t" : 1756442824699,
      "tn" : 1756442824699629124,
      "q" : "764",
      "p" : "0.06062",
      "s" : "buy",
      "i" : "BIGTIME_USDT",
      "m" : "4611686018428655081"
    }, {
      "d" : "1756442824041983323",
      "t" : 1756442824041,
      "tn" : 1756442824041983323,
      "q" : "671",
      "p" : "0.06074",
      "s" : "sell",
      "i" : "BIGTIME_USDT",
      "m" : "4611686018428655080"
    }, {
      "d" : "1756442824004165926",
      "t" : 1756442824004,
      "tn" : 1756442824004165926,
      "q" : "516",
      "p" : "0.06074",
      "s" : "sell",
      "i" : "BIGTIME_USDT",
      "m" : "4611686018428655079"
    }, {
      "d" : "1756442779257622958",
      "t" : 1756442779257,
      "tn" : 1756442779257622958,
      "q" : "1194",
      "p" : "0.06094",
      "s" : "sell",
      "i" : "BIGTIME_USDT",
      "m" : "4611686018428655078"
    }, {
      "d" : "1756442732745946292",
      "t" : 1756442732745,
      "tn" : 1756442732745946292,
      "q" : "1213",
      "p" : "0.06104",
      "s" : "sell",
      "i" : "BIGTIME_USDT",
      "m" : "4611686018428655077"
    }, {
      "d" : "1756442628517715407",
      "t" : 1756442628517,
      "tn" : 1756442628517715407,
      "q" : "1215",
      "p" : "0.06085",
      "s" : "sell",
      "i" : "BIGTIME_USDT",
      "m" : "4611686018428655076"
    }, {
      "d" : "1756442382594731799",
      "t" : 1756442382594,
      "tn" : 1756442382594731799,
      "q" : "1223",
      "p" : "0.06102",
      "s" : "sell",
      "i" : "BIGTIME_USDT",
      "m" : "4611686018428655075"
    }, {
      "d" : "1756442382428076915",
      "t" : 1756442382428,
      "tn" : 1756442382428076915,
      "q" : "1243",
      "p" : "0.06103",
      "s" : "sell",
      "i" : "BIGTIME_USDT",
      "m" : "4611686018428655074"
    }, {
      "d" : "1756442193139890276",
      "t" : 1756442193139,
      "tn" : 1756442193139890276,
      "q" : "130",
      "p" : "0.06098",
      "s" : "sell",
      "i" : "BIGTIME_USDT",
      "m" : "4611686018428655073"
    }, {
      "d" : "1756441906008980294",
      "t" : 1756441906008,
      "tn" : 1756441906008980294,
      "q" : "1243",
      "p" : "0.06105",
      "s" : "sell",
      "i" : "BIGTIME_USDT",
      "m" : "4611686018428655072"
    }, {
      "d" : "1756441687610939744",
      "t" : 1756441687610,
      "tn" : 1756441687610939744,
      "q" : "1239",
      "p" : "0.06108",
      "s" : "sell",
      "i" : "BIGTIME_USDT",
      "m" : "4611686018428655071"
    }, {
      "d" : "1756441585561707512",
      "t" : 1756441585561,
      "tn" : 1756441585561707512,
      "q" : "1189",
      "p" : "0.06104",
      "s" : "sell",
      "i" : "BIGTIME_USDT",
      "m" : "4611686018428655070"
    }, {
      "d" : "1756441585554710417",
      "t" : 1756441585554,
      "tn" : 1756441585554710417,
      "q" : "1233",
      "p" : "0.06104",
      "s" : "sell",
      "i" : "BIGTIME_USDT",
      "m" : "4611686018428655069"
    }, {
      "d" : "1756441449654688278",
      "t" : 1756441449654,
      "tn" : 1756441449654688278,
      "q" : "980",
      "p" : "0.06081",
      "s" : "sell",
      "i" : "BIGTIME_USDT",
      "m" : "4611686018428655068"
    }, {
      "d" : "1756441449649700988",
      "t" : 1756441449649,
      "tn" : 1756441449649700988,
      "q" : "1228",
      "p" : "0.06082",
      "s" : "sell",
      "i" : "BIGTIME_USDT",
      "m" : "4611686018428655067"
    }, {
      "d" : "1756441449647729629",
      "t" : 1756441449647,
      "tn" : 1756441449647729629,
      "q" : "1217",
      "p" : "0.06082",
      "s" : "sell",
      "i" : "BIGTIME_USDT",
      "m" : "4611686018428655066"
    } ]
  }
}