{
  "id" : -1,
  "method" : "public/get-trades",
  "code" : 0,
  "result" : {
    "data" : [ {
      "d" : "1756451601615978695",
      "t" : 1756451601615,
      "tn" : 1756451601615978695,
      "q" : "1360",
      "p" : "0.05850",
      "s" : "sell",
      "i" : "BIGTIMEUSD-PERP",
      "m" : "4611686018428905052"
    }, {
      "d" : "1756450297887276910",
      "t" : 1756450297887,
      "tn" : 1756450297887276910,
      "q" : "3360",
      "p" : "0.05936",
      "s" : "sell",
      "i" : "BIGTIMEUSD-PERP",
      "m" : "4611686018428905051"
    }, {
      "d" : "1756442006072756952",
      "t" : 1756442006072,
      "tn" : 1756442006072756952,
      "q" : "10",
      "p" : "0.06076",
      "s" : "buy",
      "i" : "BIGTIMEUSD-PERP",
      "m" : "4611686018428905050"
    }, {
      "d" : "1756442005561438478",
      "t" : 1756442005561,
      "tn" : 1756442005561438478,
      "q" : "10",
      "p" : "0.06077",
      "s" : "buy",
      "i" : "BIGTIMEUSD-PERP",
      "m" : "4611686018428905049"
    }, {
      "d" : "1756442005065548036",
      "t" : 1756442005065,
      "tn" : 1756442005065548036,
      "q" : "10",
      "p" : "0.06076",
      "s" : "buy",
      "i" : "BIGTIMEUSD-PERP",
      "m" : "4611686018428905048"
    }, {
      "d" : "1756442004674641275",
      "t" : 1756442004674,
      "tn" : 1756442004674641275,
      "q" : "10",
      "p" : "0.06078",
      "s" : "buy",
      "i" : "BIGTIMEUSD-PERP",
      "m" : "4611686018428905047"
    }, {
      "d" : "1756442004564338143",
      "t" : 1756442004564,
      "tn" : 1756442004564338142,
      "q" : "10",
      "p" : "0.06077",
      "s" : "buy",
      "i" : "BIGTIMEUSD-PERP",
      "m" : "4611686018428905046"
    }, {
      "d" : "1756442004564338142",
      "t" : 1756442004564,
      "tn" : 1756442004564338142,
      "q" : "10",
      "p" : "0.06077",
      "s" : "buy",
      "i" : "BIGTIMEUSD-PERP",
      "m" : "4611686018428905046"
    }, {
      "d" : "1756442003562403538",
      "t" : 1756442003562,
      "tn" : 1756442003562403537,
      "q" : "10",
      "p" : "0.06077",
      "s" : "buy",
      "i" : "BIGTIMEUSD-PERP",
      "m" : "4611686018428905045"
    }, {
      "d" : "1756442003562403537",
      "t" : 1756442003562,
      "tn" : 1756442003562403537,
      "q" : "10",
      "p" : "0.06077",
      "s" : "buy",
      "i" : "BIGTIMEUSD-PERP",
      "m" : "4611686018428905045"
    }, {
      "d" : "1756442002996558241",
      "t" : 1756442002996,
      "tn" : 1756442002996558240,
      "q" : "10",
      "p" : "0.06078",
      "s" : "buy",
      "i" : "BIGTIMEUSD-PERP",
      "m" : "4611686018428905044"
    }, {
      "d" : "1756442002996558240",
      "t" : 1756442002996,
      "tn" : 1756442002996558240,
      "q" : "10",
      "p" : "0.06078",
      "s" : "buy",
      "i" : "BIGTIMEUSD-PERP",
      "m" : "4611686018428905044"
    }, {
      "d" : "1756432560593730648",
      "t" : 1756432560593,
      "tn" : 1756432560593730648,
      "q" : "8560",
      "p" : "0.06640",
      "s" : "buy",
      "i" : "BIGTIMEUSD-PERP",
      "m" : "4611686018428905043"
    }, {
      "d" : "1756432560593728727",
      "t" : 1756432560593,
      "tn" : 1756432560593728727,
      "q" : "10",
      "p" : "0.06562",
      "s" : "buy",
      "i" : "BIGTIMEUSD-PERP",
      "m" : "4611686018428905042"
    }, {
      "d" : "1756431004912677873",
      "t" : 1756431004912,
      "tn" : 1756431004912677873,
      "q" : "760",
      "p" : "0.06532",
      "s" : "sell",
      "i" : "BIGTIMEUSD-PERP",
      "m" : "4611686018428905041"
    }, {
      "d" : "1756430917283705599",
      "t" : 1756430917283,
      "tn" : 1756430917283705599,
      "q" : "760",
      "p" : "0.06508",
      "s" : "sell",
      "i" : "BIGTIMEUSD-PERP",
      "m" : "4611686018428905040"
    }, {
      "d" : "1756430296572821018",
      "t" : 1756430296572,
      "tn" : 1756430296572821018,
      "q" : "4560",
      "p" : "0.06482",
      "s" : "buy",
      "i" : "BIGTIMEUSD-PERP",
      "m" : "4611686018428905039"
    }, {
      "d" : "1756430296572819244",
      "t" : 1756430296572,
      "tn" : 1756430296572819244,
      "q" : "770",
      "p" : "0.06428",
      "s" : "buy",
      "i" : "BIGTIMEUSD-PERP",
      "m" : "4611686018428905038"
    }, {
      "d" : "1756430296572816423",
      "t" : 1756430296572,
      "tn" : 1756430296572816423,
      "q" : "770",
      "p" : "0.06424",
      "s" : "buy",
      "i" : "BIGTIMEUSD-PERP",
      "m" : "4611686018428905037"
    }, {
      "d" : "1756430296572814280",
      "t" : 1756430296572,
      "tn" : 1756430296572814280,
      "q" : "770",
      "p" : "0.06416",
      "s" : "buy",
      "i" : "BIGTIMEUSD-PERP",
      "m" : "4611686018428905036"
    }, {
      "d" : "1756430296572811960",
      "t" : 1756430296572,
      "tn" : 1756430296572811960,
      "q" : "770",
      "p" : "0.06412",
      "s" : "buy",
      "i" : "BIGTIMEUSD-PERP",
      "m" : "4611686018428905035"
    }, {
      "d" : "1756430296572810000",
      "t" : 1756430296572,
      "tn" : 1756430296572810000,
      "q" : "3120",
      "p" : "0.06398",
      "s" : "buy",
      "i" : "BIGTIMEUSD-PERP",
      "m" : "4611686018428905034"
    }, {
      "d" : "1756430296572808573",
      "t" : 1756430296572,
      "tn" : 1756430296572808573,
      "q" : "1420",
      "p" : "0.06397",
      "s" : "buy",
      "i" : "BIGTIMEUSD-PERP",
      "m" : "4611686018428905033"
    }, {
      "d" : "1756430296572806477",
      "t" : 1756430296572,
      "tn" : 1756430296572806476,
      "q" : "10",
      "p" : "0.06385",
      "s" : "buy",
      "i" : "BIGTIMEUSD-PERP",
      "m" : "4611686018428905032"
    }, {
      "d" : "1756430296572806476",
      "t" : 1756430296572,
      "tn" : 1756430296572806476,
      "q" : "10",
      "p" : "0.06385",
      "s" : "buy",
      "i" : "BIGTIMEUSD-PERP",
      "m" : "4611686018428905032"
    }, {
      "d" : "1756429308111239848",
      "t" : 1756429308111,
      "tn" : 1756429308111239847,
      "q" : "10",
      "p" : "0.06560",
      "s" : "buy",
      "i" : "BIGTIMEUSD-PERP",
      "m" : "4611686018428905031"
    }, {
      "d" : "1756429308111239847",
      "t" : 1756429308111,
      "tn" : 1756429308111239847,
      "q" : "10",
      "p" : "0.06560",
      "s" : "buy",
      "i" : "BIGTIMEUSD-PERP",
      "m" : "4611686018428905031"
    }, {
      "d" : "1756429300101179234",
      "t" : 1756429300101,
      "tn" : 1756429300101179233,
      "q" : "10",
      "p" : "0.06558",
      "s" : "buy",
      "i" : "BIGTIMEUSD-PERP",
      "m" : "4611686018428905030"
    }, {
      "d" : "1756429300101179233",
      "t" : 1756429300101,
      "tn" : 1756429300101179233,
      "q" : "10",
      "p" : "0.06558",
      "s" : "buy",
      "i" : "BIGTIMEUSD-PERP",
      "m" : "4611686018428905030"
    }, {
      "d" : "1756429298091261054",
      "t" : 1756429298091,
      "tn" : 1756429298091261053,
      "q" : "10",
      "p" : "0.06555",
      "s" : "buy",
      "i" : "BIGTIMEUSD-PERP",
      "m" : "4611686018428905029"
    }, {
      "d" : "1756429298091261053",
      "t" : 1756429298091,
      "tn" : 1756429298091261053,
      "q" : "10",
      "p" : "0.06555",
      "s" : "buy",
      "i" : "BIGTIMEUSD-PERP",
      "m" : "4611686018428905029"
    }, {
      "d" : "1756429216441168017",
      "t" : 1756429216441,
      "tn" : 1756429216441168016,
      "q" : "10",
      "p" : "0.06570",
      "s" : "buy",
      "i" : "BIGTIMEUSD-PERP",
      "m" : "4611686018428905028"
    }, {
      "d" : "1756429216441168016",
      "t" : 1756429216441,
      "tn" : 1756429216441168016,
      "q" : "10",
      "p" : "0.06570",
      "s" : "buy",
      "i" : "BIGTIMEUSD-PERP",
      "m" : "4611686018428905028"
    }, {
      "d" : "1756429198371297685",
      "t" : 1756429198371,
      "tn" : 1756429198371297684,
      "q" : "10",
      "p" : "0.06606",
      "s" : "buy",
      "i" : "BIGTIMEUSD-PERP",
      "m" : "4611686018428905027"
    }, {
      "d" : "1756429198371297684",
      "t" : 1756429198371,
      "tn" : 1756429198371297684,
      "q" : "10",
      "p" : "0.06606",
      "s" : "buy",
      "i" : "BIGTIMEUSD-PERP",
      "m" : "4611686018428905027"
    }, {
      "d" : "1756428905621316394",
      "t" : 1756428905621,
      "tn" : 1756428905621316393,
      "q" : "10",
      "p" : "0.06519",
      "s" : "buy",
      "i" : "BIGTIMEUSD-PERP",
      "m" : "4611686018428905026"
    }, {
      "d" : "1756428905621316393",
      "t" : 1756428905621,
      "tn" : 1756428905621316393,
      "q" : "10",
      "p" : "0.06519",
      "s" : "buy",
      "i" : "BIGTIMEUSD-PERP",
      "m" : "4611686018428905026"
    }, {
      "d" : "1756428640151259945",
      "t" : 1756428640151,
      "tn" : 1756428640151259945,
      "q" : "10",
      "p" : "0.06593",
      "s" : "buy",
      "i" : "BIGTIMEUSD-PERP",
      "m" : "4611686018428905025"
    }, {
      "d" : "1756428506241287346",
      "t" : 1756428506241,
      "tn" : 1756428506241287345,
      "q" : "10",
      "p" : "0.06485",
      "s" : "buy",
      "i" : "BIGTIMEUSD-PERP",
      "m" : "4611686018428905024"
    }, {
      "d" : "1756428506241287345",
      "t" : 1756428506241,
      "tn" : 1756428506241287345,
      "q" : "10",
      "p" : "0.06485",
      "s" : "buy",
      "i" : "BIGTIMEUSD-PERP",
      "m" : "4611686018428905024"
    }, {
      "d" : "1756428402511272656",
      "t" : 1756428402511,
      "tn" : 1756428402511272655,
      "q" : "10",
      "p" : "0.06476",
      "s" : "buy",
      "i" : "BIGTIMEUSD-PERP",
      "m" : "4611686018428905023"
    }, {
      "d" : "1756428402511272655",
      "t" : 1756428402511,
      "tn" : 1756428402511272655,
      "q" : "10",
      "p" : "0.06476",
      "s" : "buy",
      "i" : "BIGTIMEUSD-PERP",
      "m" : "4611686018428905023"
    }, {
      "d" : "1756428360461208968",
      "t" : 1756428360461,
      "tn" : 1756428360461208967,
      "q" : "10",
      "p" : "0.06629",
      "s" : "buy",
      "i" : "BIGTIMEUSD-PERP",
      "m" : "4611686018428905022"
    }, {
      "d" : "1756428360461208967",
      "t" : 1756428360461,
      "tn" : 1756428360461208967,
      "q" : "10",
      "p" : "0.06629",
      "s" : "buy",
      "i" : "BIGTIMEUSD-PERP",
      "m" : "4611686018428905022"
    }, {
      "d" : "1756428358451328355",
      "t" : 1756428358451,
      "tn" : 1756428358451328354,
      "q" : "10",
      "p" : "0.06629",
      "s" : "buy",
      "i" : "BIGTIMEUSD-PERP",
      "m" : "4611686018428905021"
    }, {
      "d" : "1756428358451328354",
      "t" : 1756428358451,
      "tn" : 1756428358451328354,
      "q" : "10",
      "p" : "0.06629",
      "s" : "buy",
      "i" : "BIGTIMEUSD-PERP",
      "m" : "4611686018428905021"
    }, {
      "d" : "1756428356301560135",
      "t" : 1756428356301,
      "tn" : 1756428356301560134,
      "q" : "10",
      "p" : "0.06629",
      "s" : "buy",
      "i" : "BIGTIMEUSD-PERP",
      "m" : "4611686018428905020"
    }, {
      "d" : "1756428356301560134",
      "t" : 1756428356301,
      "tn" : 1756428356301560134,
      "q" : "10",
      "p" : "0.06629",
      "s" : "buy",
      "i" : "BIGTIMEUSD-PERP",
      "m" : "4611686018428905020"
    }, {
      "d" : "1756428350291405363",
      "t" : 1756428350291,
      "tn" : 1756428350291405362,
      "q" : "10",
      "p" : "0.06631",
      "s" : "buy",
      "i" : "BIGTIMEUSD-PERP",
      "m" : "4611686018428905019"
    }, {
      "d" : "1756428350291405362",
      "t" : 1756428350291,
      "tn" : 1756428350291405362,
      "q" : "10",
      "p" : "0.06631",
      "s" : "buy",
      "i" : "BIGTIMEUSD-PERP",
      "m" : "4611686018428905019"
    }, {
      "d" : "1756428316391333246",
      "t" : 1756428316391,
      "tn" : 1756428316391333246,
      "q" : "10",
      "p" : "0.06601",
      "s" : "buy",
      "i" : "BIGTIMEUSD-PERP",
      "m" : "4611686018428905018"
    }, {
      "d" : "1756428316391330864",
      "t" : 1756428316391,
      "tn" : 1756428316391330864,
      "q" : "10",
      "p" : "0.06600",
      "s" : "buy",
      "i" : "BIGTIMEUSD-PERP",
      "m" : "4611686018428905017"
    }, {
      "d" : "1756428281381293909",
      "t" : 1756428281381,
      "tn" : 1756428281381293909,
      "q" : "10",
      "p" : "0.06615",
      "s" : "buy",
      "i" : "BIGTIMEUSD-PERP",
      "m" : "4611686018428905016"
    }, {
      "d" : "1756428281381291689",
      "t" : 1756428281381,
      "tn" : 1756428281381291689,
      "q" : "10",
      "p" : "0.06614",
      "s" : "buy",
      "i" : "BIGTIMEUSD-PERP",
      "m" : "4611686018428905015"
    }, {
      "d" : "1756428279291354195",
      "t" : 1756428279291,
      "tn" : 1756428279291354194,
      "q" : "10",
      "p" : "0.06619",
      "s" : "buy",
      "i" : "BIGTIMEUSD-PERP",
      "m" : "4611686018428905014"
    }, {
      "d" : "1756428279291354194",
      "t" : 1756428279291,
      "tn" : 1756428279291354194,
      "q" : "10",
      "p" : "0.06619",
      "s" : "buy",
      "i" : "BIGTIMEUSD-PERP",
      "m" : "4611686018428905014"
    }, {
      "d" : "1756428277281228402",
      "t" : 1756428277281,
      "tn" : 1756428277281228402,
      "q" : "10",
      "p" : "0.06623",
      "s" : "buy",
      "i" : "BIGTIMEUSD-PERP",
      "m" : "4611686018428905013"
    }, {
      "d" : "1756428277281226465",
      "t" : 1756428277281,
      "tn" : 1756428277281226465,
      "q" : "10",
      "p" : "0.06622",
      "s" : "buy",
      "i" : "BIGTIMEUSD-PERP",
      "m" : "4611686018428905012"
    }, {
      "d" : "1756428275221308322",
      "t" : 1756428275221,
      "tn" : 1756428275221308322,
      "q" : "10",
      "p" : "0.06621",
      "s" : "buy",
      "i" : "BIGTIMEUSD-PERP",
      "m" : "4611686018428905011"
    }, {
      "d" : "1756428275221305522",
      "t" : 1756428275221,
      "tn" : 1756428275221305522,
      "q" : "10",
      "p" : "0.06620",
      "s" : "buy",
      "i" : "BIGTIMEUSD-PERP",
      "m" : "4611686018428905010"
    }, {
      "d" : "1756428263091632896",
      "t" : 1756428263091,
      "tn" : 1756428263091632896,
      "q" : "10",
      "p" : "0.06603",
      "s" : "buy",
      "i" : "BIGTIMEUSD-PERP",
      "m" : "4611686018428905009"
    }, {
      "d" : "1756428263091630706",
      "t" : 1756428263091,
      "tn" : 1756428263091630706,
      "q" : "10",
      "p" : "0.06601",
      "s" : "buy",
      "i" : "BIGTIMEUSD-PERP",
      "m" : "4611686018428905008"
    }, {
      "d" : "1756428237641326872",
      "t" : 1756428237641,
      "tn" : 1756428237641326872,
      "q" : "10",
      "p" : "0.06649",
      "s" : "buy",
      "i" : "BIGTIMEUSD-PERP",
      "m" : "4611686018428905007"
    }, {
      "d" : "1756428237641324590",
      "t" : 1756428237641,
      "tn" : 1756428237641324590,
      "q" : "10",
      "p" : "0.06647",
      "s" : "buy",
      "i" : "BIGTIMEUSD-PERP",
      "m" : "4611686018428905006"
    }, {
      "d" : "1756428209941218454",
      "t" : 1756428209941,
      "tn" : 1756428209941218453,
      "q" : "10",
      "p" : "0.06600",
      "s" : "buy",
      "i" : "BIGTIMEUSD-PERP",
      "m" : "4611686018428905005"
    }, {
      "d" : "1756428209941218453",
      "t" : 1756428209941,
      "tn" : 1756428209941218453,
      "q" : "10",
      "p" : "0.06600",
      "s" : "buy",
      "i" : "BIGTIMEUSD-PERP",
      "m" : "4611686018428905005"
    }, {
      "d" : "1756427787481235802",
      "t" : 1756427787481,
      "tn" : 1756427787481235802,
      "q" : "10",
      "p" : "0.06672",
      "s" : "buy",
      "i" : "BIGTIMEUSD-PERP",
      "m" : "4611686018428905004"
    }, {
      "d" : "1756427688931243859",
      "t" : 1756427688931,
      "tn" : 1756427688931243859,
      "q" : "2880",
      "p" : "0.06941",
      "s" : "sell",
      "i" : "BIGTIMEUSD-PERP",
      "m" : "4611686018428905003"
    }, {
      "d" : "1756427688931242871",
      "t" : 1756427688931,
      "tn" : 1756427688931242871,
      "q" : "10",
      "p" : "0.06952",
      "s" : "sell",
      "i" : "BIGTIMEUSD-PERP",
      "m" : "4611686018428905002"
    }, {
      "d" : "1756427654991237323",
      "t" : 1756427654991,
      "tn" : 1756427654991237323,
      "q" : "10",
      "p" : "0.07000",
      "s" : "buy",
      "i" : "BIGTIMEUSD-PERP",
      "m" : "4611686018428905001"
    }, {
      "d" : "1756427654991235553",
      "t" : 1756427654991,
      "tn" : 1756427654991235553,
      "q" : "10",
      "p" : "0.06997",
      "s" : "buy",
      "i" : "BIGTIMEUSD-PERP",
      "m" : "4611686018428905000"
    }, {
      "d" : "1756427651001784362",
      "t" : 1756427651001,
      "tn" : 1756427651001784362,
      "q" : "10",
      "p" : "0.07017",
      "s" : "buy",
      "i" : "BIGTIMEUSD-PERP",
      "m" : "4611686018428904999"
    }, {
      "d" : "1756427643801252508",
      "t" : 1756427643801,
      "tn" : 1756427643801252508,
      "q" : "10",
      "p" : "0.07043",
      "s" : "buy",
      "i" : "BIGTIMEUSD-PERP",
      "m" : "4611686018428904998"
    }, {
      "d" : "1756427643801250682",
      "t" : 1756427643801,
      "tn" : 1756427643801250682,
      "q" : "10",
      "p" : "0.07040",
      "s" : "buy",
      "i" : "BIGTIMEUSD-PERP",
      "m" : "4611686018428904997"
    }, {
      "d" : "1756427640601223592",
      "t" : 1756427640601,
      "tn" : 1756427640601223592,
      "q" : "10",
      "p" : "0.07046",
      "s" : "buy",
      "i" : "BIGTIMEUSD-PERP",
      "m" : "4611686018428904996"
    }, {
      "d" : "1756427631861867015",
      "t" : 1756427631861,
      "tn" : 1756427631861867015,
      "q" : "10",
      "p" : "0.07050",
      "s" : "buy",
      "i" : "BIGTIMEUSD-PERP",
      "m" : "4611686018428904995"
    }, {
      "d" : "1756427590441231897",
      "t" : 1756427590441,
      "tn" : 1756427590441231897,
      "q" : "10",
      "p" : "0.07053",
      "s" : "buy",
      "i" : "BIGTIMEUSD-PERP",
      "m" : "4611686018428904994"
    }, {
      "d" : "1756427590441230254",
      "t" : 1756427590441,
      "tn" : 1756427590441230254,
      "q" : "10",
      "p" : "0.07050",
      "s" : "buy",
      "i" : "BIGTIMEUSD-PERP",
      "m" : "4611686018428904993"
    }, {
      "d" : "1756427586251239023",
      "t" : 1756427586251,
      "tn" : 1756427586251239023,
      "q" : "10",
      "p" : "0.07047",
      "s" : "buy",
      "i" : "BIGTIMEUSD-PERP",
      "m" : "4611686018428904992"
    }, {
      "d" : "1756427586251236438",
      "t" : 1756427586251,
      "tn" : 1756427586251236438,
      "q" : "10",
      "p" : "0.07044",
      "s" : "buy",
      "i" : "BIGTIMEUSD-PERP",
      "m" : "4611686018428904991"
    }, {
      "d" : "1756427539818471590",
      "t" : 1756427539818,
      "tn" : 1756427539818471590,
      "q" : "700",
      "p" : "0.07052",
      "s" : "buy",
      "i" : "BIGTIMEUSD-PERP",
      "m" : "4611686018428904990"
    }, {
      "d" : "1756427539818469517",
      "t" : 1756427539818,
      "tn" : 1756427539818469517,
      "q" : "700",
      "p" : "0.07048",
      "s" : "buy",
      "i" : "BIGTIMEUSD-PERP",
      "m" : "4611686018428904989"
    }, {
      "d" : "1756427539818467220",
      "t" : 1756427539818,
      "tn" : 1756427539818467220,
      "q" : "10",
      "p" : "0.07026",
      "s" : "buy",
      "i" : "BIGTIMEUSD-PERP",
      "m" : "4611686018428904988"
    }, {
      "d" : "1756427539809959450",
      "t" : 1756427539809,
      "tn" : 1756427539809959450,
      "q" : "2840",
      "p" : "0.07027",
      "s" : "buy",
      "i" : "BIGTIMEUSD-PERP",
      "m" : "4611686018428904987"
    }, {
      "d" : "1756427539809957554",
      "t" : 1756427539809,
      "tn" : 1756427539809957554,
      "q" : "10",
      "p" : "0.07009",
      "s" : "buy",
      "i" : "BIGTIMEUSD-PERP",
      "m" : "4611686018428904986"
    }, {
      "d" : "1756427433627798614",
      "t" : 1756427433627,
      "tn" : 1756427433627798614,
      "q" : "2910",
      "p" : "0.06868",
      "s" : "sell",
      "i" : "BIGTIMEUSD-PERP",
      "m" : "4611686018428904985"
    }, {
      "d" : "1756427433627796506",
      "t" : 1756427433627,
      "tn" : 1756427433627796505,
      "q" : "10",
      "p" : "0.06879",
      "s" : "sell",
      "i" : "BIGTIMEUSD-PERP",
      "m" : "4611686018428904984"
    }, {
      "d" : "1756427433627796505",
      "t" : 1756427433627,
      "tn" : 1756427433627796505,
      "q" : "10",
      "p" : "0.06879",
      "s" : "sell",
      "i" : "BIGTIMEUSD-PERP",
      "m" : "4611686018428904984"
    }, {
      "d" : "1756427350221349516",
      "t" : 1756427350221,
      "tn" : 1756427350221349516,
      "q" : "10",
      "p" : "0.06900",
      "s" : "buy",
      "i" : "BIGTIMEUSD-PERP",
      "m" : "4611686018428904983"
    }, {
      "d" : "1756427350221347761",
      "t" : 1756427350221,
      "tn" : 1756427350221347761,
      "q" : "10",
      "p" : "0.06897",
      "s" : "buy",
      "i" : "BIGTIMEUSD-PERP",
      "m" : "4611686018428904982"
    }, {
      "d" : "1756427347121280657",
      "t" : 1756427347121,
      "tn" : 1756427347121280657,
      "q" : "10",
      "p" : "0.06932",
      "s" : "buy",
      "i" : "BIGTIMEUSD-PERP",
      "m" : "4611686018428904981"
    }, {
      "d" : "1756427347121278887",
      "t" : 1756427347121,
      "tn" : 1756427347121278887,
      "q" : "10",
      "p" : "0.06931",
      "s" : "buy",
      "i" : "BIGTIMEUSD-PERP",
      "m" : "4611686018428904980"
    }, {
      "d" : "1756427345011432392",
      "t" : 1756427345011,
      "tn" : 1756427345011432392,
      "q" : "10",
      "p" : "0.06940",
      "s" : "buy",
      "i" : "BIGTIMEUSD-PERP",
      "m" : "4611686018428904979"
    }, {
      "d" : "1756427333761267285",
      "t" : 1756427333761,
      "tn" : 1756427333761267285,
      "q" : "10",
      "p" : "0.06986",
      "s" : "buy",
      "i" : "BIGTIMEUSD-PERP",
      "m" : "4611686018428904978"
    }, {
      "d" : "1756427296036816691",
      "t" : 1756427296036,
      "tn" : 1756427296036816691,
      "q" : "720",
      "p" : "0.06917",
      "s" : "buy",
      "i" : "BIGTIMEUSD-PERP",
      "m" : "4611686018428904977"
    }, {
      "d" : "1756427296036815085",
      "t" : 1756427296036,
      "tn" : 1756427296036815085,
      "q" : "10",
      "p" : "0.06905",
      "s" : "buy",
      "i" : "BIGTIMEUSD-PERP",
      "m" : "4611686018428904976"
    }, {
      "d" : "1756427296036812820",
      "t" : 1756427296036,
      "tn" : 1756427296036812820,
      "q" : "10",
      "p" : "0.06902",
      "s" : "buy",
      "i" : "BIGTIMEUSD-PERP",
      "m" : "4611686018428904975"
    }, {
      "d" : "1756427262421208829",
      "t" : 1756427262421,
      "tn" : 1756427262421208829,
      "q" : "10",
      "p" : "0.06932",
      "s" : "buy",
      "i" : "BIGTIMEUSD-PERP",
      "m" : "4611686018428904974"
    }, {
      "d" : "1756427253391229244",
      "t" : 1756427253391,
      "tn" : 1756427253391229244,
      "q" : "10",
      "p" : "0.06907",
      "s" : "buy",
      "i" : "BIGTIMEUSD-PERP",
      "m" : "4611686018428904973"
    }, {
      "d" : "1756427234091357158",
      "t" : 1756427234091,
      "tn" : 1756427234091357158,
      "q" : "10",
      "p" : "0.06880",
      "s" : "buy",
      "i" : "BIGTIMEUSD-PERP",
      "m" : "4611686018428904972"
    }, {
      "d" : "1756427234091355629",
      "t" : 1756427234091,
      "tn" : 1756427234091355629,
      "q" : "10",
      "p" : "0.06879",
      "s" : "buy",
      "i" : "BIGTIMEUSD-PERP",
      "m" : "4611686018428904971"
    }, {
      "d" : "1756427222191237764",
      "t" : 1756427222191,
      "tn" : 1756427222191237764,
      "q" : "10",
      "p" : "0.06865",
      "s" : "buy",
      "i" : "BIGTIMEUSD-PERP",
      "m" : "4611686018428904970"
    }, {
      "d" : "1756427222191235723",
      "t" : 1756427222191,
      "tn" : 1756427222191235723,
      "q" : "10",
      "p" : "0.06861",
      "s" : "buy",
      "i" : "BIGTIMEUSD-PERP",
      "m" : "4611686018428904969"
    }, {
      "d" : "1756427219989637495",
      "t" : 1756427219989,
      "tn" : 1756427219989637495,
      "q" : "2920",
      "p" : "0.06845",
      "s" : "buy",
      "i" : "BIGTIMEUSD-PERP",
      "m" : "4611686018428904968"
    }, {
      "d" : "1756427219989635565",
      "t" : 1756427219989,
      "tn" : 1756427219989635565,
      "q" : "10",
      "p" : "0.06834",
      "s" : "buy",
      "i" : "BIGTIMEUSD-PERP",
      "m" : "4611686018428904967"
    }, {
      "d" : "1756427219989633674",
      "t" : 1756427219989,
      "tn" : 1756427219989633674,
      "q" : "10",
      "p" : "0.06831",
      "s" : "buy",
      "i" : "BIGTIMEUSD-PERP",
      "m" : "4611686018428904966"
    }, {
      "d" : "1756427203897716082",
      "t" : 1756427203897,
      "tn" : 1756427203897716082,
      "q" : "730",
      "p" : "0.06792",
      "s" : "sell",
      "i" : "BIGTIMEUSD-PERP",
      "m" : "4611686018428904965"
    }, {
      "d" : "1756427203897714525",
      "t" : 1756427203897,
      "tn" : 1756427203897714525,
      "q" : "2930",
      "p" : "0.06822",
      "s" : "sell",
      "i" : "BIGTIMEUSD-PERP",
      "m" : "4611686018428904964"
    }, {
      "d" : "1756427203897713420",
      "t" : 1756427203897,
      "tn" : 1756427203897713420,
      "q" : "10",
      "p" : "0.06825",
      "s" : "sell",
      "i" : "BIGTIMEUSD-PERP",
      "m" : "4611686018428904963"
    }, {
      "d" : "1756427203897710332",
      "t" : 1756427203897,
      "tn" : 1756427203897710332,
      "q" : "10",
      "p" : "0.06826",
      "s" : "sell",
      "i" : "BIGTIMEUSD-PERP",
      "m" : "4611686018428904962"
    }, {
      "d" : "1756427201181222444",
      "t" : 1756427201181,
      "tn" : 1756427201181222444,
      "q" : "10",
      "p" : "0.06826",
      "s" : "buy",
      "i" : "BIGTIMEUSD-PERP",
      "m" : "4611686018428904961"
    }, {
      "d" : "1756427201181220392",
      "t" : 1756427201181,
      "tn" : 1756427201181220392,
      "q" : "10",
      "p" : "0.06822",
      "s" : "buy",
      "i" : "BIGTIMEUSD-PERP",
      "m" : "4611686018428904960"
    }, {
      "d" : "1756427199845280198",
      "t" : 1756427199845,
      "tn" : 1756427199845280198,
      "q" : "680",
      "p" : "0.06840",
      "s" : "buy",
      "i" : "BIGTIMEUSD-PERP",
      "m" : "4611686018428904959"
    }, {
      "d" : "1756427199845278488",
      "t" : 1756427199845,
      "tn" : 1756427199845278488,
      "q" : "730",
      "p" : "0.06836",
      "s" : "buy",
      "i" : "BIGTIMEUSD-PERP",
      "m" : "4611686018428904958"
    }, {
      "d" : "1756427199845275735",
      "t" : 1756427199845,
      "tn" : 1756427199845275735,
      "q" : "2940",
      "p" : "0.06797",
      "s" : "buy",
      "i" : "BIGTIMEUSD-PERP",
      "m" : "4611686018428904957"
    }, {
      "d" : "1756427199845274886",
      "t" : 1756427199845,
      "tn" : 1756427199845274886,
      "q" : "10",
      "p" : "0.06785",
      "s" : "buy",
      "i" : "BIGTIMEUSD-PERP",
      "m" : "4611686018428904956"
    }, {
      "d" : "1756427199845271856",
      "t" : 1756427199845,
      "tn" : 1756427199845271856,
      "q" : "10",
      "p" : "0.06781",
      "s" : "buy",
      "i" : "BIGTIMEUSD-PERP",
      "m" : "4611686018428904955"
    }, {
      "d" : "1756427169372729313",
      "t" : 1756427169372,
      "tn" : 1756427169372729313,
      "q" : "220",
      "p" : "0.06884",
      "s" : "buy",
      "i" : "BIGTIMEUSD-PERP",
      "m" : "4611686018428904954"
    }, {
      "d" : "1756427169372727798",
      "t" : 1756427169372,
      "tn" : 1756427169372727798,
      "q" : "720",
      "p" : "0.06880",
      "s" : "buy",
      "i" : "BIGTIMEUSD-PERP",
      "m" : "4611686018428904953"
    }, {
      "d" : "1756427169372725698",
      "t" : 1756427169372,
      "tn" : 1756427169372725698,
      "q" : "720",
      "p" : "0.06876",
      "s" : "buy",
      "i" : "BIGTIMEUSD-PERP",
      "m" : "4611686018428904952"
    }, {
      "d" : "1756427169362223889",
      "t" : 1756427169362,
      "tn" : 1756427169362223889,
      "q" : "2910",
      "p" : "0.06862",
      "s" : "buy",
      "i" : "BIGTIMEUSD-PERP",
      "m" : "4611686018428904951"
    }, {
      "d" : "1756427169362222026",
      "t" : 1756427169362,
      "tn" : 1756427169362222026,
      "q" : "10",
      "p" : "0.06851",
      "s" : "buy",
      "i" : "BIGTIMEUSD-PERP",
      "m" : "4611686018428904950"
    }, {
      "d" : "1756427151741912051",
      "t" : 1756427151741,
      "tn" : 1756427151741912050,
      "q" : "2920",
      "p" : "0.06832",
      "s" : "sell",
      "i" : "BIGTIMEUSD-PERP",
      "m" : "4611686018428904949"
    }, {
      "d" : "1756427151741912050",
      "t" : 1756427151741,
      "tn" : 1756427151741912050,
      "q" : "10",
      "p" : "0.06832",
      "s" : "sell",
      "i" : "BIGTIMEUSD-PERP",
      "m" : "4611686018428904949"
    }, {
      "d" : "1756427089762013721",
      "t" : 1756427089762,
      "tn" : 1756427089762013721,
      "q" : "2920",
      "p" : "0.06838",
      "s" : "buy",
      "i" : "BIGTIMEUSD-PERP",
      "m" : "4611686018428904948"
    }, {
      "d" : "1756427087211422030",
      "t" : 1756427087211,
      "tn" : 1756427087211422030,
      "q" : "10",
      "p" : "0.06829",
      "s" : "buy",
      "i" : "BIGTIMEUSD-PERP",
      "m" : "4611686018428904947"
    }, {
      "d" : "1756427087211420240",
      "t" : 1756427087211,
      "tn" : 1756427087211420240,
      "q" : "10",
      "p" : "0.06825",
      "s" : "buy",
      "i" : "BIGTIMEUSD-PERP",
      "m" : "4611686018428904946"
    }, {
      "d" : "1756427048562495723",
      "t" : 1756427048562,
      "tn" : 1756427048562495723,
      "q" : "2980",
      "p" : "0.06694",
      "s" : "buy",
      "i" : "BIGTIMEUSD-PERP",
      "m" : "4611686018428904945"
    }, {
      "d" : "1756427048151712411",
      "t" : 1756427048151,
      "tn" : 1756427048151712411,
      "q" : "2990",
      "p" : "0.06680",
      "s" : "buy",
      "i" : "BIGTIMEUSD-PERP",
      "m" : "4611686018428904944"
    }, {
      "d" : "1756427047329642235",
      "t" : 1756427047329,
      "tn" : 1756427047329642235,
      "q" : "2990",
      "p" : "0.06686",
      "s" : "buy",
      "i" : "BIGTIMEUSD-PERP",
      "m" : "4611686018428904943"
    }, {
      "d" : "1756427046833008014",
      "t" : 1756427046833,
      "tn" : 1756427046833008014,
      "q" : "2990",
      "p" : "0.06682",
      "s" : "buy",
      "i" : "BIGTIMEUSD-PERP",
      "m" : "4611686018428904942"
    }, {
      "d" : "1756427044598295824",
      "t" : 1756427044598,
      "tn" : 1756427044598295824,
      "q" : "3000",
      "p" : "0.06665",
      "s" : "buy",
      "i" : "BIGTIMEUSD-PERP",
      "m" : "4611686018428904941"
    }, {
      "d" : "1756427044386028099",
      "t" : 1756427044386,
      "tn" : 1756427044386028099,
      "q" : "3000",
      "p" : "0.06663",
      "s" : "buy",
      "i" : "BIGTIMEUSD-PERP",
      "m" : "4611686018428904940"
    }, {
      "d" : "1756427044162152855",
      "t" : 1756427044162,
      "tn" : 1756427044162152855,
      "q" : "3000",
      "p" : "0.06665",
      "s" : "buy",
      "i" : "BIGTIMEUSD-PERP",
      "m" : "4611686018428904939"
    }, {
      "d" : "1756427042773252624",
      "t" : 1756427042773,
      "tn" : 1756427042773252624,
      "q" : "2990",
      "p" : "0.06668",
      "s" : "buy",
      "i" : "BIGTIMEUSD-PERP",
      "m" : "4611686018428904938"
    }, {
      "d" : "1756427042369799276",
      "t" : 1756427042369,
      "tn" : 1756427042369799276,
      "q" : "2990",
      "p" : "0.06670",
      "s" : "buy",
      "i" : "BIGTIMEUSD-PERP",
      "m" : "4611686018428904937"
    }, {
      "d" : "1756427041771684981",
      "t" : 1756427041771,
      "tn" : 1756427041771684981,
      "q" : "2990",
      "p" : "0.06665",
      "s" : "buy",
      "i" : "BIGTIMEUSD-PERP",
      "m" : "4611686018428904936"
    }, {
      "d" : "1756427041019842846",
      "t" : 1756427041019,
      "tn" : 1756427041019842846,
      "q" : "2980",
      "p" : "0.06666",
      "s" : "buy",
      "i" : "BIGTIMEUSD-PERP",
      "m" : "4611686018428904935"
    }, {
      "d" : "1756427041019841439",
      "t" : 1756427041019,
      "tn" : 1756427041019841439,
      "q" : "10",
      "p" : "0.06653",
      "s" : "buy",
      "i" : "BIGTIMEUSD-PERP",
      "m" : "4611686018428904934"
    }, {
      "d" : "1756427041019839491",
      "t" : 1756427041019,
      "tn" : 1756427041019839491,
      "q" : "10",
      "p" : "0.06649",
      "s" : "buy",
      "i" : "BIGTIMEUSD-PERP",
      "m" : "4611686018428904933"
    }, {
      "d" : "1756427037872415180",
      "t" : 1756427037872,
      "tn" : 1756427037872415180,
      "q" : "1890",
      "p" : "0.06667",
      "s" : "buy",
      "i" : "BIGTIMEUSD-PERP",
      "m" : "4611686018428904932"
    }, {
      "d" : "1756427037411700197",
      "t" : 1756427037411,
      "tn" : 1756427037411700197,
      "q" : "2990",
      "p" : "0.06669",
      "s" : "buy",
      "i" : "BIGTIMEUSD-PERP",
      "m" : "4611686018428904931"
    }, {
      "d" : "1756427031078917179",
      "t" : 1756427031078,
      "tn" : 1756427031078917179,
      "q" : "3000",
      "p" : "0.06652",
      "s" : "buy",
      "i" : "BIGTIMEUSD-PERP",
      "m" : "4611686018428904930"
    }, {
      "d" : "1756427031078915521",
      "t" : 1756427031078,
      "tn" : 1756427031078915521,
      "q" : "10",
      "p" : "0.06640",
      "s" : "buy",
      "i" : "BIGTIMEUSD-PERP",
      "m" : "4611686018428904929"
    }, {
      "d" : "1756427031078913691",
      "t" : 1756427031078,
      "tn" : 1756427031078913691,
      "q" : "10",
      "p" : "0.06636",
      "s" : "buy",
      "i" : "BIGTIMEUSD-PERP",
      "m" : "4611686018428904928"
    }, {
      "d" : "1756426960561755055",
      "t" : 1756426960561,
      "tn" : 1756426960561755055,
      "q" : "1280",
      "p" : "0.06568",
      "s" : "sell",
      "i" : "BIGTIMEUSD-PERP",
      "m" : "4611686018428904927"
    }, {
      "d" : "1756426960541724759",
      "t" : 1756426960541,
      "tn" : 1756426960541724759,
      "q" : "10",
      "p" : "0.06571",
      "s" : "sell",
      "i" : "BIGTIMEUSD-PERP",
      "m" : "4611686018428904926"
    }, {
      "d" : "1756426960327056985",
      "t" : 1756426960327,
      "tn" : 1756426960327056985,
      "q" : "3040",
      "p" : "0.06569",
      "s" : "sell",
      "i" : "BIGTIMEUSD-PERP",
      "m" : "4611686018428904925"
    }, {
      "d" : "1756426960327055078",
      "t" : 1756426960327,
      "tn" : 1756426960327055078,
      "q" : "10",
      "p" : "0.06570",
      "s" : "sell",
      "i" : "BIGTIMEUSD-PERP",
      "m" : "4611686018428904924"
    }, {
      "d" : "1756426959987353607",
      "t" : 1756426959987,
      "tn" : 1756426959987353607,
      "q" : "10",
      "p" : "0.06568",
      "s" : "sell",
      "i" : "BIGTIMEUSD-PERP",
      "m" : "4611686018428904923"
    } ]
  }
}