{
  "id" : -1,
  "method" : "public/get-trades",
  "code" : 0,
  "result" : {
    "data" : [ {
      "d" : "1756456061806032495",
      "t" : 1756456061806,
      "tn" : 1756456061806032495,
      "q" : "8646",
      "p" : "0.05783",
      "s" : "sell",
      "i" : "BIGTIME_USD",
      "m" : "4611686018428967095"
    }, {
      "d" : "1756455986690122995",
      "t" : 1756455986690,
      "tn" : 1756455986690122995,
      "q" : "1213",
      "p" : "0.05786",
      "s" : "sell",
      "i" : "BIGTIME_USD",
      "m" : "4611686018428967094"
    }, {
      "d" : "1756455840776995101",
      "t" : 1756455840776,
      "tn" : 1756455840776995101,
      "q" : "926",
      "p" : "0.05791",
      "s" : "sell",
      "i" : "BIGTIME_USD",
      "m" : "4611686018428967093"
    }, {
      "d" : "1756455840753627641",
      "t" : 1756455840753,
      "tn" : 1756455840753627641,
      "q" : "134",
      "p" : "0.05791",
      "s" : "sell",
      "i" : "BIGTIME_USD",
      "m" : "4611686018428967092"
    }, {
      "d" : "1756455739121222415",
      "t" : 1756455739121,
      "tn" : 1756455739121222415,
      "q" : "249",
      "p" : "0.05807",
      "s" : "sell",
      "i" : "BIGTIME_USD",
      "m" : "4611686018428967091"
    }, {
      "d" : "1756454542615879654",
      "t" : 1756454542615,
      "tn" : 1756454542615879654,
      "q" : "1048",
      "p" : "0.05846",
      "s" : "sell",
      "i" : "BIGTIME_USD",
      "m" : "4611686018428967090"
    }, {
      "d" : "1756451444487784858",
      "t" : 1756451444487,
      "tn" : 1756451444487784858,
      "q" : "1237",
      "p" : "0.05898",
      "s" : "buy",
      "i" : "BIGTIME_USD",
      "m" : "4611686018428967089"
    }, {
      "d" : "1756450312197922383",
      "t" : 1756450312197,
      "tn" : 1756450312197922383,
      "q" : "741",
      "p" : "0.05858",
      "s" : "sell",
      "i" : "BIGTIME_USD",
      "m" : "4611686018428967088"
    }, {
      "d" : "1756450198720670289",
      "t" : 1756450198720,
      "tn" : 1756450198720670289,
      "q" : "1191",
      "p" : "0.05899",
      "s" : "sell",
      "i" : "BIGTIME_USD",
      "m" : "4611686018428967087"
    }, {
      "d" : "1756449944906526097",
      "t" : 1756449944906,
      "tn" : 1756449944906526097,
      "q" : "1204",
      "p" : "0.05938",
      "s" : "sell",
      "i" : "BIGTIME_USD",
      "m" : "4611686018428967086"
    }, {
      "d" : "1756449944899173370",
      "t" : 1756449944899,
      "tn" : 1756449944899173370,
      "q" : "1219",
      "p" : "0.05938",
      "s" : "sell",
      "i" : "BIGTIME_USD",
      "m" : "4611686018428967085"
    }, {
      "d" : "1756449928547762256",
      "t" : 1756449928547,
      "tn" : 1756449928547762256,
      "q" : "1209",
      "p" : "0.05947",
      "s" : "sell",
      "i" : "BIGTIME_USD",
      "m" : "4611686018428967084"
    }, {
      "d" : "1756449785022280770",
      "t" : 1756449785022,
      "tn" : 1756449785022280770,
      "q" : "1246",
      "p" : "0.05927",
      "s" : "sell",
      "i" : "BIGTIME_USD",
      "m" : "4611686018428967083"
    }, {
      "d" : "1756449785012227927",
      "t" : 1756449785012,
      "tn" : 1756449785012227927,
      "q" : "1189",
      "p" : "0.05928",
      "s" : "sell",
      "i" : "BIGTIME_USD",
      "m" : "4611686018428967082"
    }, {
      "d" : "1756449747668940853",
      "t" : 1756449747668,
      "tn" : 1756449747668940853,
      "q" : "1231",
      "p" : "0.05901",
      "s" : "sell",
      "i" : "BIGTIME_USD",
      "m" : "4611686018428967081"
    }, {
      "d" : "1756449747660826388",
      "t" : 1756449747660,
      "tn" : 1756449747660826388,
      "q" : "1240",
      "p" : "0.05902",
      "s" : "sell",
      "i" : "BIGTIME_USD",
      "m" : "4611686018428967080"
    }, {
      "d" : "1756449732575874966",
      "t" : 1756449732575,
      "tn" : 1756449732575874966,
      "q" : "466",
      "p" : "0.05897",
      "s" : "buy",
      "i" : "BIGTIME_USD",
      "m" : "4611686018428967079"
    }, {
      "d" : "1756449697823958203",
      "t" : 1756449697823,
      "tn" : 1756449697823958203,
      "q" : "1234",
      "p" : "0.05921",
      "s" : "sell",
      "i" : "BIGTIME_USD",
      "m" : "4611686018428967078"
    }, {
      "d" : "1756449676248629313",
      "t" : 1756449676248,
      "tn" : 1756449676248629313,
      "q" : "1241",
      "p" : "0.05933",
      "s" : "buy",
      "i" : "BIGTIME_USD",
      "m" : "4611686018428967077"
    }, {
      "d" : "1756449671843941088",
      "t" : 1756449671843,
      "tn" : 1756449671843941088,
      "q" : "1209",
      "p" : "0.05926",
      "s" : "sell",
      "i" : "BIGTIME_USD",
      "m" : "4611686018428967076"
    }, {
      "d" : "1756449664557488950",
      "t" : 1756449664557,
      "tn" : 1756449664557488950,
      "q" : "1214",
      "p" : "0.05929",
      "s" : "buy",
      "i" : "BIGTIME_USD",
      "m" : "4611686018428967075"
    }, {
      "d" : "1756449613637158195",
      "t" : 1756449613637,
      "tn" : 1756449613637158195,
      "q" : "1217",
      "p" : "0.05947",
      "s" : "buy",
      "i" : "BIGTIME_USD",
      "m" : "4611686018428967074"
    }, {
      "d" : "1756449613632838507",
      "t" : 1756449613632,
      "tn" : 1756449613632838507,
      "q" : "1214",
      "p" : "0.05947",
      "s" : "buy",
      "i" : "BIGTIME_USD",
      "m" : "4611686018428967073"
    }, {
      "d" : "1756449611897783614",
      "t" : 1756449611897,
      "tn" : 1756449611897783614,
      "q" : "542",
      "p" : "0.05961",
      "s" : "sell",
      "i" : "BIGTIME_USD",
      "m" : "4611686018428967072"
    }, {
      "d" : "1756449611897202489",
      "t" : 1756449611897,
      "tn" : 1756449611897202489,
      "q" : "671",
      "p" : "0.05961",
      "s" : "sell",
      "i" : "BIGTIME_USD",
      "m" : "4611686018428967071"
    }, {
      "d" : "1756449610999706243",
      "t" : 1756449610999,
      "tn" : 1756449610999706243,
      "q" : "1173",
      "p" : "0.05967",
      "s" : "sell",
      "i" : "BIGTIME_USD",
      "m" : "4611686018428967070"
    }, {
      "d" : "1756449602939932771",
      "t" : 1756449602939,
      "tn" : 1756449602939932771,
      "q" : "1238",
      "p" : "0.05974",
      "s" : "sell",
      "i" : "BIGTIME_USD",
      "m" : "4611686018428967069"
    }, {
      "d" : "1756449602834475544",
      "t" : 1756449602834,
      "tn" : 1756449602834475544,
      "q" : "1232",
      "p" : "0.05974",
      "s" : "buy",
      "i" : "BIGTIME_USD",
      "m" : "4611686018428967068"
    }, {
      "d" : "1756449602826775068",
      "t" : 1756449602826,
      "tn" : 1756449602826775068,
      "q" : "1192",
      "p" : "0.05976",
      "s" : "buy",
      "i" : "BIGTIME_USD",
      "m" : "4611686018428967067"
    }, {
      "d" : "1756449602222813671",
      "t" : 1756449602222,
      "tn" : 1756449602222813671,
      "q" : "1195",
      "p" : "0.05963",
      "s" : "buy",
      "i" : "BIGTIME_USD",
      "m" : "4611686018428967066"
    }, {
      "d" : "1756449602064964495",
      "t" : 1756449602064,
      "tn" : 1756449602064964495,
      "q" : "1199",
      "p" : "0.05966",
      "s" : "sell",
      "i" : "BIGTIME_USD",
      "m" : "4611686018428967065"
    }, {
      "d" : "1756449601907896107",
      "t" : 1756449601907,
      "tn" : 1756449601907896107,
      "q" : "1232",
      "p" : "0.05964",
      "s" : "buy",
      "i" : "BIGTIME_USD",
      "m" : "4611686018428967064"
    }, {
      "d" : "1756449601795678547",
      "t" : 1756449601795,
      "tn" : 1756449601795678547,
      "q" : "1200",
      "p" : "0.05960",
      "s" : "sell",
      "i" : "BIGTIME_USD",
      "m" : "4611686018428967063"
    }, {
      "d" : "1756449601375182352",
      "t" : 1756449601375,
      "tn" : 1756449601375182352,
      "q" : "1216",
      "p" : "0.05972",
      "s" : "buy",
      "i" : "BIGTIME_USD",
      "m" : "4611686018428967062"
    }, {
      "d" : "1756449600456146859",
      "t" : 1756449600456,
      "tn" : 1756449600456146859,
      "q" : "1227",
      "p" : "0.05963",
      "s" : "buy",
      "i" : "BIGTIME_USD",
      "m" : "4611686018428967061"
    }, {
      "d" : "1756449600319219581",
      "t" : 1756449600319,
      "tn" : 1756449600319219581,
      "q" : "1226",
      "p" : "0.05956",
      "s" : "sell",
      "i" : "BIGTIME_USD",
      "m" : "4611686018428967060"
    }, {
      "d" : "1756449600319217989",
      "t" : 1756449600319,
      "tn" : 1756449600319217989,
      "q" : "1104",
      "p" : "0.05957",
      "s" : "sell",
      "i" : "BIGTIME_USD",
      "m" : "4611686018428967059"
    }, {
      "d" : "1756449600317271096",
      "t" : 1756449600317,
      "tn" : 1756449600317271096,
      "q" : "69",
      "p" : "0.05957",
      "s" : "sell",
      "i" : "BIGTIME_USD",
      "m" : "4611686018428967058"
    }, {
      "d" : "1756449600185935495",
      "t" : 1756449600185,
      "tn" : 1756449600185935495,
      "q" : "1219",
      "p" : "0.05973",
      "s" : "sell",
      "i" : "BIGTIME_USD",
      "m" : "4611686018428967057"
    }, {
      "d" : "1756449600139121419",
      "t" : 1756449600139,
      "tn" : 1756449600139121419,
      "q" : "1198",
      "p" : "0.05974",
      "s" : "sell",
      "i" : "BIGTIME_USD",
      "m" : "4611686018428967056"
    }, {
      "d" : "1756449599930791708",
      "t" : 1756449599930,
      "tn" : 1756449599930791708,
      "q" : "1234",
      "p" : "0.05978",
      "s" : "buy",
      "i" : "BIGTIME_USD",
      "m" : "4611686018428967055"
    }, {
      "d" : "1756449599453020575",
      "t" : 1756449599453,
      "tn" : 1756449599453020575,
      "q" : "1215",
      "p" : "0.05957",
      "s" : "sell",
      "i" : "BIGTIME_USD",
      "m" : "4611686018428967054"
    }, {
      "d" : "1756449599212018834",
      "t" : 1756449599212,
      "tn" : 1756449599212018834,
      "q" : "1225",
      "p" : "0.05974",
      "s" : "sell",
      "i" : "BIGTIME_USD",
      "m" : "4611686018428967053"
    }, {
      "d" : "1756449598023910973",
      "t" : 1756449598023,
      "tn" : 1756449598023910973,
      "q" : "1211",
      "p" : "0.05968",
      "s" : "buy",
      "i" : "BIGTIME_USD",
      "m" : "4611686018428967052"
    }, {
      "d" : "1756449596211745706",
      "t" : 1756449596211,
      "tn" : 1756449596211745706,
      "q" : "1212",
      "p" : "0.05985",
      "s" : "buy",
      "i" : "BIGTIME_USD",
      "m" : "4611686018428967051"
    }, {
      "d" : "1756449596181155663",
      "t" : 1756449596181,
      "tn" : 1756449596181155663,
      "q" : "1190",
      "p" : "0.05986",
      "s" : "buy",
      "i" : "BIGTIME_USD",
      "m" : "4611686018428967050"
    }, {
      "d" : "1756449595879872793",
      "t" : 1756449595879,
      "tn" : 1756449595879872793,
      "q" : "76",
      "p" : "0.05966",
      "s" : "buy",
      "i" : "BIGTIME_USD",
      "m" : "4611686018428967049"
    }, {
      "d" : "1756449595879092723",
      "t" : 1756449595879,
      "tn" : 1756449595879092723,
      "q" : "1173",
      "p" : "0.05966",
      "s" : "buy",
      "i" : "BIGTIME_USD",
      "m" : "4611686018428967048"
    }, {
      "d" : "1756449595876018832",
      "t" : 1756449595876,
      "tn" : 1756449595876018832,
      "q" : "1195",
      "p" : "0.05967",
      "s" : "buy",
      "i" : "BIGTIME_USD",
      "m" : "4611686018428967047"
    }, {
      "d" : "1756449595601656790",
      "t" : 1756449595601,
      "tn" : 1756449595601656790,
      "q" : "1221",
      "p" : "0.05964",
      "s" : "buy",
      "i" : "BIGTIME_USD",
      "m" : "4611686018428967046"
    }, {
      "d" : "1756449594388861749",
      "t" : 1756449594388,
      "tn" : 1756449594388861749,
      "q" : "1200",
      "p" : "0.05993",
      "s" : "sell",
      "i" : "BIGTIME_USD",
      "m" : "4611686018428967045"
    }, {
      "d" : "1756449594034082356",
      "t" : 1756449594034,
      "tn" : 1756449594034082356,
      "q" : "1249",
      "p" : "0.05994",
      "s" : "sell",
      "i" : "BIGTIME_USD",
      "m" : "4611686018428967044"
    }, {
      "d" : "1756449592985177629",
      "t" : 1756449592985,
      "tn" : 1756449592985177629,
      "q" : "1201",
      "p" : "0.05998",
      "s" : "buy",
      "i" : "BIGTIME_USD",
      "m" : "4611686018428967043"
    }, {
      "d" : "1756449592596177201",
      "t" : 1756449592596,
      "tn" : 1756449592596177201,
      "q" : "1192",
      "p" : "0.05994",
      "s" : "sell",
      "i" : "BIGTIME_USD",
      "m" : "4611686018428967042"
    }, {
      "d" : "1756449589943728562",
      "t" : 1756449589943,
      "tn" : 1756449589943728562,
      "q" : "1197",
      "p" : "0.06013",
      "s" : "buy",
      "i" : "BIGTIME_USD",
      "m" : "4611686018428967041"
    }, {
      "d" : "1756449589154954876",
      "t" : 1756449589154,
      "tn" : 1756449589154954876,
      "q" : "1246",
      "p" : "0.06002",
      "s" : "sell",
      "i" : "BIGTIME_USD",
      "m" : "4611686018428967040"
    }, {
      "d" : "1756449588740386709",
      "t" : 1756449588740,
      "tn" : 1756449588740386709,
      "q" : "1210",
      "p" : "0.06000",
      "s" : "sell",
      "i" : "BIGTIME_USD",
      "m" : "4611686018428967039"
    }, {
      "d" : "1756449588731807716",
      "t" : 1756449588731,
      "tn" : 1756449588731807716,
      "q" : "1189",
      "p" : "0.06001",
      "s" : "sell",
      "i" : "BIGTIME_USD",
      "m" : "4611686018428967038"
    }, {
      "d" : "1756449587296213404",
      "t" : 1756449587296,
      "tn" : 1756449587296213404,
      "q" : "1213",
      "p" : "0.05995",
      "s" : "buy",
      "i" : "BIGTIME_USD",
      "m" : "4611686018428967037"
    }, {
      "d" : "1756449586815127124",
      "t" : 1756449586815,
      "tn" : 1756449586815127124,
      "q" : "1200",
      "p" : "0.05989",
      "s" : "buy",
      "i" : "BIGTIME_USD",
      "m" : "4611686018428967036"
    }, {
      "d" : "1756449586786641259",
      "t" : 1756449586786,
      "tn" : 1756449586786641259,
      "q" : "1235",
      "p" : "0.05989",
      "s" : "buy",
      "i" : "BIGTIME_USD",
      "m" : "4611686018428967035"
    }, {
      "d" : "1756449586309175525",
      "t" : 1756449586309,
      "tn" : 1756449586309175525,
      "q" : "532",
      "p" : "0.05999",
      "s" : "sell",
      "i" : "BIGTIME_USD",
      "m" : "4611686018428967034"
    }, {
      "d" : "1756449586304305142",
      "t" : 1756449586304,
      "tn" : 1756449586304305142,
      "q" : "665",
      "p" : "0.05999",
      "s" : "sell",
      "i" : "BIGTIME_USD",
      "m" : "4611686018428967033"
    }, {
      "d" : "1756449586299482573",
      "t" : 1756449586299,
      "tn" : 1756449586299482573,
      "q" : "562",
      "p" : "0.05999",
      "s" : "sell",
      "i" : "BIGTIME_USD",
      "m" : "4611686018428967032"
    }, {
      "d" : "1756449582862694656",
      "t" : 1756449582862,
      "tn" : 1756449582862694656,
      "q" : "1248",
      "p" : "0.06010",
      "s" : "sell",
      "i" : "BIGTIME_USD",
      "m" : "4611686018428967031"
    }, {
      "d" : "1756449580930447641",
      "t" : 1756449580930,
      "tn" : 1756449580930447641,
      "q" : "1207",
      "p" : "0.06012",
      "s" : "sell",
      "i" : "BIGTIME_USD",
      "m" : "4611686018428967030"
    }, {
      "d" : "1756449580918153097",
      "t" : 1756449580918,
      "tn" : 1756449580918153097,
      "q" : "1225",
      "p" : "0.06013",
      "s" : "sell",
      "i" : "BIGTIME_USD",
      "m" : "4611686018428967029"
    }, {
      "d" : "1756449579220838958",
      "t" : 1756449579220,
      "tn" : 1756449579220838958,
      "q" : "1230",
      "p" : "0.06022",
      "s" : "sell",
      "i" : "BIGTIME_USD",
      "m" : "4611686018428967028"
    }, {
      "d" : "1756449579140701450",
      "t" : 1756449579140,
      "tn" : 1756449579140701450,
      "q" : "46",
      "p" : "0.06019",
      "s" : "buy",
      "i" : "BIGTIME_USD",
      "m" : "4611686018428967027"
    }, {
      "d" : "1756449579140118666",
      "t" : 1756449579140,
      "tn" : 1756449579140118666,
      "q" : "1163",
      "p" : "0.06019",
      "s" : "buy",
      "i" : "BIGTIME_USD",
      "m" : "4611686018428967026"
    }, {
      "d" : "1756449579138166038",
      "t" : 1756449579138,
      "tn" : 1756449579138166038,
      "q" : "1212",
      "p" : "0.06019",
      "s" : "buy",
      "i" : "BIGTIME_USD",
      "m" : "4611686018428967025"
    }, {
      "d" : "1756449576583524809",
      "t" : 1756449576583,
      "tn" : 1756449576583524809,
      "q" : "1231",
      "p" : "0.06014",
      "s" : "buy",
      "i" : "BIGTIME_USD",
      "m" : "4611686018428967024"
    }, {
      "d" : "1756449576574257248",
      "t" : 1756449576574,
      "tn" : 1756449576574257248,
      "q" : "1236",
      "p" : "0.06013",
      "s" : "buy",
      "i" : "BIGTIME_USD",
      "m" : "4611686018428967023"
    }, {
      "d" : "1756449576212440952",
      "t" : 1756449576212,
      "tn" : 1756449576212440952,
      "q" : "1195",
      "p" : "0.06012",
      "s" : "sell",
      "i" : "BIGTIME_USD",
      "m" : "4611686018428967022"
    }, {
      "d" : "1756449576204711460",
      "t" : 1756449576204,
      "tn" : 1756449576204711460,
      "q" : "1222",
      "p" : "0.06012",
      "s" : "sell",
      "i" : "BIGTIME_USD",
      "m" : "4611686018428967021"
    }, {
      "d" : "1756449575600779942",
      "t" : 1756449575600,
      "tn" : 1756449575600779942,
      "q" : "1231",
      "p" : "0.06012",
      "s" : "buy",
      "i" : "BIGTIME_USD",
      "m" : "4611686018428967020"
    }, {
      "d" : "1756449575593681072",
      "t" : 1756449575593,
      "tn" : 1756449575593681072,
      "q" : "1232",
      "p" : "0.06013",
      "s" : "buy",
      "i" : "BIGTIME_USD",
      "m" : "4611686018428967019"
    }, {
      "d" : "1756449565906789346",
      "t" : 1756449565906,
      "tn" : 1756449565906789346,
      "q" : "1233",
      "p" : "0.06010",
      "s" : "sell",
      "i" : "BIGTIME_USD",
      "m" : "4611686018428967018"
    }, {
      "d" : "1756449512096539268",
      "t" : 1756449512096,
      "tn" : 1756449512096539268,
      "q" : "30",
      "p" : "0.06019",
      "s" : "sell",
      "i" : "BIGTIME_USD",
      "m" : "4611686018428967017"
    }, {
      "d" : "1756449512089157801",
      "t" : 1756449512089,
      "tn" : 1756449512089157801,
      "q" : "1247",
      "p" : "0.06020",
      "s" : "sell",
      "i" : "BIGTIME_USD",
      "m" : "4611686018428967016"
    }, {
      "d" : "1756449490697920092",
      "t" : 1756449490697,
      "tn" : 1756449490697920092,
      "q" : "495",
      "p" : "0.06022",
      "s" : "sell",
      "i" : "BIGTIME_USD",
      "m" : "4611686018428967015"
    }, {
      "d" : "1756449490694947268",
      "t" : 1756449490694,
      "tn" : 1756449490694947268,
      "q" : "693",
      "p" : "0.06022",
      "s" : "sell",
      "i" : "BIGTIME_USD",
      "m" : "4611686018428967014"
    }, {
      "d" : "1756449490551587660",
      "t" : 1756449490551,
      "tn" : 1756449490551587660,
      "q" : "22",
      "p" : "0.06017",
      "s" : "buy",
      "i" : "BIGTIME_USD",
      "m" : "4611686018428967013"
    }, {
      "d" : "1756449490550195357",
      "t" : 1756449490550,
      "tn" : 1756449490550195357,
      "q" : "1196",
      "p" : "0.06017",
      "s" : "buy",
      "i" : "BIGTIME_USD",
      "m" : "4611686018428967012"
    }, {
      "d" : "1756449490546000366",
      "t" : 1756449490546,
      "tn" : 1756449490546000366,
      "q" : "1196",
      "p" : "0.06018",
      "s" : "buy",
      "i" : "BIGTIME_USD",
      "m" : "4611686018428967011"
    }, {
      "d" : "1756449181106277833",
      "t" : 1756449181106,
      "tn" : 1756449181106277833,
      "q" : "39",
      "p" : "0.06018",
      "s" : "sell",
      "i" : "BIGTIME_USD",
      "m" : "4611686018428967010"
    }, {
      "d" : "1756449035662962423",
      "t" : 1756449035662,
      "tn" : 1756449035662962423,
      "q" : "1247",
      "p" : "0.06037",
      "s" : "sell",
      "i" : "BIGTIME_USD",
      "m" : "4611686018428967009"
    }, {
      "d" : "1756448855642241201",
      "t" : 1756448855642,
      "tn" : 1756448855642241201,
      "q" : "1213",
      "p" : "0.06044",
      "s" : "sell",
      "i" : "BIGTIME_USD",
      "m" : "4611686018428967008"
    }, {
      "d" : "1756448784218789999",
      "t" : 1756448784218,
      "tn" : 1756448784218789999,
      "q" : "1244",
      "p" : "0.06045",
      "s" : "buy",
      "i" : "BIGTIME_USD",
      "m" : "4611686018428967007"
    }, {
      "d" : "1756448784217014202",
      "t" : 1756448784217,
      "tn" : 1756448784217014202,
      "q" : "1241",
      "p" : "0.06045",
      "s" : "buy",
      "i" : "BIGTIME_USD",
      "m" : "4611686018428967006"
    }, {
      "d" : "1756448784217011700",
      "t" : 1756448784217,
      "tn" : 1756448784217011700,
      "q" : "13",
      "p" : "0.06044",
      "s" : "buy",
      "i" : "BIGTIME_USD",
      "m" : "4611686018428967005"
    }, {
      "d" : "1756448784214658188",
      "t" : 1756448784214,
      "tn" : 1756448784214658188,
      "q" : "2055",
      "p" : "0.06044",
      "s" : "buy",
      "i" : "BIGTIME_USD",
      "m" : "4611686018428967004"
    }, {
      "d" : "1756448365139093504",
      "t" : 1756448365139,
      "tn" : 1756448365139093504,
      "q" : "858",
      "p" : "0.06011",
      "s" : "buy",
      "i" : "BIGTIME_USD",
      "m" : "4611686018428967003"
    }, {
      "d" : "1756448365134497350",
      "t" : 1756448365134,
      "tn" : 1756448365134497350,
      "q" : "1074",
      "p" : "0.06011",
      "s" : "sell",
      "i" : "BIGTIME_USD",
      "m" : "4611686018428967002"
    }, {
      "d" : "1756448283790820167",
      "t" : 1756448283790,
      "tn" : 1756448283790820167,
      "q" : "1238",
      "p" : "0.06021",
      "s" : "buy",
      "i" : "BIGTIME_USD",
      "m" : "4611686018428967001"
    }, {
      "d" : "1756448283781061960",
      "t" : 1756448283781,
      "tn" : 1756448283781061960,
      "q" : "1205",
      "p" : "0.06021",
      "s" : "buy",
      "i" : "BIGTIME_USD",
      "m" : "4611686018428967000"
    }, {
      "d" : "1756447842630755467",
      "t" : 1756447842630,
      "tn" : 1756447842630755467,
      "q" : "1247",
      "p" : "0.06048",
      "s" : "sell",
      "i" : "BIGTIME_USD",
      "m" : "4611686018428966999"
    }, {
      "d" : "1756447457543922003",
      "t" : 1756447457543,
      "tn" : 1756447457543922003,
      "q" : "1658",
      "p" : "0.06029",
      "s" : "sell",
      "i" : "BIGTIME_USD",
      "m" : "4611686018428966998"
    }, {
      "d" : "1756447457539699313",
      "t" : 1756447457539,
      "tn" : 1756447457539699313,
      "q" : "1224",
      "p" : "0.06036",
      "s" : "sell",
      "i" : "BIGTIME_USD",
      "m" : "4611686018428966997"
    }, {
      "d" : "1756447448137172159",
      "t" : 1756447448137,
      "tn" : 1756447448137172159,
      "q" : "1212",
      "p" : "0.06027",
      "s" : "buy",
      "i" : "BIGTIME_USD",
      "m" : "4611686018428966996"
    }, {
      "d" : "1756447433844170287",
      "t" : 1756447433844,
      "tn" : 1756447433844170287,
      "q" : "1247",
      "p" : "0.06042",
      "s" : "buy",
      "i" : "BIGTIME_USD",
      "m" : "4611686018428966995"
    }, {
      "d" : "1756447432465590273",
      "t" : 1756447432465,
      "tn" : 1756447432465590273,
      "q" : "1206",
      "p" : "0.06064",
      "s" : "buy",
      "i" : "BIGTIME_USD",
      "m" : "4611686018428966994"
    }, {
      "d" : "1756447431613925866",
      "t" : 1756447431613,
      "tn" : 1756447431613925866,
      "q" : "1233",
      "p" : "0.06065",
      "s" : "buy",
      "i" : "BIGTIME_USD",
      "m" : "4611686018428966993"
    }, {
      "d" : "1756447431422141499",
      "t" : 1756447431422,
      "tn" : 1756447431422141499,
      "q" : "1235",
      "p" : "0.06068",
      "s" : "buy",
      "i" : "BIGTIME_USD",
      "m" : "4611686018428966992"
    }, {
      "d" : "1756447431244209041",
      "t" : 1756447431244,
      "tn" : 1756447431244209041,
      "q" : "1423",
      "p" : "0.06081",
      "s" : "sell",
      "i" : "BIGTIME_USD",
      "m" : "4611686018428966991"
    }, {
      "d" : "1756447431242786949",
      "t" : 1756447431242,
      "tn" : 1756447431242786949,
      "q" : "1241",
      "p" : "0.06085",
      "s" : "sell",
      "i" : "BIGTIME_USD",
      "m" : "4611686018428966990"
    }, {
      "d" : "1756447283005919099",
      "t" : 1756447283005,
      "tn" : 1756447283005919099,
      "q" : "1212",
      "p" : "0.06120",
      "s" : "sell",
      "i" : "BIGTIME_USD",
      "m" : "4611686018428966989"
    }, {
      "d" : "1756446035570860652",
      "t" : 1756446035570,
      "tn" : 1756446035570860652,
      "q" : "1191",
      "p" : "0.06115",
      "s" : "buy",
      "i" : "BIGTIME_USD",
      "m" : "4611686018428966988"
    }, {
      "d" : "1756446035566594276",
      "t" : 1756446035566,
      "tn" : 1756446035566594276,
      "q" : "1206",
      "p" : "0.06115",
      "s" : "buy",
      "i" : "BIGTIME_USD",
      "m" : "4611686018428966987"
    }, {
      "d" : "1756446017843552368",
      "t" : 1756446017843,
      "tn" : 1756446017843552368,
      "q" : "1214",
      "p" : "0.06119",
      "s" : "sell",
      "i" : "BIGTIME_USD",
      "m" : "4611686018428966986"
    }, {
      "d" : "1756446017833671981",
      "t" : 1756446017833,
      "tn" : 1756446017833671981,
      "q" : "1204",
      "p" : "0.06121",
      "s" : "sell",
      "i" : "BIGTIME_USD",
      "m" : "4611686018428966985"
    }, {
      "d" : "1756446016352644102",
      "t" : 1756446016352,
      "tn" : 1756446016352644102,
      "q" : "1233",
      "p" : "0.06122",
      "s" : "sell",
      "i" : "BIGTIME_USD",
      "m" : "4611686018428966984"
    }, {
      "d" : "1756446016122331797",
      "t" : 1756446016122,
      "tn" : 1756446016122331797,
      "q" : "1188",
      "p" : "0.06123",
      "s" : "sell",
      "i" : "BIGTIME_USD",
      "m" : "4611686018428966983"
    }, {
      "d" : "1756446015054464095",
      "t" : 1756446015054,
      "tn" : 1756446015054464095,
      "q" : "1200",
      "p" : "0.06120",
      "s" : "sell",
      "i" : "BIGTIME_USD",
      "m" : "4611686018428966982"
    }, {
      "d" : "1756446014873514205",
      "t" : 1756446014873,
      "tn" : 1756446014873514205,
      "q" : "1211",
      "p" : "0.06121",
      "s" : "sell",
      "i" : "BIGTIME_USD",
      "m" : "4611686018428966981"
    }, {
      "d" : "1756446014397044983",
      "t" : 1756446014397,
      "tn" : 1756446014397044983,
      "q" : "1202",
      "p" : "0.06124",
      "s" : "sell",
      "i" : "BIGTIME_USD",
      "m" : "4611686018428966980"
    }, {
      "d" : "1756446014281882621",
      "t" : 1756446014281,
      "tn" : 1756446014281882621,
      "q" : "1219",
      "p" : "0.06129",
      "s" : "sell",
      "i" : "BIGTIME_USD",
      "m" : "4611686018428966979"
    }, {
      "d" : "1756446014011331996",
      "t" : 1756446014011,
      "tn" : 1756446014011331996,
      "q" : "1203",
      "p" : "0.06129",
      "s" : "sell",
      "i" : "BIGTIME_USD",
      "m" : "4611686018428966978"
    }, {
      "d" : "1756446013875434299",
      "t" : 1756446013875,
      "tn" : 1756446013875434299,
      "q" : "1213",
      "p" : "0.06129",
      "s" : "sell",
      "i" : "BIGTIME_USD",
      "m" : "4611686018428966977"
    }, {
      "d" : "1756446013750091294",
      "t" : 1756446013750,
      "tn" : 1756446013750091294,
      "q" : "1238",
      "p" : "0.06127",
      "s" : "sell",
      "i" : "BIGTIME_USD",
      "m" : "4611686018428966976"
    }, {
      "d" : "1756446013409166854",
      "t" : 1756446013409,
      "tn" : 1756446013409166854,
      "q" : "1236",
      "p" : "0.06128",
      "s" : "sell",
      "i" : "BIGTIME_USD",
      "m" : "4611686018428966975"
    }, {
      "d" : "1756446013243877222",
      "t" : 1756446013243,
      "tn" : 1756446013243877222,
      "q" : "1203",
      "p" : "0.06128",
      "s" : "sell",
      "i" : "BIGTIME_USD",
      "m" : "4611686018428966974"
    }, {
      "d" : "1756446013023378142",
      "t" : 1756446013023,
      "tn" : 1756446013023378142,
      "q" : "1223",
      "p" : "0.06129",
      "s" : "sell",
      "i" : "BIGTIME_USD",
      "m" : "4611686018428966973"
    }, {
      "d" : "1756446012913279407",
      "t" : 1756446012913,
      "tn" : 1756446012913279407,
      "q" : "1190",
      "p" : "0.06131",
      "s" : "sell",
      "i" : "BIGTIME_USD",
      "m" : "4611686018428966972"
    }, {
      "d" : "1756446012807190358",
      "t" : 1756446012807,
      "tn" : 1756446012807190358,
      "q" : "1228",
      "p" : "0.06135",
      "s" : "sell",
      "i" : "BIGTIME_USD",
      "m" : "4611686018428966971"
    }, {
      "d" : "1756446012621914823",
      "t" : 1756446012621,
      "tn" : 1756446012621914823,
      "q" : "1211",
      "p" : "0.06133",
      "s" : "sell",
      "i" : "BIGTIME_USD",
      "m" : "4611686018428966970"
    }, {
      "d" : "1756446012341014577",
      "t" : 1756446012341,
      "tn" : 1756446012341014577,
      "q" : "1188",
      "p" : "0.06136",
      "s" : "sell",
      "i" : "BIGTIME_USD",
      "m" : "4611686018428966969"
    }, {
      "d" : "1756446012230728755",
      "t" : 1756446012230,
      "tn" : 1756446012230728755,
      "q" : "1191",
      "p" : "0.06136",
      "s" : "sell",
      "i" : "BIGTIME_USD",
      "m" : "4611686018428966968"
    }, {
      "d" : "1756446012085528485",
      "t" : 1756446012085,
      "tn" : 1756446012085528485,
      "q" : "1218",
      "p" : "0.06134",
      "s" : "sell",
      "i" : "BIGTIME_USD",
      "m" : "4611686018428966967"
    }, {
      "d" : "1756446011965332128",
      "t" : 1756446011965,
      "tn" : 1756446011965332128,
      "q" : "566",
      "p" : "0.06138",
      "s" : "sell",
      "i" : "BIGTIME_USD",
      "m" : "4611686018428966966"
    }, {
      "d" : "1756446011961874041",
      "t" : 1756446011961,
      "tn" : 1756446011961874041,
      "q" : "652",
      "p" : "0.06138",
      "s" : "sell",
      "i" : "BIGTIME_USD",
      "m" : "4611686018428966965"
    }, {
      "d" : "1756446011844445639",
      "t" : 1756446011844,
      "tn" : 1756446011844445639,
      "q" : "1207",
      "p" : "0.06137",
      "s" : "sell",
      "i" : "BIGTIME_USD",
      "m" : "4611686018428966964"
    }, {
      "d" : "1756446011703819276",
      "t" : 1756446011703,
      "tn" : 1756446011703819276,
      "q" : "1231",
      "p" : "0.06133",
      "s" : "sell",
      "i" : "BIGTIME_USD",
      "m" : "4611686018428966963"
    }, {
      "d" : "1756446011598750352",
      "t" : 1756446011598,
      "tn" : 1756446011598750352,
      "q" : "1229",
      "p" : "0.06139",
      "s" : "sell",
      "i" : "BIGTIME_USD",
      "m" : "4611686018428966962"
    }, {
      "d" : "1756446011493391993",
      "t" : 1756446011493,
      "tn" : 1756446011493391993,
      "q" : "1206",
      "p" : "0.06139",
      "s" : "sell",
      "i" : "BIGTIME_USD",
      "m" : "4611686018428966961"
    }, {
      "d" : "1756446011383164908",
      "t" : 1756446011383,
      "tn" : 1756446011383164908,
      "q" : "1209",
      "p" : "0.06145",
      "s" : "sell",
      "i" : "BIGTIME_USD",
      "m" : "4611686018428966960"
    }, {
      "d" : "1756446011263066668",
      "t" : 1756446011263,
      "tn" : 1756446011263066668,
      "q" : "1234",
      "p" : "0.06145",
      "s" : "sell",
      "i" : "BIGTIME_USD",
      "m" : "4611686018428966959"
    }, {
      "d" : "1756446011122775102",
      "t" : 1756446011122,
      "tn" : 1756446011122775102,
      "q" : "1249",
      "p" : "0.06143",
      "s" : "sell",
      "i" : "BIGTIME_USD",
      "m" : "4611686018428966958"
    }, {
      "d" : "1756446011012540870",
      "t" : 1756446011012,
      "tn" : 1756446011012540870,
      "q" : "1232",
      "p" : "0.06144",
      "s" : "sell",
      "i" : "BIGTIME_USD",
      "m" : "4611686018428966957"
    }, {
      "d" : "1756446010801398478",
      "t" : 1756446010801,
      "tn" : 1756446010801398478,
      "q" : "1187",
      "p" : "0.06113",
      "s" : "buy",
      "i" : "BIGTIME_USD",
      "m" : "4611686018428966956"
    }, {
      "d" : "1756446010762576458",
      "t" : 1756446010762,
      "tn" : 1756446010762576458,
      "q" : "9004",
      "p" : "0.06120",
      "s" : "buy",
      "i" : "BIGTIME_USD",
      "m" : "4611686018428966955"
    }, {
      "d" : "1756446010762085703",
      "t" : 1756446010762,
      "tn" : 1756446010762085703,
      "q" : "3090",
      "p" : "0.06120",
      "s" : "buy",
      "i" : "BIGTIME_USD",
      "m" : "4611686018428966954"
    }, {
      "d" : "1756446010762084211",
      "t" : 1756446010762,
      "tn" : 1756446010762084211,
      "q" : "3753",
      "p" : "0.06117",
      "s" : "buy",
      "i" : "BIGTIME_USD",
      "m" : "4611686018428966953"
    }, {
      "d" : "1756446010761355406",
      "t" : 1756446010761,
      "tn" : 1756446010761355406,
      "q" : "9004",
      "p" : "0.06117",
      "s" : "buy",
      "i" : "BIGTIME_USD",
      "m" : "4611686018428966952"
    }, {
      "d" : "1756446010759135786",
      "t" : 1756446010759,
      "tn" : 1756446010759135786,
      "q" : "1244",
      "p" : "0.06107",
      "s" : "buy",
      "i" : "BIGTIME_USD",
      "m" : "4611686018428966951"
    }, {
      "d" : "1756446005748604670",
      "t" : 1756446005748,
      "tn" : 1756446005748604670,
      "q" : "1243",
      "p" : "0.06105",
      "s" : "buy",
      "i" : "BIGTIME_USD",
      "m" : "4611686018428966950"
    }, {
      "d" : "1756446005746869778",
      "t" : 1756446005746,
      "tn" : 1756446005746869778,
      "q" : "1800",
      "p" : "0.06104",
      "s" : "buy",
      "i" : "BIGTIME_USD",
      "m" : "4611686018428966949"
    }, {
      "d" : "1756445497185152440",
      "t" : 1756445497185,
      "tn" : 1756445497185152440,
      "q" : "1237",
      "p" : "0.06046",
      "s" : "sell",
      "i" : "BIGTIME_USD",
      "m" : "4611686018428966948"
    }, {
      "d" : "1756445497173714918",
      "t" : 1756445497173,
      "tn" : 1756445497173714918,
      "q" : "1249",
      "p" : "0.06049",
      "s" : "sell",
      "i" : "BIGTIME_USD",
      "m" : "4611686018428966947"
    }, {
      "d" : "1756445226046814957",
      "t" : 1756445226046,
      "tn" : 1756445226046814957,
      "q" : "1247",
      "p" : "0.06045",
      "s" : "sell",
      "i" : "BIGTIME_USD",
      "m" : "4611686018428966946"
    } ]
  }
}