{
  "id" : -1,
  "method" : "public/get-trades",
  "code" : 0,
  "result" : {
    "data" : [ {
      "d" : "1756449622907139636",
      "t" : 1756449622907,
      "tn" : 1756449622907139636,
      "q" : "38500",
      "p" : "0.002595",
      "s" : "sell",
      "i" : "BLASTUSD-PERP",
      "m" : "4611686018427914962"
    }, {
      "d" : "1756429721263813277",
      "t" : 1756429721263,
      "tn" : 1756429721263813277,
      "q" : "66700",
      "p" : "0.002678",
      "s" : "sell",
      "i" : "BLASTUSD-PERP",
      "m" : "4611686018427914961"
    }, {
      "d" : "1756429720992266201",
      "t" : 1756429720992,
      "tn" : 1756429720992266201,
      "q" : "187000",
      "p" : "0.002678",
      "s" : "sell",
      "i" : "BLASTUSD-PERP",
      "m" : "4611686018427914960"
    }, {
      "d" : "1756429714934175522",
      "t" : 1756429714934,
      "tn" : 1756429714934175522,
      "q" : "187000",
      "p" : "0.002678",
      "s" : "sell",
      "i" : "BLASTUSD-PERP",
      "m" : "4611686018427914959"
    }, {
      "d" : "1756429712785818685",
      "t" : 1756429712785,
      "tn" : 1756429712785818685,
      "q" : "187000",
      "p" : "0.002678",
      "s" : "sell",
      "i" : "BLASTUSD-PERP",
      "m" : "4611686018427914958"
    }, {
      "d" : "1756429711477016107",
      "t" : 1756429711477,
      "tn" : 1756429711477016107,
      "q" : "187000",
      "p" : "0.002678",
      "s" : "sell",
      "i" : "BLASTUSD-PERP",
      "m" : "4611686018427914957"
    }, {
      "d" : "1756429710965974887",
      "t" : 1756429710965,
      "tn" : 1756429710965974887,
      "q" : "187100",
      "p" : "0.002678",
      "s" : "sell",
      "i" : "BLASTUSD-PERP",
      "m" : "4611686018427914956"
    }, {
      "d" : "1756398554612973898",
      "t" : 1756398554612,
      "tn" : 1756398554612973898,
      "q" : "118800",
      "p" : "0.002639",
      "s" : "sell",
      "i" : "BLASTUSD-PERP",
      "m" : "4611686018427914955"
    }, {
      "d" : "1756398552550411882",
      "t" : 1756398552550,
      "tn" : 1756398552550411882,
      "q" : "189700",
      "p" : "0.002639",
      "s" : "sell",
      "i" : "BLASTUSD-PERP",
      "m" : "4611686018427914954"
    }, {
      "d" : "1756398552300376973",
      "t" : 1756398552300,
      "tn" : 1756398552300376973,
      "q" : "189700",
      "p" : "0.002639",
      "s" : "sell",
      "i" : "BLASTUSD-PERP",
      "m" : "4611686018427914953"
    }, {
      "d" : "1756398551998093193",
      "t" : 1756398551998,
      "tn" : 1756398551998093193,
      "q" : "189700",
      "p" : "0.002639",
      "s" : "sell",
      "i" : "BLASTUSD-PERP",
      "m" : "4611686018427914952"
    }, {
      "d" : "1756398539938276497",
      "t" : 1756398539938,
      "tn" : 1756398539938276497,
      "q" : "189700",
      "p" : "0.002639",
      "s" : "sell",
      "i" : "BLASTUSD-PERP",
      "m" : "4611686018427914951"
    }, {
      "d" : "1756398539686475725",
      "t" : 1756398539686,
      "tn" : 1756398539686475725,
      "q" : "189800",
      "p" : "0.002639",
      "s" : "sell",
      "i" : "BLASTUSD-PERP",
      "m" : "4611686018427914950"
    } ]
  }
}