{
  "id" : -1,
  "method" : "public/get-trades",
  "code" : 0,
  "result" : {
    "data" : [ {
      "d" : "1756460332405945400",
      "t" : 1756460332405,
      "tn" : 1756460332405945400,
      "q" : "27132",
      "p" : "0.002539",
      "s" : "buy",
      "i" : "BLAST_USD",
      "m" : "4611686018428110394"
    }, {
      "d" : "1756456667541807488",
      "t" : 1756456667541,
      "tn" : 1756456667541807488,
      "q" : "5047",
      "p" : "0.002555",
      "s" : "buy",
      "i" : "BLAST_USD",
      "m" : "4611686018428110393"
    }, {
      "d" : "1756455266832550009",
      "t" : 1756455266832,
      "tn" : 1756455266832550009,
      "q" : "5700",
      "p" : "0.002558",
      "s" : "buy",
      "i" : "BLAST_USD",
      "m" : "4611686018428110392"
    }, {
      "d" : "1756450060818212134",
      "t" : 1756450060818,
      "tn" : 1756450060818212134,
      "q" : "4171",
      "p" : "0.002605",
      "s" : "buy",
      "i" : "BLAST_USD",
      "m" : "4611686018428110391"
    }, {
      "d" : "1756449622908088419",
      "t" : 1756449622908,
      "tn" : 1756449622908088419,
      "q" : "24261",
      "p" : "0.002593",
      "s" : "buy",
      "i" : "BLAST_USD",
      "m" : "4611686018428110390"
    }, {
      "d" : "1756449622908086720",
      "t" : 1756449622908,
      "tn" : 1756449622908086719,
      "q" : "4722",
      "p" : "0.002592",
      "s" : "buy",
      "i" : "BLAST_USD",
      "m" : "4611686018428110389"
    }, {
      "d" : "1756449622908086719",
      "t" : 1756449622908,
      "tn" : 1756449622908086719,
      "q" : "9518",
      "p" : "0.002592",
      "s" : "buy",
      "i" : "BLAST_USD",
      "m" : "4611686018428110389"
    }, {
      "d" : "1756445202127919950",
      "t" : 1756445202127,
      "tn" : 1756445202127919950,
      "q" : "9524",
      "p" : "0.002625",
      "s" : "sell",
      "i" : "BLAST_USD",
      "m" : "4611686018428110388"
    }, {
      "d" : "1756434556775272494",
      "t" : 1756434556775,
      "tn" : 1756434556775272494,
      "q" : "6199",
      "p" : "0.002651",
      "s" : "buy",
      "i" : "BLAST_USD",
      "m" : "4611686018428110387"
    }, {
      "d" : "1756433321423083112",
      "t" : 1756433321423,
      "tn" : 1756433321423083112,
      "q" : "11377",
      "p" : "0.002637",
      "s" : "buy",
      "i" : "BLAST_USD",
      "m" : "4611686018428110386"
    }, {
      "d" : "1756433321252614897",
      "t" : 1756433321252,
      "tn" : 1756433321252614897,
      "q" : "34130",
      "p" : "0.002637",
      "s" : "buy",
      "i" : "BLAST_USD",
      "m" : "4611686018428110385"
    }, {
      "d" : "1756433321164802251",
      "t" : 1756433321164,
      "tn" : 1756433321164802251,
      "q" : "34130",
      "p" : "0.002637",
      "s" : "buy",
      "i" : "BLAST_USD",
      "m" : "4611686018428110384"
    }, {
      "d" : "1756433321103897668",
      "t" : 1756433321103,
      "tn" : 1756433321103897668,
      "q" : "34130",
      "p" : "0.002637",
      "s" : "buy",
      "i" : "BLAST_USD",
      "m" : "4611686018428110383"
    }, {
      "d" : "1756433320989486288",
      "t" : 1756433320989,
      "tn" : 1756433320989486288,
      "q" : "34130",
      "p" : "0.002637",
      "s" : "buy",
      "i" : "BLAST_USD",
      "m" : "4611686018428110382"
    }, {
      "d" : "1756433320937298661",
      "t" : 1756433320937,
      "tn" : 1756433320937298661,
      "q" : "28115",
      "p" : "0.002637",
      "s" : "buy",
      "i" : "BLAST_USD",
      "m" : "4611686018428110381"
    }, {
      "d" : "1756433320913006178",
      "t" : 1756433320913,
      "tn" : 1756433320913006178,
      "q" : "29787",
      "p" : "0.002637",
      "s" : "buy",
      "i" : "BLAST_USD",
      "m" : "4611686018428110380"
    }, {
      "d" : "1756433320889442318",
      "t" : 1756433320889,
      "tn" : 1756433320889442318,
      "q" : "34130",
      "p" : "0.002637",
      "s" : "buy",
      "i" : "BLAST_USD",
      "m" : "4611686018428110379"
    }, {
      "d" : "1756433320882207487",
      "t" : 1756433320882,
      "tn" : 1756433320882207486,
      "q" : "9779",
      "p" : "0.002637",
      "s" : "sell",
      "i" : "BLAST_USD",
      "m" : "4611686018428110378"
    }, {
      "d" : "1756433320882207486",
      "t" : 1756433320882,
      "tn" : 1756433320882207486,
      "q" : "191435",
      "p" : "0.002637",
      "s" : "sell",
      "i" : "BLAST_USD",
      "m" : "4611686018428110378"
    }, {
      "d" : "1756433317627982252",
      "t" : 1756433317627,
      "tn" : 1756433317627982251,
      "q" : "94519",
      "p" : "0.002638",
      "s" : "sell",
      "i" : "BLAST_USD",
      "m" : "4611686018428110377"
    }, {
      "d" : "1756433317627982251",
      "t" : 1756433317627,
      "tn" : 1756433317627982251,
      "q" : "175639",
      "p" : "0.002638",
      "s" : "sell",
      "i" : "BLAST_USD",
      "m" : "4611686018428110377"
    }, {
      "d" : "1756433313873226637",
      "t" : 1756433313873,
      "tn" : 1756433313873226637,
      "q" : "31172",
      "p" : "0.002638",
      "s" : "buy",
      "i" : "BLAST_USD",
      "m" : "4611686018428110376"
    }, {
      "d" : "1756433313392205654",
      "t" : 1756433313392,
      "tn" : 1756433313392205654,
      "q" : "94535",
      "p" : "0.002638",
      "s" : "sell",
      "i" : "BLAST_USD",
      "m" : "4611686018428110375"
    }, {
      "d" : "1756433310140582950",
      "t" : 1756433310140,
      "tn" : 1756433310140582950,
      "q" : "4636",
      "p" : "0.002639",
      "s" : "sell",
      "i" : "BLAST_USD",
      "m" : "4611686018428110374"
    }, {
      "d" : "1756433306670431355",
      "t" : 1756433306670,
      "tn" : 1756433306670431355,
      "q" : "30326",
      "p" : "0.002638",
      "s" : "buy",
      "i" : "BLAST_USD",
      "m" : "4611686018428110373"
    }, {
      "d" : "1756433306658185184",
      "t" : 1756433306658,
      "tn" : 1756433306658185183,
      "q" : "9706",
      "p" : "0.002638",
      "s" : "sell",
      "i" : "BLAST_USD",
      "m" : "4611686018428110372"
    }, {
      "d" : "1756433306658185183",
      "t" : 1756433306658,
      "tn" : 1756433306658185183,
      "q" : "90988",
      "p" : "0.002638",
      "s" : "sell",
      "i" : "BLAST_USD",
      "m" : "4611686018428110372"
    }, {
      "d" : "1756433303192903319",
      "t" : 1756433303192,
      "tn" : 1756433303192903318,
      "q" : "4636",
      "p" : "0.002639",
      "s" : "sell",
      "i" : "BLAST_USD",
      "m" : "4611686018428110371"
    }, {
      "d" : "1756433303192903318",
      "t" : 1756433303192,
      "tn" : 1756433303192903318,
      "q" : "9742",
      "p" : "0.002639",
      "s" : "sell",
      "i" : "BLAST_USD",
      "m" : "4611686018428110371"
    }, {
      "d" : "1756433299743677340",
      "t" : 1756433299743,
      "tn" : 1756433299743677340,
      "q" : "9724",
      "p" : "0.002640",
      "s" : "sell",
      "i" : "BLAST_USD",
      "m" : "4611686018428110370"
    }, {
      "d" : "1756429704490686503",
      "t" : 1756429704490,
      "tn" : 1756429704490686503,
      "q" : "134111",
      "p" : "0.002685",
      "s" : "sell",
      "i" : "BLAST_USD",
      "m" : "4611686018428110369"
    }, {
      "d" : "1756427733899495413",
      "t" : 1756427733899,
      "tn" : 1756427733899495413,
      "q" : "31378",
      "p" : "0.002739",
      "s" : "buy",
      "i" : "BLAST_USD",
      "m" : "4611686018428110368"
    }, {
      "d" : "1756426804239283696",
      "t" : 1756426804239,
      "tn" : 1756426804239283696,
      "q" : "5383",
      "p" : "0.002704",
      "s" : "sell",
      "i" : "BLAST_USD",
      "m" : "4611686018428110367"
    }, {
      "d" : "1756426595412034422",
      "t" : 1756426595412,
      "tn" : 1756426595412034422,
      "q" : "9947",
      "p" : "0.002697",
      "s" : "buy",
      "i" : "BLAST_USD",
      "m" : "4611686018428110366"
    }, {
      "d" : "1756426405786776368",
      "t" : 1756426405786,
      "tn" : 1756426405786776368,
      "q" : "56116",
      "p" : "0.002690",
      "s" : "buy",
      "i" : "BLAST_USD",
      "m" : "4611686018428110365"
    }, {
      "d" : "1756425878224070217",
      "t" : 1756425878224,
      "tn" : 1756425878224070217,
      "q" : "8224",
      "p" : "0.002699",
      "s" : "buy",
      "i" : "BLAST_USD",
      "m" : "4611686018428110364"
    }, {
      "d" : "1756425873310596974",
      "t" : 1756425873310,
      "tn" : 1756425873310596974,
      "q" : "9555",
      "p" : "0.002694",
      "s" : "buy",
      "i" : "BLAST_USD",
      "m" : "4611686018428110363"
    }, {
      "d" : "1756425869980389843",
      "t" : 1756425869980,
      "tn" : 1756425869980389843,
      "q" : "9763",
      "p" : "0.002692",
      "s" : "buy",
      "i" : "BLAST_USD",
      "m" : "4611686018428110362"
    }, {
      "d" : "1756425631199180785",
      "t" : 1756425631199,
      "tn" : 1756425631199180785,
      "q" : "3422",
      "p" : "0.002706",
      "s" : "buy",
      "i" : "BLAST_USD",
      "m" : "4611686018428110361"
    }, {
      "d" : "1756425631199178860",
      "t" : 1756425631199,
      "tn" : 1756425631199178860,
      "q" : "11222",
      "p" : "0.002698",
      "s" : "buy",
      "i" : "BLAST_USD",
      "m" : "4611686018428110360"
    }, {
      "d" : "1756425371160182002",
      "t" : 1756425371160,
      "tn" : 1756425371160182002,
      "q" : "7556",
      "p" : "0.002701",
      "s" : "buy",
      "i" : "BLAST_USD",
      "m" : "4611686018428110359"
    }, {
      "d" : "1756419085510577416",
      "t" : 1756419085510,
      "tn" : 1756419085510577416,
      "q" : "5548",
      "p" : "0.002666",
      "s" : "sell",
      "i" : "BLAST_USD",
      "m" : "4611686018428110358"
    }, {
      "d" : "1756419082285959678",
      "t" : 1756419082285,
      "tn" : 1756419082285959678,
      "q" : "4587",
      "p" : "0.002667",
      "s" : "sell",
      "i" : "BLAST_USD",
      "m" : "4611686018428110357"
    }, {
      "d" : "1756418545774987983",
      "t" : 1756418545774,
      "tn" : 1756418545774987983,
      "q" : "9553",
      "p" : "0.002668",
      "s" : "sell",
      "i" : "BLAST_USD",
      "m" : "4611686018428110356"
    }, {
      "d" : "1756417267190409852",
      "t" : 1756417267190,
      "tn" : 1756417267190409852,
      "q" : "4800",
      "p" : "0.002678",
      "s" : "buy",
      "i" : "BLAST_USD",
      "m" : "4611686018428110355"
    }, {
      "d" : "1756416115658976432",
      "t" : 1756416115658,
      "tn" : 1756416115658976431,
      "q" : "16644",
      "p" : "0.002658",
      "s" : "buy",
      "i" : "BLAST_USD",
      "m" : "4611686018428110354"
    }, {
      "d" : "1756416115658976431",
      "t" : 1756416115658,
      "tn" : 1756416115658976431,
      "q" : "9608",
      "p" : "0.002658",
      "s" : "buy",
      "i" : "BLAST_USD",
      "m" : "4611686018428110354"
    }, {
      "d" : "1756416110686119632",
      "t" : 1756416110686,
      "tn" : 1756416110686119632,
      "q" : "9589",
      "p" : "0.002657",
      "s" : "buy",
      "i" : "BLAST_USD",
      "m" : "4611686018428110353"
    }, {
      "d" : "1756415549066960606",
      "t" : 1756415549066,
      "tn" : 1756415549066960606,
      "q" : "18811",
      "p" : "0.002658",
      "s" : "buy",
      "i" : "BLAST_USD",
      "m" : "4611686018428110352"
    }, {
      "d" : "1756409040283241412",
      "t" : 1756409040283,
      "tn" : 1756409040283241412,
      "q" : "38068",
      "p" : "0.002645",
      "s" : "buy",
      "i" : "BLAST_USD",
      "m" : "4611686018428110351"
    }, {
      "d" : "1756407975283894812",
      "t" : 1756407975283,
      "tn" : 1756407975283894812,
      "q" : "178825",
      "p" : "0.002631",
      "s" : "sell",
      "i" : "BLAST_USD",
      "m" : "4611686018428110350"
    }, {
      "d" : "1756407971989425460",
      "t" : 1756407971989,
      "tn" : 1756407971989425459,
      "q" : "4648",
      "p" : "0.002632",
      "s" : "sell",
      "i" : "BLAST_USD",
      "m" : "4611686018428110349"
    }, {
      "d" : "1756407971989425459",
      "t" : 1756407971989,
      "tn" : 1756407971989425459,
      "q" : "9544",
      "p" : "0.002632",
      "s" : "sell",
      "i" : "BLAST_USD",
      "m" : "4611686018428110349"
    }, {
      "d" : "1756407965951266774",
      "t" : 1756407965951,
      "tn" : 1756407965951266774,
      "q" : "9983",
      "p" : "0.002633",
      "s" : "sell",
      "i" : "BLAST_USD",
      "m" : "4611686018428110348"
    }, {
      "d" : "1756407577288087738",
      "t" : 1756407577288,
      "tn" : 1756407577288087738,
      "q" : "9455",
      "p" : "0.002644",
      "s" : "sell",
      "i" : "BLAST_USD",
      "m" : "4611686018428110347"
    }, {
      "d" : "1756407148680032618",
      "t" : 1756407148680,
      "tn" : 1756407148680032618,
      "q" : "9724",
      "p" : "0.002652",
      "s" : "sell",
      "i" : "BLAST_USD",
      "m" : "4611686018428110346"
    }, {
      "d" : "1756406720970059015",
      "t" : 1756406720970,
      "tn" : 1756406720970059014,
      "q" : "1198",
      "p" : "0.002640",
      "s" : "sell",
      "i" : "BLAST_USD",
      "m" : "4611686018428110345"
    }, {
      "d" : "1756406720970059014",
      "t" : 1756406720970,
      "tn" : 1756406720970059014,
      "q" : "9955",
      "p" : "0.002640",
      "s" : "sell",
      "i" : "BLAST_USD",
      "m" : "4611686018428110345"
    }, {
      "d" : "1756405310327027766",
      "t" : 1756405310327,
      "tn" : 1756405310327027766,
      "q" : "4075",
      "p" : "0.002638",
      "s" : "sell",
      "i" : "BLAST_USD",
      "m" : "4611686018428110344"
    }, {
      "d" : "1756401467016721061",
      "t" : 1756401467016,
      "tn" : 1756401467016721061,
      "q" : "4031",
      "p" : "0.002612",
      "s" : "buy",
      "i" : "BLAST_USD",
      "m" : "4611686018428110343"
    }, {
      "d" : "1756401461265197211",
      "t" : 1756401461265,
      "tn" : 1756401461265197211,
      "q" : "9919",
      "p" : "0.002611",
      "s" : "buy",
      "i" : "BLAST_USD",
      "m" : "4611686018428110342"
    }, {
      "d" : "1756400191924010515",
      "t" : 1756400191924,
      "tn" : 1756400191924010515,
      "q" : "9539",
      "p" : "0.002619",
      "s" : "buy",
      "i" : "BLAST_USD",
      "m" : "4611686018428110341"
    }, {
      "d" : "1756399527013173419",
      "t" : 1756399527013,
      "tn" : 1756399527013173419,
      "q" : "3983",
      "p" : "0.002649",
      "s" : "buy",
      "i" : "BLAST_USD",
      "m" : "4611686018428110340"
    }, {
      "d" : "1756399522805779217",
      "t" : 1756399522805,
      "tn" : 1756399522805779216,
      "q" : "4289",
      "p" : "0.002649",
      "s" : "buy",
      "i" : "BLAST_USD",
      "m" : "4611686018428110339"
    }, {
      "d" : "1756399522805779216",
      "t" : 1756399522805,
      "tn" : 1756399522805779216,
      "q" : "9890",
      "p" : "0.002649",
      "s" : "buy",
      "i" : "BLAST_USD",
      "m" : "4611686018428110339"
    }, {
      "d" : "1756397019130172108",
      "t" : 1756397019130,
      "tn" : 1756397019130172108,
      "q" : "727",
      "p" : "0.002619",
      "s" : "buy",
      "i" : "BLAST_USD",
      "m" : "4611686018428110338"
    }, {
      "d" : "1756397019129241616",
      "t" : 1756397019129,
      "tn" : 1756397019129241616,
      "q" : "34364",
      "p" : "0.002619",
      "s" : "buy",
      "i" : "BLAST_USD",
      "m" : "4611686018428110337"
    }, {
      "d" : "1756397019122223603",
      "t" : 1756397019122,
      "tn" : 1756397019122223603,
      "q" : "6620",
      "p" : "0.002619",
      "s" : "buy",
      "i" : "BLAST_USD",
      "m" : "4611686018428110336"
    }, {
      "d" : "1756397019064536016",
      "t" : 1756397019064,
      "tn" : 1756397019064536016,
      "q" : "11515",
      "p" : "0.002619",
      "s" : "buy",
      "i" : "BLAST_USD",
      "m" : "4611686018428110335"
    }, {
      "d" : "1756397018979995556",
      "t" : 1756397018979,
      "tn" : 1756397018979995556,
      "q" : "16315",
      "p" : "0.002619",
      "s" : "buy",
      "i" : "BLAST_USD",
      "m" : "4611686018428110334"
    }, {
      "d" : "1756397018968417453",
      "t" : 1756397018968,
      "tn" : 1756397018968417453,
      "q" : "16000",
      "p" : "0.002619",
      "s" : "buy",
      "i" : "BLAST_USD",
      "m" : "4611686018428110333"
    }, {
      "d" : "1756397018948123150",
      "t" : 1756397018948,
      "tn" : 1756397018948123150,
      "q" : "9934",
      "p" : "0.002619",
      "s" : "sell",
      "i" : "BLAST_USD",
      "m" : "4611686018428110332"
    }, {
      "d" : "1756397013381217822",
      "t" : 1756397013381,
      "tn" : 1756397013381217822,
      "q" : "9549",
      "p" : "0.002620",
      "s" : "sell",
      "i" : "BLAST_USD",
      "m" : "4611686018428110331"
    }, {
      "d" : "1756397009908572488",
      "t" : 1756397009908,
      "tn" : 1756397009908572488,
      "q" : "9720",
      "p" : "0.002621",
      "s" : "sell",
      "i" : "BLAST_USD",
      "m" : "4611686018428110330"
    }, {
      "d" : "1756397006197622484",
      "t" : 1756397006197,
      "tn" : 1756397006197622484,
      "q" : "9826",
      "p" : "0.002622",
      "s" : "sell",
      "i" : "BLAST_USD",
      "m" : "4611686018428110329"
    }, {
      "d" : "1756397003001973735",
      "t" : 1756397003001,
      "tn" : 1756397003001973735,
      "q" : "9646",
      "p" : "0.002622",
      "s" : "sell",
      "i" : "BLAST_USD",
      "m" : "4611686018428110328"
    }, {
      "d" : "1756396999875261586",
      "t" : 1756396999875,
      "tn" : 1756396999875261586,
      "q" : "9740",
      "p" : "0.002622",
      "s" : "sell",
      "i" : "BLAST_USD",
      "m" : "4611686018428110327"
    }, {
      "d" : "1756396827128610768",
      "t" : 1756396827128,
      "tn" : 1756396827128610768,
      "q" : "9468",
      "p" : "0.002622",
      "s" : "sell",
      "i" : "BLAST_USD",
      "m" : "4611686018428110326"
    }, {
      "d" : "1756394810104229336",
      "t" : 1756394810104,
      "tn" : 1756394810104229336,
      "q" : "7463",
      "p" : "0.002610",
      "s" : "sell",
      "i" : "BLAST_USD",
      "m" : "4611686018428110325"
    }, {
      "d" : "1756394806622977166",
      "t" : 1756394806622,
      "tn" : 1756394806622977165,
      "q" : "79892",
      "p" : "0.002610",
      "s" : "sell",
      "i" : "BLAST_USD",
      "m" : "4611686018428110324"
    }, {
      "d" : "1756394806622977165",
      "t" : 1756394806622,
      "tn" : 1756394806622977165,
      "q" : "9619",
      "p" : "0.002610",
      "s" : "sell",
      "i" : "BLAST_USD",
      "m" : "4611686018428110324"
    }, {
      "d" : "1756394801663363820",
      "t" : 1756394801663,
      "tn" : 1756394801663363818,
      "q" : "9711",
      "p" : "0.002611",
      "s" : "sell",
      "i" : "BLAST_USD",
      "m" : "4611686018428110323"
    }, {
      "d" : "1756394801663363819",
      "t" : 1756394801663,
      "tn" : 1756394801663363818,
      "q" : "188361",
      "p" : "0.002611",
      "s" : "sell",
      "i" : "BLAST_USD",
      "m" : "4611686018428110323"
    }, {
      "d" : "1756394801663363818",
      "t" : 1756394801663,
      "tn" : 1756394801663363818,
      "q" : "95537",
      "p" : "0.002611",
      "s" : "sell",
      "i" : "BLAST_USD",
      "m" : "4611686018428110323"
    }, {
      "d" : "1756394797714573242",
      "t" : 1756394797714,
      "tn" : 1756394797714573242,
      "q" : "9751",
      "p" : "0.002612",
      "s" : "sell",
      "i" : "BLAST_USD",
      "m" : "4611686018428110322"
    }, {
      "d" : "1756394634344643022",
      "t" : 1756394634344,
      "tn" : 1756394634344643022,
      "q" : "9787",
      "p" : "0.002624",
      "s" : "sell",
      "i" : "BLAST_USD",
      "m" : "4611686018428110321"
    }, {
      "d" : "1756393639619452919",
      "t" : 1756393639619,
      "tn" : 1756393639619452919,
      "q" : "42137",
      "p" : "0.002638",
      "s" : "buy",
      "i" : "BLAST_USD",
      "m" : "4611686018428110320"
    }, {
      "d" : "1756392222155290760",
      "t" : 1756392222155,
      "tn" : 1756392222155290760,
      "q" : "120232",
      "p" : "0.002614",
      "s" : "sell",
      "i" : "BLAST_USD",
      "m" : "4611686018428110319"
    }, {
      "d" : "1756391785407962631",
      "t" : 1756391785407,
      "tn" : 1756391785407962631,
      "q" : "7330",
      "p" : "0.002637",
      "s" : "buy",
      "i" : "BLAST_USD",
      "m" : "4611686018428110318"
    }, {
      "d" : "1756391398094468582",
      "t" : 1756391398094,
      "tn" : 1756391398094468582,
      "q" : "15192",
      "p" : "0.002633",
      "s" : "buy",
      "i" : "BLAST_USD",
      "m" : "4611686018428110317"
    }, {
      "d" : "1756391397976700343",
      "t" : 1756391397976,
      "tn" : 1756391397976700343,
      "q" : "9765",
      "p" : "0.002633",
      "s" : "buy",
      "i" : "BLAST_USD",
      "m" : "4611686018428110316"
    }, {
      "d" : "1756391397753377816",
      "t" : 1756391397753,
      "tn" : 1756391397753377816,
      "q" : "31172",
      "p" : "0.002633",
      "s" : "buy",
      "i" : "BLAST_USD",
      "m" : "4611686018428110315"
    }, {
      "d" : "1756391084505790147",
      "t" : 1756391084505,
      "tn" : 1756391084505790147,
      "q" : "13879",
      "p" : "0.002633",
      "s" : "buy",
      "i" : "BLAST_USD",
      "m" : "4611686018428110314"
    }, {
      "d" : "1756391084503843249",
      "t" : 1756391084503,
      "tn" : 1756391084503843249,
      "q" : "5900",
      "p" : "0.002633",
      "s" : "buy",
      "i" : "BLAST_USD",
      "m" : "4611686018428110313"
    }, {
      "d" : "1756391084454165325",
      "t" : 1756391084454,
      "tn" : 1756391084454165325,
      "q" : "20030",
      "p" : "0.002633",
      "s" : "buy",
      "i" : "BLAST_USD",
      "m" : "4611686018428110312"
    }, {
      "d" : "1756391083673132660",
      "t" : 1756391083673,
      "tn" : 1756391083673132660,
      "q" : "19326",
      "p" : "0.002632",
      "s" : "buy",
      "i" : "BLAST_USD",
      "m" : "4611686018428110311"
    }, {
      "d" : "1756391083666996930",
      "t" : 1756391083666,
      "tn" : 1756391083666996930,
      "q" : "5800",
      "p" : "0.002632",
      "s" : "buy",
      "i" : "BLAST_USD",
      "m" : "4611686018428110310"
    }, {
      "d" : "1756391083652688800",
      "t" : 1756391083652,
      "tn" : 1756391083652688800,
      "q" : "31172",
      "p" : "0.002632",
      "s" : "buy",
      "i" : "BLAST_USD",
      "m" : "4611686018428110309"
    }, {
      "d" : "1756391083649655170",
      "t" : 1756391083649,
      "tn" : 1756391083649655170,
      "q" : "5800",
      "p" : "0.002632",
      "s" : "buy",
      "i" : "BLAST_USD",
      "m" : "4611686018428110308"
    }, {
      "d" : "1756391083629474211",
      "t" : 1756391083629,
      "tn" : 1756391083629474211,
      "q" : "31172",
      "p" : "0.002632",
      "s" : "buy",
      "i" : "BLAST_USD",
      "m" : "4611686018428110307"
    }, {
      "d" : "1756391025551876760",
      "t" : 1756391025551,
      "tn" : 1756391025551876760,
      "q" : "9697",
      "p" : "0.002620",
      "s" : "buy",
      "i" : "BLAST_USD",
      "m" : "4611686018428110306"
    }, {
      "d" : "1756391025509216001",
      "t" : 1756391025509,
      "tn" : 1756391025509216001,
      "q" : "6066",
      "p" : "0.002620",
      "s" : "buy",
      "i" : "BLAST_USD",
      "m" : "4611686018428110305"
    }, {
      "d" : "1756391025484053733",
      "t" : 1756391025484,
      "tn" : 1756391025484053733,
      "q" : "11584",
      "p" : "0.002620",
      "s" : "buy",
      "i" : "BLAST_USD",
      "m" : "4611686018428110304"
    }, {
      "d" : "1756391025484051202",
      "t" : 1756391025484,
      "tn" : 1756391025484051202,
      "q" : "11000",
      "p" : "0.002620",
      "s" : "buy",
      "i" : "BLAST_USD",
      "m" : "4611686018428110303"
    }, {
      "d" : "1756391021055745321",
      "t" : 1756391021055,
      "tn" : 1756391021055745321,
      "q" : "9759",
      "p" : "0.002620",
      "s" : "buy",
      "i" : "BLAST_USD",
      "m" : "4611686018428110302"
    }, {
      "d" : "1756391020960768619",
      "t" : 1756391020960,
      "tn" : 1756391020960768619,
      "q" : "9743",
      "p" : "0.002620",
      "s" : "buy",
      "i" : "BLAST_USD",
      "m" : "4611686018428110301"
    }, {
      "d" : "1756391020864939123",
      "t" : 1756391020864,
      "tn" : 1756391020864939123,
      "q" : "9983",
      "p" : "0.002620",
      "s" : "buy",
      "i" : "BLAST_USD",
      "m" : "4611686018428110300"
    }, {
      "d" : "1756391020762968837",
      "t" : 1756391020762,
      "tn" : 1756391020762968837,
      "q" : "9843",
      "p" : "0.002620",
      "s" : "buy",
      "i" : "BLAST_USD",
      "m" : "4611686018428110299"
    }, {
      "d" : "1756391020658495447",
      "t" : 1756391020658,
      "tn" : 1756391020658495447,
      "q" : "9923",
      "p" : "0.002620",
      "s" : "buy",
      "i" : "BLAST_USD",
      "m" : "4611686018428110298"
    }, {
      "d" : "1756391020558250389",
      "t" : 1756391020558,
      "tn" : 1756391020558250389,
      "q" : "9624",
      "p" : "0.002620",
      "s" : "buy",
      "i" : "BLAST_USD",
      "m" : "4611686018428110297"
    }, {
      "d" : "1756389833758936852",
      "t" : 1756389833758,
      "tn" : 1756389833758936852,
      "q" : "53686",
      "p" : "0.002595",
      "s" : "buy",
      "i" : "BLAST_USD",
      "m" : "4611686018428110296"
    }, {
      "d" : "1756389731062827372",
      "t" : 1756389731062,
      "tn" : 1756389731062827372,
      "q" : "4764",
      "p" : "0.002579",
      "s" : "sell",
      "i" : "BLAST_USD",
      "m" : "4611686018428110295"
    }, {
      "d" : "1756389725219679906",
      "t" : 1756389725219,
      "tn" : 1756389725219679906,
      "q" : "9900",
      "p" : "0.002580",
      "s" : "sell",
      "i" : "BLAST_USD",
      "m" : "4611686018428110294"
    }, {
      "d" : "1756389721410851449",
      "t" : 1756389721410,
      "tn" : 1756389721410851449,
      "q" : "9549",
      "p" : "0.002581",
      "s" : "sell",
      "i" : "BLAST_USD",
      "m" : "4611686018428110293"
    }, {
      "d" : "1756389600675262480",
      "t" : 1756389600675,
      "tn" : 1756389600675262480,
      "q" : "4760",
      "p" : "0.002575",
      "s" : "buy",
      "i" : "BLAST_USD",
      "m" : "4611686018428110292"
    }, {
      "d" : "1756389285375752361",
      "t" : 1756389285375,
      "tn" : 1756389285375752361,
      "q" : "3497",
      "p" : "0.002574",
      "s" : "buy",
      "i" : "BLAST_USD",
      "m" : "4611686018428110291"
    }, {
      "d" : "1756387659682307497",
      "t" : 1756387659682,
      "tn" : 1756387659682307497,
      "q" : "4000",
      "p" : "0.002561",
      "s" : "sell",
      "i" : "BLAST_USD",
      "m" : "4611686018428110290"
    }, {
      "d" : "1756387162586353431",
      "t" : 1756387162586,
      "tn" : 1756387162586353431,
      "q" : "52436",
      "p" : "0.002559",
      "s" : "sell",
      "i" : "BLAST_USD",
      "m" : "4611686018428110289"
    }, {
      "d" : "1756387159300036765",
      "t" : 1756387159300,
      "tn" : 1756387159300036765,
      "q" : "9856",
      "p" : "0.002560",
      "s" : "sell",
      "i" : "BLAST_USD",
      "m" : "4611686018428110288"
    }, {
      "d" : "1756387100186069471",
      "t" : 1756387100186,
      "tn" : 1756387100186069470,
      "q" : "397",
      "p" : "0.002567",
      "s" : "buy",
      "i" : "BLAST_USD",
      "m" : "4611686018428110287"
    }, {
      "d" : "1756387100186069470",
      "t" : 1756387100186,
      "tn" : 1756387100186069470,
      "q" : "4775",
      "p" : "0.002567",
      "s" : "buy",
      "i" : "BLAST_USD",
      "m" : "4611686018428110287"
    }, {
      "d" : "1756385421234326332",
      "t" : 1756385421234,
      "tn" : 1756385421234326332,
      "q" : "150689",
      "p" : "0.002562",
      "s" : "sell",
      "i" : "BLAST_USD",
      "m" : "4611686018428110286"
    }, {
      "d" : "1756385421234324152",
      "t" : 1756385421234,
      "tn" : 1756385421234324152,
      "q" : "4773",
      "p" : "0.002563",
      "s" : "sell",
      "i" : "BLAST_USD",
      "m" : "4611686018428110285"
    }, {
      "d" : "1756384777051268131",
      "t" : 1756384777051,
      "tn" : 1756384777051268131,
      "q" : "8209",
      "p" : "0.002569",
      "s" : "buy",
      "i" : "BLAST_USD",
      "m" : "4611686018428110284"
    }, {
      "d" : "1756384773781135195",
      "t" : 1756384773781,
      "tn" : 1756384773781135195,
      "q" : "9868",
      "p" : "0.002568",
      "s" : "buy",
      "i" : "BLAST_USD",
      "m" : "4611686018428110283"
    }, {
      "d" : "1756384770345151289",
      "t" : 1756384770345,
      "tn" : 1756384770345151289,
      "q" : "9723",
      "p" : "0.002569",
      "s" : "buy",
      "i" : "BLAST_USD",
      "m" : "4611686018428110282"
    }, {
      "d" : "1756384767003469398",
      "t" : 1756384767003,
      "tn" : 1756384767003469398,
      "q" : "9730",
      "p" : "0.002568",
      "s" : "buy",
      "i" : "BLAST_USD",
      "m" : "4611686018428110281"
    }, {
      "d" : "1756384515255341447",
      "t" : 1756384515255,
      "tn" : 1756384515255341447,
      "q" : "155749",
      "p" : "0.002564",
      "s" : "sell",
      "i" : "BLAST_USD",
      "m" : "4611686018428110280"
    }, {
      "d" : "1756381017953213002",
      "t" : 1756381017953,
      "tn" : 1756381017953213002,
      "q" : "9044",
      "p" : "0.002575",
      "s" : "buy",
      "i" : "BLAST_USD",
      "m" : "4611686018428110279"
    }, {
      "d" : "1756381012886787795",
      "t" : 1756381012886,
      "tn" : 1756381012886787795,
      "q" : "9564",
      "p" : "0.002574",
      "s" : "buy",
      "i" : "BLAST_USD",
      "m" : "4611686018428110278"
    }, {
      "d" : "1756381007743677619",
      "t" : 1756381007743,
      "tn" : 1756381007743677619,
      "q" : "9757",
      "p" : "0.002576",
      "s" : "buy",
      "i" : "BLAST_USD",
      "m" : "4611686018428110277"
    }, {
      "d" : "1756381004045895184",
      "t" : 1756381004045,
      "tn" : 1756381004045895184,
      "q" : "9911",
      "p" : "0.002575",
      "s" : "buy",
      "i" : "BLAST_USD",
      "m" : "4611686018428110276"
    }, {
      "d" : "1756379684522242743",
      "t" : 1756379684522,
      "tn" : 1756379684522242743,
      "q" : "4285",
      "p" : "0.002560",
      "s" : "sell",
      "i" : "BLAST_USD",
      "m" : "4611686018428110275"
    } ]
  }
}