{
  "id" : -1,
  "method" : "public/get-trades",
  "code" : 0,
  "result" : {
    "data" : [ {
      "d" : "1756459620172442033",
      "t" : 1756459620172,
      "tn" : 1756459620172442033,
      "q" : "2631",
      "p" : "0.07592",
      "s" : "sell",
      "i" : "BLURUSD-PERP",
      "m" : "4611686018429398923"
    }, {
      "d" : "1756459620172439907",
      "t" : 1756459620172,
      "tn" : 1756459620172439907,
      "q" : "1",
      "p" : "0.07594",
      "s" : "sell",
      "i" : "BLURUSD-PERP",
      "m" : "4611686018429398922"
    }, {
      "d" : "1756394570437828984",
      "t" : 1756394570437,
      "tn" : 1756394570437828984,
      "q" : "387",
      "p" : "0.08000",
      "s" : "buy",
      "i" : "BLURUSD-PERP",
      "m" : "4611686018429398921"
    }, {
      "d" : "1756394570437827275",
      "t" : 1756394570437,
      "tn" : 1756394570437827275,
      "q" : "1",
      "p" : "0.07991",
      "s" : "buy",
      "i" : "BLURUSD-PERP",
      "m" : "4611686018429398920"
    }, {
      "d" : "1756394570437825071",
      "t" : 1756394570437,
      "tn" : 1756394570437825071,
      "q" : "1",
      "p" : "0.07989",
      "s" : "buy",
      "i" : "BLURUSD-PERP",
      "m" : "4611686018429398919"
    }, {
      "d" : "1756394557051886951",
      "t" : 1756394557051,
      "tn" : 1756394557051886951,
      "q" : "2480",
      "p" : "0.08072",
      "s" : "buy",
      "i" : "BLURUSD-PERP",
      "m" : "4611686018429398918"
    }, {
      "d" : "1756394557008107219",
      "t" : 1756394557008,
      "tn" : 1756394557008107219,
      "q" : "2480",
      "p" : "0.08058",
      "s" : "buy",
      "i" : "BLURUSD-PERP",
      "m" : "4611686018429398917"
    }, {
      "d" : "1756394557000089136",
      "t" : 1756394557000,
      "tn" : 1756394557000089136,
      "q" : "2487",
      "p" : "0.08040",
      "s" : "buy",
      "i" : "BLURUSD-PERP",
      "m" : "4611686018429398916"
    }, {
      "d" : "1756394557000085301",
      "t" : 1756394557000,
      "tn" : 1756394557000085301,
      "q" : "1",
      "p" : "0.08033",
      "s" : "buy",
      "i" : "BLURUSD-PERP",
      "m" : "4611686018429398915"
    }, {
      "d" : "1756394557000084368",
      "t" : 1756394557000,
      "tn" : 1756394557000084368,
      "q" : "1",
      "p" : "0.08031",
      "s" : "buy",
      "i" : "BLURUSD-PERP",
      "m" : "4611686018429398914"
    }, {
      "d" : "1756394414133125279",
      "t" : 1756394414133,
      "tn" : 1756394414133125279,
      "q" : "2482",
      "p" : "0.08058",
      "s" : "buy",
      "i" : "BLURUSD-PERP",
      "m" : "4611686018429398913"
    }, {
      "d" : "1756394414133123028",
      "t" : 1756394414133,
      "tn" : 1756394414133123028,
      "q" : "1",
      "p" : "0.08050",
      "s" : "buy",
      "i" : "BLURUSD-PERP",
      "m" : "4611686018429398912"
    }, {
      "d" : "1756394414133120193",
      "t" : 1756394414133,
      "tn" : 1756394414133120193,
      "q" : "1",
      "p" : "0.08048",
      "s" : "buy",
      "i" : "BLURUSD-PERP",
      "m" : "4611686018429398911"
    } ]
  }
}