{
  "id" : -1,
  "method" : "public/get-trades",
  "code" : 0,
  "result" : {
    "data" : [ {
      "d" : "1756456709100243263",
      "t" : 1756456709100,
      "tn" : 1756456709100243263,
      "q" : "17.0",
      "p" : "0.07602",
      "s" : "sell",
      "i" : "BLUR_USD",
      "m" : "4611686018429609376"
    }, {
      "d" : "1756454972381711976",
      "t" : 1756454972381,
      "tn" : 1756454972381711976,
      "q" : "2617.0",
      "p" : "0.07641",
      "s" : "sell",
      "i" : "BLUR_USD",
      "m" : "4611686018429609375"
    }, {
      "d" : "1756452811578938162",
      "t" : 1756452811578,
      "tn" : 1756452811578938162,
      "q" : "408.2",
      "p" : "0.07713",
      "s" : "sell",
      "i" : "BLUR_USD",
      "m" : "4611686018429609374"
    }, {
      "d" : "1756452311947818807",
      "t" : 1756452311947,
      "tn" : 1756452311947818807,
      "q" : "2594.0",
      "p" : "0.07710",
      "s" : "sell",
      "i" : "BLUR_USD",
      "m" : "4611686018429609373"
    }, {
      "d" : "1756452252115512535",
      "t" : 1756452252115,
      "tn" : 1756452252115512535,
      "q" : "2592.0",
      "p" : "0.07720",
      "s" : "sell",
      "i" : "BLUR_USD",
      "m" : "4611686018429609372"
    }, {
      "d" : "1756451659843645988",
      "t" : 1756451659843,
      "tn" : 1756451659843645988,
      "q" : "2585.0",
      "p" : "0.07741",
      "s" : "sell",
      "i" : "BLUR_USD",
      "m" : "4611686018429609371"
    }, {
      "d" : "1756451623099423314",
      "t" : 1756451623099,
      "tn" : 1756451623099423314,
      "q" : "2586.0",
      "p" : "0.07740",
      "s" : "sell",
      "i" : "BLUR_USD",
      "m" : "4611686018429609370"
    }, {
      "d" : "1756451609771720573",
      "t" : 1756451609771,
      "tn" : 1756451609771720573,
      "q" : "2582.0",
      "p" : "0.07752",
      "s" : "sell",
      "i" : "BLUR_USD",
      "m" : "4611686018429609369"
    }, {
      "d" : "1756451272106060162",
      "t" : 1756451272106,
      "tn" : 1756451272106060162,
      "q" : "2572.0",
      "p" : "0.07781",
      "s" : "sell",
      "i" : "BLUR_USD",
      "m" : "4611686018429609368"
    }, {
      "d" : "1756445113352663093",
      "t" : 1756445113352,
      "tn" : 1756445113352663093,
      "q" : "2534.5",
      "p" : "0.07896",
      "s" : "sell",
      "i" : "BLUR_USD",
      "m" : "4611686018429609367"
    }, {
      "d" : "1756442911108259521",
      "t" : 1756442911108,
      "tn" : 1756442911108259521,
      "q" : "32.8",
      "p" : "0.07933",
      "s" : "sell",
      "i" : "BLUR_USD",
      "m" : "4611686018429609366"
    }, {
      "d" : "1756442819585435235",
      "t" : 1756442819585,
      "tn" : 1756442819585435235,
      "q" : "101.4",
      "p" : "0.07951",
      "s" : "sell",
      "i" : "BLUR_USD",
      "m" : "4611686018429609365"
    }, {
      "d" : "1756442819585433564",
      "t" : 1756442819585,
      "tn" : 1756442819585433564,
      "q" : "2196.9",
      "p" : "0.07952",
      "s" : "sell",
      "i" : "BLUR_USD",
      "m" : "4611686018429609364"
    }, {
      "d" : "1756442819585430449",
      "t" : 1756442819585,
      "tn" : 1756442819585430449,
      "q" : "3011.7",
      "p" : "0.07953",
      "s" : "sell",
      "i" : "BLUR_USD",
      "m" : "4611686018429609363"
    }, {
      "d" : "1756442819549355111",
      "t" : 1756442819549,
      "tn" : 1756442819549355111,
      "q" : "373.4",
      "p" : "0.07954",
      "s" : "sell",
      "i" : "BLUR_USD",
      "m" : "4611686018429609362"
    }, {
      "d" : "1756442819538448236",
      "t" : 1756442819538,
      "tn" : 1756442819538448236,
      "q" : "1880.2",
      "p" : "0.07953",
      "s" : "sell",
      "i" : "BLUR_USD",
      "m" : "4611686018429609361"
    }, {
      "d" : "1756440767778498637",
      "t" : 1756440767778,
      "tn" : 1756440767778498637,
      "q" : "38.5",
      "p" : "0.07885",
      "s" : "sell",
      "i" : "BLUR_USD",
      "m" : "4611686018429609360"
    }, {
      "d" : "1756440488748936298",
      "t" : 1756440488748,
      "tn" : 1756440488748936298,
      "q" : "63.7",
      "p" : "0.08020",
      "s" : "buy",
      "i" : "BLUR_USD",
      "m" : "4611686018429609359"
    }, {
      "d" : "1756439628694585286",
      "t" : 1756439628694,
      "tn" : 1756439628694585286,
      "q" : "37.0",
      "p" : "0.07959",
      "s" : "buy",
      "i" : "BLUR_USD",
      "m" : "4611686018429609358"
    }, {
      "d" : "1756428316279895294",
      "t" : 1756428316279,
      "tn" : 1756428316279895294,
      "q" : "491.5",
      "p" : "0.08065",
      "s" : "sell",
      "i" : "BLUR_USD",
      "m" : "4611686018429609357"
    }, {
      "d" : "1756427575990039385",
      "t" : 1756427575990,
      "tn" : 1756427575990039385,
      "q" : "398.4",
      "p" : "0.08101",
      "s" : "sell",
      "i" : "BLUR_USD",
      "m" : "4611686018429609356"
    }, {
      "d" : "1756427253231488249",
      "t" : 1756427253231,
      "tn" : 1756427253231488249,
      "q" : "1000.0",
      "p" : "0.08131",
      "s" : "buy",
      "i" : "BLUR_USD",
      "m" : "4611686018429609355"
    }, {
      "d" : "1756426215833371028",
      "t" : 1756426215833,
      "tn" : 1756426215833371028,
      "q" : "307.9",
      "p" : "0.08157",
      "s" : "buy",
      "i" : "BLUR_USD",
      "m" : "4611686018429609354"
    }, {
      "d" : "1756426215833368700",
      "t" : 1756426215833,
      "tn" : 1756426215833368700,
      "q" : "2142.0",
      "p" : "0.08156",
      "s" : "buy",
      "i" : "BLUR_USD",
      "m" : "4611686018429609353"
    }, {
      "d" : "1756425633911154776",
      "t" : 1756425633911,
      "tn" : 1756425633911154776,
      "q" : "148.3",
      "p" : "0.08184",
      "s" : "buy",
      "i" : "BLUR_USD",
      "m" : "4611686018429609352"
    }, {
      "d" : "1756425123326693698",
      "t" : 1756425123326,
      "tn" : 1756425123326693698,
      "q" : "34.4",
      "p" : "0.08129",
      "s" : "buy",
      "i" : "BLUR_USD",
      "m" : "4611686018429609351"
    }, {
      "d" : "1756424034672280310",
      "t" : 1756424034672,
      "tn" : 1756424034672280310,
      "q" : "32.5",
      "p" : "0.08037",
      "s" : "buy",
      "i" : "BLUR_USD",
      "m" : "4611686018429609350"
    }, {
      "d" : "1756422134945851537",
      "t" : 1756422134945,
      "tn" : 1756422134945851537,
      "q" : "890.1",
      "p" : "0.07991",
      "s" : "buy",
      "i" : "BLUR_USD",
      "m" : "4611686018429609349"
    }, {
      "d" : "1756422128732181293",
      "t" : 1756422128732,
      "tn" : 1756422128732181293,
      "q" : "123.9",
      "p" : "0.08039",
      "s" : "buy",
      "i" : "BLUR_USD",
      "m" : "4611686018429609348"
    }, {
      "d" : "1756411263738474295",
      "t" : 1756411263738,
      "tn" : 1756411263738474295,
      "q" : "55.0",
      "p" : "0.07860",
      "s" : "buy",
      "i" : "BLUR_USD",
      "m" : "4611686018429609347"
    }, {
      "d" : "1756410955407625827",
      "t" : 1756410955407,
      "tn" : 1756410955407625827,
      "q" : "2130.5",
      "p" : "0.07790",
      "s" : "sell",
      "i" : "BLUR_USD",
      "m" : "4611686018429609346"
    }, {
      "d" : "1756410955407623875",
      "t" : 1756410955407,
      "tn" : 1756410955407623875,
      "q" : "431.2",
      "p" : "0.07791",
      "s" : "sell",
      "i" : "BLUR_USD",
      "m" : "4611686018429609345"
    }, {
      "d" : "1756410217904535066",
      "t" : 1756410217904,
      "tn" : 1756410217904535066,
      "q" : "987.3",
      "p" : "0.07791",
      "s" : "sell",
      "i" : "BLUR_USD",
      "m" : "4611686018429609344"
    }, {
      "d" : "1756410188500888406",
      "t" : 1756410188500,
      "tn" : 1756410188500888406,
      "q" : "206.3",
      "p" : "0.07806",
      "s" : "sell",
      "i" : "BLUR_USD",
      "m" : "4611686018429609343"
    }, {
      "d" : "1756410188497263209",
      "t" : 1756410188497,
      "tn" : 1756410188497263209,
      "q" : "672.7",
      "p" : "0.07806",
      "s" : "sell",
      "i" : "BLUR_USD",
      "m" : "4611686018429609342"
    }, {
      "d" : "1756410188414305051",
      "t" : 1756410188414,
      "tn" : 1756410188414305051,
      "q" : "831.8",
      "p" : "0.07806",
      "s" : "sell",
      "i" : "BLUR_USD",
      "m" : "4611686018429609341"
    }, {
      "d" : "1756406317069044890",
      "t" : 1756406317069,
      "tn" : 1756406317069044890,
      "q" : "425.4",
      "p" : "0.07907",
      "s" : "buy",
      "i" : "BLUR_USD",
      "m" : "4611686018429609340"
    }, {
      "d" : "1756400756188256346",
      "t" : 1756400756188,
      "tn" : 1756400756188256346,
      "q" : "62.7",
      "p" : "0.07792",
      "s" : "buy",
      "i" : "BLUR_USD",
      "m" : "4611686018429609339"
    }, {
      "d" : "1756400429386765008",
      "t" : 1756400429386,
      "tn" : 1756400429386765008,
      "q" : "36.2",
      "p" : "0.07810",
      "s" : "sell",
      "i" : "BLUR_USD",
      "m" : "4611686018429609338"
    }, {
      "d" : "1756400429379855668",
      "t" : 1756400429379,
      "tn" : 1756400429379855668,
      "q" : "372.0",
      "p" : "0.07810",
      "s" : "buy",
      "i" : "BLUR_USD",
      "m" : "4611686018429609337"
    }, {
      "d" : "1756400370439894372",
      "t" : 1756400370439,
      "tn" : 1756400370439894372,
      "q" : "755.6",
      "p" : "0.07765",
      "s" : "buy",
      "i" : "BLUR_USD",
      "m" : "4611686018429609336"
    }, {
      "d" : "1756400370436260796",
      "t" : 1756400370436,
      "tn" : 1756400370436260796,
      "q" : "1931.7",
      "p" : "0.07765",
      "s" : "sell",
      "i" : "BLUR_USD",
      "m" : "4611686018429609335"
    }, {
      "d" : "1756398094841014686",
      "t" : 1756398094841,
      "tn" : 1756398094841014686,
      "q" : "45.0",
      "p" : "0.07900",
      "s" : "sell",
      "i" : "BLUR_USD",
      "m" : "4611686018429609334"
    }, {
      "d" : "1756397702276511058",
      "t" : 1756397702276,
      "tn" : 1756397702276511058,
      "q" : "35.3",
      "p" : "0.07920",
      "s" : "buy",
      "i" : "BLUR_USD",
      "m" : "4611686018429609333"
    }, {
      "d" : "1756396515168361191",
      "t" : 1756396515168,
      "tn" : 1756396515168361191,
      "q" : "147.8",
      "p" : "0.07906",
      "s" : "sell",
      "i" : "BLUR_USD",
      "m" : "4611686018429609332"
    }, {
      "d" : "1756395457197796040",
      "t" : 1756395457197,
      "tn" : 1756395457197796039,
      "q" : "2327.1",
      "p" : "0.08057",
      "s" : "buy",
      "i" : "BLUR_USD",
      "m" : "4611686018429609331"
    }, {
      "d" : "1756395457197796039",
      "t" : 1756395457197,
      "tn" : 1756395457197796039,
      "q" : "915.3",
      "p" : "0.08057",
      "s" : "buy",
      "i" : "BLUR_USD",
      "m" : "4611686018429609331"
    }, {
      "d" : "1756395372786605798",
      "t" : 1756395372786,
      "tn" : 1756395372786605798,
      "q" : "7518.0",
      "p" : "0.08059",
      "s" : "sell",
      "i" : "BLUR_USD",
      "m" : "4611686018429609330"
    }, {
      "d" : "1756395367507334019",
      "t" : 1756395367507,
      "tn" : 1756395367507334019,
      "q" : "6877.1",
      "p" : "0.08059",
      "s" : "sell",
      "i" : "BLUR_USD",
      "m" : "4611686018429609329"
    }, {
      "d" : "1756395360320187589",
      "t" : 1756395360320,
      "tn" : 1756395360320187589,
      "q" : "6447.0",
      "p" : "0.08061",
      "s" : "sell",
      "i" : "BLUR_USD",
      "m" : "4611686018429609328"
    }, {
      "d" : "1756395283856285440",
      "t" : 1756395283856,
      "tn" : 1756395283856285440,
      "q" : "6999.0",
      "p" : "0.08059",
      "s" : "sell",
      "i" : "BLUR_USD",
      "m" : "4611686018429609327"
    }, {
      "d" : "1756395162297393905",
      "t" : 1756395162297,
      "tn" : 1756395162297393905,
      "q" : "12.5",
      "p" : "0.08032",
      "s" : "sell",
      "i" : "BLUR_USD",
      "m" : "4611686018429609326"
    }, {
      "d" : "1756395162297233503",
      "t" : 1756395162297,
      "tn" : 1756395162297233503,
      "q" : "2483.4",
      "p" : "0.08032",
      "s" : "sell",
      "i" : "BLUR_USD",
      "m" : "4611686018429609325"
    }, {
      "d" : "1756395162297232012",
      "t" : 1756395162297,
      "tn" : 1756395162297232012,
      "q" : "1566.5",
      "p" : "0.08033",
      "s" : "sell",
      "i" : "BLUR_USD",
      "m" : "4611686018429609324"
    }, {
      "d" : "1756395162296878459",
      "t" : 1756395162296,
      "tn" : 1756395162296878459,
      "q" : "4348.9",
      "p" : "0.08033",
      "s" : "sell",
      "i" : "BLUR_USD",
      "m" : "4611686018429609323"
    }, {
      "d" : "1756395162296788210",
      "t" : 1756395162296,
      "tn" : 1756395162296788210,
      "q" : "12.5",
      "p" : "0.08033",
      "s" : "sell",
      "i" : "BLUR_USD",
      "m" : "4611686018429609322"
    }, {
      "d" : "1756395162287912327",
      "t" : 1756395162287,
      "tn" : 1756395162287912327,
      "q" : "3222.5",
      "p" : "0.08033",
      "s" : "sell",
      "i" : "BLUR_USD",
      "m" : "4611686018429609321"
    }, {
      "d" : "1756395162262317429",
      "t" : 1756395162262,
      "tn" : 1756395162262317429,
      "q" : "3506.0",
      "p" : "0.08032",
      "s" : "sell",
      "i" : "BLUR_USD",
      "m" : "4611686018429609320"
    }, {
      "d" : "1756395162253253403",
      "t" : 1756395162253,
      "tn" : 1756395162253253403,
      "q" : "7590.5",
      "p" : "0.08037",
      "s" : "sell",
      "i" : "BLUR_USD",
      "m" : "4611686018429609319"
    }, {
      "d" : "1756395162233661442",
      "t" : 1756395162233,
      "tn" : 1756395162233661442,
      "q" : "2722.0",
      "p" : "0.08029",
      "s" : "sell",
      "i" : "BLUR_USD",
      "m" : "4611686018429609318"
    }, {
      "d" : "1756394919272549587",
      "t" : 1756394919272,
      "tn" : 1756394919272549587,
      "q" : "9150.3",
      "p" : "0.07991",
      "s" : "sell",
      "i" : "BLUR_USD",
      "m" : "4611686018429609317"
    }, {
      "d" : "1756394903388209908",
      "t" : 1756394903388,
      "tn" : 1756394903388209908,
      "q" : "2075.5",
      "p" : "0.07992",
      "s" : "sell",
      "i" : "BLUR_USD",
      "m" : "4611686018429609316"
    }, {
      "d" : "1756394903388207217",
      "t" : 1756394903388,
      "tn" : 1756394903388207217,
      "q" : "432.3",
      "p" : "0.07993",
      "s" : "sell",
      "i" : "BLUR_USD",
      "m" : "4611686018429609315"
    }, {
      "d" : "1756394711036182504",
      "t" : 1756394711036,
      "tn" : 1756394711036182504,
      "q" : "1874.9",
      "p" : "0.08000",
      "s" : "sell",
      "i" : "BLUR_USD",
      "m" : "4611686018429609314"
    }, {
      "d" : "1756394557000103272",
      "t" : 1756394557000,
      "tn" : 1756394557000103272,
      "q" : "146.6",
      "p" : "0.08079",
      "s" : "buy",
      "i" : "BLUR_USD",
      "m" : "4611686018429609313"
    }, {
      "d" : "1756394390499922996",
      "t" : 1756394390499,
      "tn" : 1756394390499922996,
      "q" : "1487.5",
      "p" : "0.08043",
      "s" : "buy",
      "i" : "BLUR_USD",
      "m" : "4611686018429609312"
    }, {
      "d" : "1756394203225991692",
      "t" : 1756394203225,
      "tn" : 1756394203225991692,
      "q" : "316.5",
      "p" : "0.08021",
      "s" : "buy",
      "i" : "BLUR_USD",
      "m" : "4611686018429609311"
    }, {
      "d" : "1756394203225839731",
      "t" : 1756394203225,
      "tn" : 1756394203225839731,
      "q" : "1182.0",
      "p" : "0.08021",
      "s" : "buy",
      "i" : "BLUR_USD",
      "m" : "4611686018429609310"
    }, {
      "d" : "1756394203061740379",
      "t" : 1756394203061,
      "tn" : 1756394203061740379,
      "q" : "316.5",
      "p" : "0.08021",
      "s" : "buy",
      "i" : "BLUR_USD",
      "m" : "4611686018429609309"
    }, {
      "d" : "1756393584164641141",
      "t" : 1756393584164,
      "tn" : 1756393584164641141,
      "q" : "333.9",
      "p" : "0.07967",
      "s" : "sell",
      "i" : "BLUR_USD",
      "m" : "4611686018429609308"
    }, {
      "d" : "1756393584162499565",
      "t" : 1756393584162,
      "tn" : 1756393584162499565,
      "q" : "2353.4",
      "p" : "0.07967",
      "s" : "buy",
      "i" : "BLUR_USD",
      "m" : "4611686018429609307"
    }, {
      "d" : "1756392195686081997",
      "t" : 1756392195686,
      "tn" : 1756392195686081997,
      "q" : "1872.0",
      "p" : "0.07860",
      "s" : "sell",
      "i" : "BLUR_USD",
      "m" : "4611686018429609306"
    }, {
      "d" : "1756391444042466582",
      "t" : 1756391444042,
      "tn" : 1756391444042466582,
      "q" : "824.0",
      "p" : "0.07819",
      "s" : "sell",
      "i" : "BLUR_USD",
      "m" : "4611686018429609305"
    }, {
      "d" : "1756391443658763216",
      "t" : 1756391443658,
      "tn" : 1756391443658763216,
      "q" : "823.5",
      "p" : "0.07975",
      "s" : "sell",
      "i" : "BLUR_USD",
      "m" : "4611686018429609304"
    }, {
      "d" : "1756391361351591746",
      "t" : 1756391361351,
      "tn" : 1756391361351591746,
      "q" : "861.9",
      "p" : "0.07867",
      "s" : "sell",
      "i" : "BLUR_USD",
      "m" : "4611686018429609303"
    }, {
      "d" : "1756390584212109826",
      "t" : 1756390584212,
      "tn" : 1756390584212109825,
      "q" : "850.1",
      "p" : "0.07816",
      "s" : "buy",
      "i" : "BLUR_USD",
      "m" : "4611686018429609302"
    }, {
      "d" : "1756390584212109825",
      "t" : 1756390584212,
      "tn" : 1756390584212109825,
      "q" : "5249.9",
      "p" : "0.07816",
      "s" : "buy",
      "i" : "BLUR_USD",
      "m" : "4611686018429609302"
    }, {
      "d" : "1756389551486236912",
      "t" : 1756389551486,
      "tn" : 1756389551486236912,
      "q" : "98.2",
      "p" : "0.07713",
      "s" : "buy",
      "i" : "BLUR_USD",
      "m" : "4611686018429609301"
    }, {
      "d" : "1756389551486234583",
      "t" : 1756389551486,
      "tn" : 1756389551486234583,
      "q" : "2492.2",
      "p" : "0.07710",
      "s" : "buy",
      "i" : "BLUR_USD",
      "m" : "4611686018429609300"
    }, {
      "d" : "1756389550651660666",
      "t" : 1756389550651,
      "tn" : 1756389550651660666,
      "q" : "1232.6",
      "p" : "0.07710",
      "s" : "buy",
      "i" : "BLUR_USD",
      "m" : "4611686018429609299"
    }, {
      "d" : "1756389550651657716",
      "t" : 1756389550651,
      "tn" : 1756389550651657716,
      "q" : "1363.3",
      "p" : "0.07709",
      "s" : "buy",
      "i" : "BLUR_USD",
      "m" : "4611686018429609298"
    }, {
      "d" : "1756389092149231872",
      "t" : 1756389092149,
      "tn" : 1756389092149231872,
      "q" : "1178.9",
      "p" : "0.07668",
      "s" : "buy",
      "i" : "BLUR_USD",
      "m" : "4611686018429609297"
    }, {
      "d" : "1756388164881579165",
      "t" : 1756388164881,
      "tn" : 1756388164881579165,
      "q" : "1599.5",
      "p" : "0.07662",
      "s" : "buy",
      "i" : "BLUR_USD",
      "m" : "4611686018429609296"
    }, {
      "d" : "1756388164881574519",
      "t" : 1756388164881,
      "tn" : 1756388164881574519,
      "q" : "307.8",
      "p" : "0.07659",
      "s" : "buy",
      "i" : "BLUR_USD",
      "m" : "4611686018429609295"
    }, {
      "d" : "1756387357233431473",
      "t" : 1756387357233,
      "tn" : 1756387357233431473,
      "q" : "68.2",
      "p" : "0.07669",
      "s" : "sell",
      "i" : "BLUR_USD",
      "m" : "4611686018429609294"
    }, {
      "d" : "1756384511867253424",
      "t" : 1756384511867,
      "tn" : 1756384511867253424,
      "q" : "307.8",
      "p" : "0.07533",
      "s" : "sell",
      "i" : "BLUR_USD",
      "m" : "4611686018429609293"
    }, {
      "d" : "1756384511867251220",
      "t" : 1756384511867,
      "tn" : 1756384511867251220,
      "q" : "76.2",
      "p" : "0.07573",
      "s" : "sell",
      "i" : "BLUR_USD",
      "m" : "4611686018429609292"
    }, {
      "d" : "1756384229020168658",
      "t" : 1756384229020,
      "tn" : 1756384229020168657,
      "q" : "534.0",
      "p" : "0.07647",
      "s" : "sell",
      "i" : "BLUR_USD",
      "m" : "4611686018429609291"
    }, {
      "d" : "1756384229020168657",
      "t" : 1756384229020,
      "tn" : 1756384229020168657,
      "q" : "1442.9",
      "p" : "0.07647",
      "s" : "sell",
      "i" : "BLUR_USD",
      "m" : "4611686018429609291"
    }, {
      "d" : "1756381917247562928",
      "t" : 1756381917247,
      "tn" : 1756381917247562928,
      "q" : "245.1",
      "p" : "0.07629",
      "s" : "buy",
      "i" : "BLUR_USD",
      "m" : "4611686018429609290"
    }, {
      "d" : "1756375417164268173",
      "t" : 1756375417164,
      "tn" : 1756375417164268173,
      "q" : "4222.2",
      "p" : "0.07591",
      "s" : "sell",
      "i" : "BLUR_USD",
      "m" : "4611686018429609289"
    }, {
      "d" : "1756375417164265908",
      "t" : 1756375417164,
      "tn" : 1756375417164265908,
      "q" : "996.5",
      "p" : "0.07592",
      "s" : "sell",
      "i" : "BLUR_USD",
      "m" : "4611686018429609288"
    } ]
  }
}