{
  "id" : -1,
  "method" : "public/get-trades",
  "code" : 0,
  "result" : {
    "data" : [ {
      "d" : "1756459943026774270",
      "t" : 1756459943026,
      "tn" : 1756459943026774270,
      "q" : "18",
      "p" : "0.06766",
      "s" : "buy",
      "i" : "BMT_USD",
      "m" : "4611686018427456660"
    }, {
      "d" : "1756459206694691919",
      "t" : 1756459206694,
      "tn" : 1756459206694691919,
      "q" : "18",
      "p" : "0.06779",
      "s" : "buy",
      "i" : "BMT_USD",
      "m" : "4611686018427456659"
    }, {
      "d" : "1756459147314273667",
      "t" : 1756459147314,
      "tn" : 1756459147314273667,
      "q" : "18",
      "p" : "0.06769",
      "s" : "buy",
      "i" : "BMT_USD",
      "m" : "4611686018427456658"
    }, {
      "d" : "1756458760156903534",
      "t" : 1756458760156,
      "tn" : 1756458760156903534,
      "q" : "18",
      "p" : "0.06750",
      "s" : "buy",
      "i" : "BMT_USD",
      "m" : "4611686018427456657"
    }, {
      "d" : "1756458694592126022",
      "t" : 1756458694592,
      "tn" : 1756458694592126022,
      "q" : "18",
      "p" : "0.06746",
      "s" : "buy",
      "i" : "BMT_USD",
      "m" : "4611686018427456656"
    }, {
      "d" : "1756458664050260004",
      "t" : 1756458664050,
      "tn" : 1756458664050260004,
      "q" : "18",
      "p" : "0.06738",
      "s" : "buy",
      "i" : "BMT_USD",
      "m" : "4611686018427456655"
    }, {
      "d" : "1756458440899872122",
      "t" : 1756458440899,
      "tn" : 1756458440899872122,
      "q" : "40",
      "p" : "0.06748",
      "s" : "sell",
      "i" : "BMT_USD",
      "m" : "4611686018427456654"
    }, {
      "d" : "1756458357493592355",
      "t" : 1756458357493,
      "tn" : 1756458357493592355,
      "q" : "18",
      "p" : "0.06745",
      "s" : "buy",
      "i" : "BMT_USD",
      "m" : "4611686018427456653"
    }, {
      "d" : "1756458332308408064",
      "t" : 1756458332308,
      "tn" : 1756458332308408064,
      "q" : "18",
      "p" : "0.06742",
      "s" : "buy",
      "i" : "BMT_USD",
      "m" : "4611686018427456652"
    }, {
      "d" : "1756458322279245491",
      "t" : 1756458322279,
      "tn" : 1756458322279245491,
      "q" : "18",
      "p" : "0.06747",
      "s" : "buy",
      "i" : "BMT_USD",
      "m" : "4611686018427456651"
    }, {
      "d" : "1756458313474463293",
      "t" : 1756458313474,
      "tn" : 1756458313474463293,
      "q" : "18",
      "p" : "0.06742",
      "s" : "buy",
      "i" : "BMT_USD",
      "m" : "4611686018427456650"
    }, {
      "d" : "1756458247945082384",
      "t" : 1756458247945,
      "tn" : 1756458247945082384,
      "q" : "18",
      "p" : "0.06743",
      "s" : "buy",
      "i" : "BMT_USD",
      "m" : "4611686018427456649"
    }, {
      "d" : "1756458207528973041",
      "t" : 1756458207528,
      "tn" : 1756458207528973041,
      "q" : "18",
      "p" : "0.06723",
      "s" : "buy",
      "i" : "BMT_USD",
      "m" : "4611686018427456648"
    }, {
      "d" : "1756458151858307569",
      "t" : 1756458151858,
      "tn" : 1756458151858307569,
      "q" : "18",
      "p" : "0.06730",
      "s" : "buy",
      "i" : "BMT_USD",
      "m" : "4611686018427456647"
    }, {
      "d" : "1756458018251094610",
      "t" : 1756458018251,
      "tn" : 1756458018251094610,
      "q" : "18",
      "p" : "0.06745",
      "s" : "buy",
      "i" : "BMT_USD",
      "m" : "4611686018427456646"
    }, {
      "d" : "1756457979660740661",
      "t" : 1756457979660,
      "tn" : 1756457979660740661,
      "q" : "18",
      "p" : "0.06758",
      "s" : "sell",
      "i" : "BMT_USD",
      "m" : "4611686018427456645"
    }, {
      "d" : "1756457940551174267",
      "t" : 1756457940551,
      "tn" : 1756457940551174267,
      "q" : "18",
      "p" : "0.06757",
      "s" : "buy",
      "i" : "BMT_USD",
      "m" : "4611686018427456644"
    }, {
      "d" : "1756457854524607282",
      "t" : 1756457854524,
      "tn" : 1756457854524607282,
      "q" : "18",
      "p" : "0.06754",
      "s" : "buy",
      "i" : "BMT_USD",
      "m" : "4611686018427456643"
    }, {
      "d" : "1756457843130318243",
      "t" : 1756457843130,
      "tn" : 1756457843130318243,
      "q" : "18",
      "p" : "0.06762",
      "s" : "sell",
      "i" : "BMT_USD",
      "m" : "4611686018427456642"
    }, {
      "d" : "1756457283471075368",
      "t" : 1756457283471,
      "tn" : 1756457283471075368,
      "q" : "18",
      "p" : "0.06786",
      "s" : "buy",
      "i" : "BMT_USD",
      "m" : "4611686018427456641"
    }, {
      "d" : "1756457065258328922",
      "t" : 1756457065258,
      "tn" : 1756457065258328922,
      "q" : "18",
      "p" : "0.06803",
      "s" : "buy",
      "i" : "BMT_USD",
      "m" : "4611686018427456640"
    }, {
      "d" : "1756456682444237407",
      "t" : 1756456682444,
      "tn" : 1756456682444237407,
      "q" : "18",
      "p" : "0.06805",
      "s" : "buy",
      "i" : "BMT_USD",
      "m" : "4611686018427456639"
    }, {
      "d" : "1756456330306657121",
      "t" : 1756456330306,
      "tn" : 1756456330306657121,
      "q" : "18",
      "p" : "0.06805",
      "s" : "buy",
      "i" : "BMT_USD",
      "m" : "4611686018427456638"
    }, {
      "d" : "1756455635150156880",
      "t" : 1756455635150,
      "tn" : 1756455635150156880,
      "q" : "18",
      "p" : "0.06816",
      "s" : "buy",
      "i" : "BMT_USD",
      "m" : "4611686018427456637"
    }, {
      "d" : "1756455070765140688",
      "t" : 1756455070765,
      "tn" : 1756455070765140688,
      "q" : "18",
      "p" : "0.06808",
      "s" : "sell",
      "i" : "BMT_USD",
      "m" : "4611686018427456636"
    }, {
      "d" : "1756454761244397999",
      "t" : 1756454761244,
      "tn" : 1756454761244397999,
      "q" : "18",
      "p" : "0.06835",
      "s" : "buy",
      "i" : "BMT_USD",
      "m" : "4611686018427456635"
    }, {
      "d" : "1756454761214041827",
      "t" : 1756454761214,
      "tn" : 1756454761214041827,
      "q" : "18",
      "p" : "0.06840",
      "s" : "buy",
      "i" : "BMT_USD",
      "m" : "4611686018427456634"
    }, {
      "d" : "1756454661493759650",
      "t" : 1756454661493,
      "tn" : 1756454661493759650,
      "q" : "18",
      "p" : "0.06854",
      "s" : "buy",
      "i" : "BMT_USD",
      "m" : "4611686018427456633"
    }, {
      "d" : "1756454657676319658",
      "t" : 1756454657676,
      "tn" : 1756454657676319658,
      "q" : "18",
      "p" : "0.06867",
      "s" : "sell",
      "i" : "BMT_USD",
      "m" : "4611686018427456632"
    }, {
      "d" : "1756454144290150465",
      "t" : 1756454144290,
      "tn" : 1756454144290150465,
      "q" : "18",
      "p" : "0.06881",
      "s" : "buy",
      "i" : "BMT_USD",
      "m" : "4611686018427456631"
    }, {
      "d" : "1756454036248650301",
      "t" : 1756454036248,
      "tn" : 1756454036248650301,
      "q" : "18",
      "p" : "0.06881",
      "s" : "buy",
      "i" : "BMT_USD",
      "m" : "4611686018427456630"
    }, {
      "d" : "1756453286621854090",
      "t" : 1756453286621,
      "tn" : 1756453286621854090,
      "q" : "18",
      "p" : "0.06883",
      "s" : "buy",
      "i" : "BMT_USD",
      "m" : "4611686018427456629"
    }, {
      "d" : "1756453286559201537",
      "t" : 1756453286559,
      "tn" : 1756453286559201537,
      "q" : "18",
      "p" : "0.06883",
      "s" : "buy",
      "i" : "BMT_USD",
      "m" : "4611686018427456628"
    }, {
      "d" : "1756452772041721885",
      "t" : 1756452772041,
      "tn" : 1756452772041721885,
      "q" : "18",
      "p" : "0.06915",
      "s" : "buy",
      "i" : "BMT_USD",
      "m" : "4611686018427456627"
    }, {
      "d" : "1756452440124361746",
      "t" : 1756452440124,
      "tn" : 1756452440124361746,
      "q" : "18",
      "p" : "0.06892",
      "s" : "buy",
      "i" : "BMT_USD",
      "m" : "4611686018427456626"
    }, {
      "d" : "1756452317116278282",
      "t" : 1756452317116,
      "tn" : 1756452317116278282,
      "q" : "18",
      "p" : "0.06891",
      "s" : "buy",
      "i" : "BMT_USD",
      "m" : "4611686018427456625"
    }, {
      "d" : "1756452276008138432",
      "t" : 1756452276008,
      "tn" : 1756452276008138432,
      "q" : "18",
      "p" : "0.06893",
      "s" : "buy",
      "i" : "BMT_USD",
      "m" : "4611686018427456624"
    }, {
      "d" : "1756452139598606607",
      "t" : 1756452139598,
      "tn" : 1756452139598606607,
      "q" : "18",
      "p" : "0.06892",
      "s" : "buy",
      "i" : "BMT_USD",
      "m" : "4611686018427456623"
    }, {
      "d" : "1756452139524920790",
      "t" : 1756452139524,
      "tn" : 1756452139524920790,
      "q" : "18",
      "p" : "0.06892",
      "s" : "buy",
      "i" : "BMT_USD",
      "m" : "4611686018427456622"
    }, {
      "d" : "1756451968967596258",
      "t" : 1756451968967,
      "tn" : 1756451968967596258,
      "q" : "18",
      "p" : "0.06893",
      "s" : "buy",
      "i" : "BMT_USD",
      "m" : "4611686018427456621"
    }, {
      "d" : "1756451946767893987",
      "t" : 1756451946767,
      "tn" : 1756451946767893987,
      "q" : "18",
      "p" : "0.06891",
      "s" : "buy",
      "i" : "BMT_USD",
      "m" : "4611686018427456620"
    }, {
      "d" : "1756451923988264934",
      "t" : 1756451923988,
      "tn" : 1756451923988264934,
      "q" : "18",
      "p" : "0.06893",
      "s" : "buy",
      "i" : "BMT_USD",
      "m" : "4611686018427456619"
    }, {
      "d" : "1756451923952025242",
      "t" : 1756451923952,
      "tn" : 1756451923952025242,
      "q" : "18",
      "p" : "0.06889",
      "s" : "buy",
      "i" : "BMT_USD",
      "m" : "4611686018427456618"
    }, {
      "d" : "1756451923948735509",
      "t" : 1756451923948,
      "tn" : 1756451923948735509,
      "q" : "18",
      "p" : "0.06889",
      "s" : "buy",
      "i" : "BMT_USD",
      "m" : "4611686018427456617"
    }, {
      "d" : "1756451897350917981",
      "t" : 1756451897350,
      "tn" : 1756451897350917981,
      "q" : "18",
      "p" : "0.06891",
      "s" : "buy",
      "i" : "BMT_USD",
      "m" : "4611686018427456616"
    }, {
      "d" : "1756451831901486090",
      "t" : 1756451831901,
      "tn" : 1756451831901486090,
      "q" : "18",
      "p" : "0.06899",
      "s" : "buy",
      "i" : "BMT_USD",
      "m" : "4611686018427456615"
    }, {
      "d" : "1756451796454916918",
      "t" : 1756451796454,
      "tn" : 1756451796454916918,
      "q" : "18",
      "p" : "0.06886",
      "s" : "buy",
      "i" : "BMT_USD",
      "m" : "4611686018427456614"
    }, {
      "d" : "1756451735681606147",
      "t" : 1756451735681,
      "tn" : 1756451735681606147,
      "q" : "18",
      "p" : "0.06890",
      "s" : "buy",
      "i" : "BMT_USD",
      "m" : "4611686018427456613"
    }, {
      "d" : "1756451725165782152",
      "t" : 1756451725165,
      "tn" : 1756451725165782152,
      "q" : "18",
      "p" : "0.06885",
      "s" : "buy",
      "i" : "BMT_USD",
      "m" : "4611686018427456612"
    }, {
      "d" : "1756451704518943291",
      "t" : 1756451704518,
      "tn" : 1756451704518943291,
      "q" : "18",
      "p" : "0.06871",
      "s" : "buy",
      "i" : "BMT_USD",
      "m" : "4611686018427456611"
    }, {
      "d" : "1756451638986995728",
      "t" : 1756451638986,
      "tn" : 1756451638986995728,
      "q" : "18",
      "p" : "0.06883",
      "s" : "buy",
      "i" : "BMT_USD",
      "m" : "4611686018427456610"
    }, {
      "d" : "1756451638972673649",
      "t" : 1756451638972,
      "tn" : 1756451638972673649,
      "q" : "18",
      "p" : "0.06885",
      "s" : "buy",
      "i" : "BMT_USD",
      "m" : "4611686018427456609"
    }, {
      "d" : "1756451630097036575",
      "t" : 1756451630097,
      "tn" : 1756451630097036575,
      "q" : "18",
      "p" : "0.06881",
      "s" : "buy",
      "i" : "BMT_USD",
      "m" : "4611686018427456608"
    }, {
      "d" : "1756451630072471635",
      "t" : 1756451630072,
      "tn" : 1756451630072471635,
      "q" : "18",
      "p" : "0.06881",
      "s" : "buy",
      "i" : "BMT_USD",
      "m" : "4611686018427456607"
    }, {
      "d" : "1756451589744196001",
      "t" : 1756451589744,
      "tn" : 1756451589744196001,
      "q" : "18",
      "p" : "0.06890",
      "s" : "sell",
      "i" : "BMT_USD",
      "m" : "4611686018427456606"
    }, {
      "d" : "1756451587660932188",
      "t" : 1756451587660,
      "tn" : 1756451587660932188,
      "q" : "18",
      "p" : "0.06885",
      "s" : "buy",
      "i" : "BMT_USD",
      "m" : "4611686018427456605"
    }, {
      "d" : "1756451563685918555",
      "t" : 1756451563685,
      "tn" : 1756451563685918555,
      "q" : "18",
      "p" : "0.06892",
      "s" : "buy",
      "i" : "BMT_USD",
      "m" : "4611686018427456604"
    }, {
      "d" : "1756451563682956004",
      "t" : 1756451563682,
      "tn" : 1756451563682956004,
      "q" : "18",
      "p" : "0.06892",
      "s" : "buy",
      "i" : "BMT_USD",
      "m" : "4611686018427456603"
    }, {
      "d" : "1756451548884841829",
      "t" : 1756451548884,
      "tn" : 1756451548884841829,
      "q" : "18",
      "p" : "0.06901",
      "s" : "buy",
      "i" : "BMT_USD",
      "m" : "4611686018427456602"
    }, {
      "d" : "1756451500640316457",
      "t" : 1756451500640,
      "tn" : 1756451500640316457,
      "q" : "18",
      "p" : "0.06902",
      "s" : "buy",
      "i" : "BMT_USD",
      "m" : "4611686018427456601"
    }, {
      "d" : "1756451485633761426",
      "t" : 1756451485633,
      "tn" : 1756451485633761426,
      "q" : "18",
      "p" : "0.06903",
      "s" : "buy",
      "i" : "BMT_USD",
      "m" : "4611686018427456600"
    }, {
      "d" : "1756451474280171612",
      "t" : 1756451474280,
      "tn" : 1756451474280171612,
      "q" : "20",
      "p" : "0.06909",
      "s" : "buy",
      "i" : "BMT_USD",
      "m" : "4611686018427456599"
    }, {
      "d" : "1756451474280169208",
      "t" : 1756451474280,
      "tn" : 1756451474280169208,
      "q" : "18",
      "p" : "0.06903",
      "s" : "buy",
      "i" : "BMT_USD",
      "m" : "4611686018427456598"
    }, {
      "d" : "1756451414495937180",
      "t" : 1756451414495,
      "tn" : 1756451414495937180,
      "q" : "18",
      "p" : "0.06907",
      "s" : "buy",
      "i" : "BMT_USD",
      "m" : "4611686018427456597"
    }, {
      "d" : "1756451374309772004",
      "t" : 1756451374309,
      "tn" : 1756451374309772004,
      "q" : "18",
      "p" : "0.06899",
      "s" : "buy",
      "i" : "BMT_USD",
      "m" : "4611686018427456596"
    }, {
      "d" : "1756451374232998738",
      "t" : 1756451374232,
      "tn" : 1756451374232998738,
      "q" : "18",
      "p" : "0.06898",
      "s" : "buy",
      "i" : "BMT_USD",
      "m" : "4611686018427456595"
    }, {
      "d" : "1756451346537153558",
      "t" : 1756451346537,
      "tn" : 1756451346537153558,
      "q" : "18",
      "p" : "0.06901",
      "s" : "buy",
      "i" : "BMT_USD",
      "m" : "4611686018427456594"
    }, {
      "d" : "1756451341158992798",
      "t" : 1756451341158,
      "tn" : 1756451341158992798,
      "q" : "18",
      "p" : "0.06895",
      "s" : "buy",
      "i" : "BMT_USD",
      "m" : "4611686018427456593"
    }, {
      "d" : "1756451294340040864",
      "t" : 1756451294340,
      "tn" : 1756451294340040864,
      "q" : "18",
      "p" : "0.06896",
      "s" : "buy",
      "i" : "BMT_USD",
      "m" : "4611686018427456592"
    }, {
      "d" : "1756451294318240077",
      "t" : 1756451294318,
      "tn" : 1756451294318240077,
      "q" : "18",
      "p" : "0.06896",
      "s" : "buy",
      "i" : "BMT_USD",
      "m" : "4611686018427456591"
    }, {
      "d" : "1756451257290761251",
      "t" : 1756451257290,
      "tn" : 1756451257290761251,
      "q" : "18",
      "p" : "0.06906",
      "s" : "buy",
      "i" : "BMT_USD",
      "m" : "4611686018427456590"
    }, {
      "d" : "1756451257234359837",
      "t" : 1756451257234,
      "tn" : 1756451257234359837,
      "q" : "18",
      "p" : "0.06902",
      "s" : "buy",
      "i" : "BMT_USD",
      "m" : "4611686018427456589"
    }, {
      "d" : "1756451257228011706",
      "t" : 1756451257228,
      "tn" : 1756451257228011706,
      "q" : "18",
      "p" : "0.06902",
      "s" : "buy",
      "i" : "BMT_USD",
      "m" : "4611686018427456588"
    }, {
      "d" : "1756450984061652699",
      "t" : 1756450984061,
      "tn" : 1756450984061652699,
      "q" : "18",
      "p" : "0.06898",
      "s" : "buy",
      "i" : "BMT_USD",
      "m" : "4611686018427456587"
    }, {
      "d" : "1756450984050989729",
      "t" : 1756450984050,
      "tn" : 1756450984050989729,
      "q" : "18",
      "p" : "0.06898",
      "s" : "buy",
      "i" : "BMT_USD",
      "m" : "4611686018427456586"
    }, {
      "d" : "1756450962692671222",
      "t" : 1756450962692,
      "tn" : 1756450962692671222,
      "q" : "18",
      "p" : "0.06891",
      "s" : "buy",
      "i" : "BMT_USD",
      "m" : "4611686018427456585"
    }, {
      "d" : "1756450895024530816",
      "t" : 1756450895024,
      "tn" : 1756450895024530816,
      "q" : "18",
      "p" : "0.06912",
      "s" : "buy",
      "i" : "BMT_USD",
      "m" : "4611686018427456584"
    }, {
      "d" : "1756450743789651379",
      "t" : 1756450743789,
      "tn" : 1756450743789651379,
      "q" : "18",
      "p" : "0.06913",
      "s" : "buy",
      "i" : "BMT_USD",
      "m" : "4611686018427456583"
    }, {
      "d" : "1756450703764466630",
      "t" : 1756450703764,
      "tn" : 1756450703764466630,
      "q" : "18",
      "p" : "0.06910",
      "s" : "buy",
      "i" : "BMT_USD",
      "m" : "4611686018427456582"
    }, {
      "d" : "1756450621892678002",
      "t" : 1756450621892,
      "tn" : 1756450621892678002,
      "q" : "18",
      "p" : "0.06911",
      "s" : "buy",
      "i" : "BMT_USD",
      "m" : "4611686018427456581"
    }, {
      "d" : "1756450621641997780",
      "t" : 1756450621641,
      "tn" : 1756450621641997780,
      "q" : "18",
      "p" : "0.06909",
      "s" : "buy",
      "i" : "BMT_USD",
      "m" : "4611686018427456580"
    }, {
      "d" : "1756450092606966721",
      "t" : 1756450092606,
      "tn" : 1756450092606966721,
      "q" : "120",
      "p" : "0.06925",
      "s" : "sell",
      "i" : "BMT_USD",
      "m" : "4611686018427456579"
    }, {
      "d" : "1756450090212327651",
      "t" : 1756450090212,
      "tn" : 1756450090212327651,
      "q" : "120",
      "p" : "0.06927",
      "s" : "sell",
      "i" : "BMT_USD",
      "m" : "4611686018427456578"
    }, {
      "d" : "1756449756354102133",
      "t" : 1756449756354,
      "tn" : 1756449756354102133,
      "q" : "18",
      "p" : "0.06923",
      "s" : "buy",
      "i" : "BMT_USD",
      "m" : "4611686018427456577"
    }, {
      "d" : "1756449696750538035",
      "t" : 1756449696750,
      "tn" : 1756449696750538035,
      "q" : "18",
      "p" : "0.06918",
      "s" : "buy",
      "i" : "BMT_USD",
      "m" : "4611686018427456576"
    }, {
      "d" : "1756449647156259253",
      "t" : 1756449647156,
      "tn" : 1756449647156259253,
      "q" : "18",
      "p" : "0.06908",
      "s" : "buy",
      "i" : "BMT_USD",
      "m" : "4611686018427456575"
    }, {
      "d" : "1756449642149083741",
      "t" : 1756449642149,
      "tn" : 1756449642149083741,
      "q" : "18",
      "p" : "0.06900",
      "s" : "buy",
      "i" : "BMT_USD",
      "m" : "4611686018427456574"
    }, {
      "d" : "1756449611531374960",
      "t" : 1756449611531,
      "tn" : 1756449611531374960,
      "q" : "18",
      "p" : "0.06883",
      "s" : "buy",
      "i" : "BMT_USD",
      "m" : "4611686018427456573"
    }, {
      "d" : "1756449610063304624",
      "t" : 1756449610063,
      "tn" : 1756449610063304624,
      "q" : "18",
      "p" : "0.06887",
      "s" : "buy",
      "i" : "BMT_USD",
      "m" : "4611686018427456572"
    }, {
      "d" : "1756449606030376563",
      "t" : 1756449606030,
      "tn" : 1756449606030376563,
      "q" : "18",
      "p" : "0.06905",
      "s" : "sell",
      "i" : "BMT_USD",
      "m" : "4611686018427456571"
    }, {
      "d" : "1756449601924092521",
      "t" : 1756449601924,
      "tn" : 1756449601924092521,
      "q" : "30",
      "p" : "0.06905",
      "s" : "sell",
      "i" : "BMT_USD",
      "m" : "4611686018427456570"
    }, {
      "d" : "1756449601917124876",
      "t" : 1756449601917,
      "tn" : 1756449601917124876,
      "q" : "120",
      "p" : "0.06906",
      "s" : "sell",
      "i" : "BMT_USD",
      "m" : "4611686018427456569"
    }, {
      "d" : "1756449585237918328",
      "t" : 1756449585237,
      "tn" : 1756449585237918328,
      "q" : "44",
      "p" : "0.06934",
      "s" : "sell",
      "i" : "BMT_USD",
      "m" : "4611686018427456568"
    }, {
      "d" : "1756448488059718202",
      "t" : 1756448488059,
      "tn" : 1756448488059718202,
      "q" : "18",
      "p" : "0.06949",
      "s" : "sell",
      "i" : "BMT_USD",
      "m" : "4611686018427456567"
    }, {
      "d" : "1756447282964453838",
      "t" : 1756447282964,
      "tn" : 1756447282964453838,
      "q" : "18",
      "p" : "0.06984",
      "s" : "buy",
      "i" : "BMT_USD",
      "m" : "4611686018427456566"
    }, {
      "d" : "1756446953667186072",
      "t" : 1756446953667,
      "tn" : 1756446953667186072,
      "q" : "18",
      "p" : "0.06976",
      "s" : "buy",
      "i" : "BMT_USD",
      "m" : "4611686018427456565"
    }, {
      "d" : "1756446548274836434",
      "t" : 1756446548274,
      "tn" : 1756446548274836434,
      "q" : "18",
      "p" : "0.06987",
      "s" : "buy",
      "i" : "BMT_USD",
      "m" : "4611686018427456564"
    }, {
      "d" : "1756446450987494446",
      "t" : 1756446450987,
      "tn" : 1756446450987494446,
      "q" : "18",
      "p" : "0.06981",
      "s" : "buy",
      "i" : "BMT_USD",
      "m" : "4611686018427456563"
    }, {
      "d" : "1756443699371426730",
      "t" : 1756443699371,
      "tn" : 1756443699371426730,
      "q" : "100",
      "p" : "0.06983",
      "s" : "sell",
      "i" : "BMT_USD",
      "m" : "4611686018427456562"
    }, {
      "d" : "1756442347099726658",
      "t" : 1756442347099,
      "tn" : 1756442347099726658,
      "q" : "18",
      "p" : "0.07009",
      "s" : "buy",
      "i" : "BMT_USD",
      "m" : "4611686018427456561"
    }, {
      "d" : "1756441921059945852",
      "t" : 1756441921059,
      "tn" : 1756441921059945852,
      "q" : "18",
      "p" : "0.07020",
      "s" : "buy",
      "i" : "BMT_USD",
      "m" : "4611686018427456560"
    }, {
      "d" : "1756441580985728209",
      "t" : 1756441580985,
      "tn" : 1756441580985728209,
      "q" : "18",
      "p" : "0.07020",
      "s" : "buy",
      "i" : "BMT_USD",
      "m" : "4611686018427456559"
    }, {
      "d" : "1756441281977539039",
      "t" : 1756441281977,
      "tn" : 1756441281977539039,
      "q" : "18",
      "p" : "0.07010",
      "s" : "buy",
      "i" : "BMT_USD",
      "m" : "4611686018427456558"
    }, {
      "d" : "1756441070344772830",
      "t" : 1756441070344,
      "tn" : 1756441070344772830,
      "q" : "18",
      "p" : "0.06999",
      "s" : "buy",
      "i" : "BMT_USD",
      "m" : "4611686018427456557"
    }, {
      "d" : "1756440619056802072",
      "t" : 1756440619056,
      "tn" : 1756440619056802072,
      "q" : "18",
      "p" : "0.06999",
      "s" : "buy",
      "i" : "BMT_USD",
      "m" : "4611686018427456556"
    }, {
      "d" : "1756440132806795361",
      "t" : 1756440132806,
      "tn" : 1756440132806795361,
      "q" : "18",
      "p" : "0.07023",
      "s" : "buy",
      "i" : "BMT_USD",
      "m" : "4611686018427456555"
    }, {
      "d" : "1756439597938269349",
      "t" : 1756439597938,
      "tn" : 1756439597938269349,
      "q" : "18",
      "p" : "0.07020",
      "s" : "buy",
      "i" : "BMT_USD",
      "m" : "4611686018427456554"
    }, {
      "d" : "1756437333962201349",
      "t" : 1756437333962,
      "tn" : 1756437333962201349,
      "q" : "18",
      "p" : "0.06998",
      "s" : "buy",
      "i" : "BMT_USD",
      "m" : "4611686018427456553"
    }, {
      "d" : "1756436799166637476",
      "t" : 1756436799166,
      "tn" : 1756436799166637476,
      "q" : "18",
      "p" : "0.06987",
      "s" : "buy",
      "i" : "BMT_USD",
      "m" : "4611686018427456552"
    }, {
      "d" : "1756435868126354375",
      "t" : 1756435868126,
      "tn" : 1756435868126354375,
      "q" : "18",
      "p" : "0.07000",
      "s" : "buy",
      "i" : "BMT_USD",
      "m" : "4611686018427456551"
    }, {
      "d" : "1756435402348020180",
      "t" : 1756435402348,
      "tn" : 1756435402348020180,
      "q" : "18",
      "p" : "0.06988",
      "s" : "buy",
      "i" : "BMT_USD",
      "m" : "4611686018427456550"
    }, {
      "d" : "1756435152700140499",
      "t" : 1756435152700,
      "tn" : 1756435152700140499,
      "q" : "18",
      "p" : "0.06988",
      "s" : "buy",
      "i" : "BMT_USD",
      "m" : "4611686018427456549"
    }, {
      "d" : "1756434240885022879",
      "t" : 1756434240885,
      "tn" : 1756434240885022879,
      "q" : "18",
      "p" : "0.07018",
      "s" : "buy",
      "i" : "BMT_USD",
      "m" : "4611686018427456548"
    }, {
      "d" : "1756433509485947412",
      "t" : 1756433509485,
      "tn" : 1756433509485947412,
      "q" : "18",
      "p" : "0.06990",
      "s" : "buy",
      "i" : "BMT_USD",
      "m" : "4611686018427456547"
    }, {
      "d" : "1756433237489995057",
      "t" : 1756433237489,
      "tn" : 1756433237489995057,
      "q" : "18",
      "p" : "0.06989",
      "s" : "buy",
      "i" : "BMT_USD",
      "m" : "4611686018427456546"
    }, {
      "d" : "1756432918729491839",
      "t" : 1756432918729,
      "tn" : 1756432918729491839,
      "q" : "18",
      "p" : "0.06970",
      "s" : "buy",
      "i" : "BMT_USD",
      "m" : "4611686018427456545"
    }, {
      "d" : "1756431910687652638",
      "t" : 1756431910687,
      "tn" : 1756431910687652638,
      "q" : "18",
      "p" : "0.06990",
      "s" : "buy",
      "i" : "BMT_USD",
      "m" : "4611686018427456544"
    }, {
      "d" : "1756431488003180491",
      "t" : 1756431488003,
      "tn" : 1756431488003180491,
      "q" : "18",
      "p" : "0.06980",
      "s" : "buy",
      "i" : "BMT_USD",
      "m" : "4611686018427456543"
    }, {
      "d" : "1756431399377480754",
      "t" : 1756431399377,
      "tn" : 1756431399377480754,
      "q" : "18",
      "p" : "0.06977",
      "s" : "buy",
      "i" : "BMT_USD",
      "m" : "4611686018427456542"
    }, {
      "d" : "1756431399320380864",
      "t" : 1756431399320,
      "tn" : 1756431399320380864,
      "q" : "18",
      "p" : "0.06977",
      "s" : "buy",
      "i" : "BMT_USD",
      "m" : "4611686018427456541"
    }, {
      "d" : "1756430499030760340",
      "t" : 1756430499030,
      "tn" : 1756430499030760340,
      "q" : "18",
      "p" : "0.06959",
      "s" : "buy",
      "i" : "BMT_USD",
      "m" : "4611686018427456540"
    }, {
      "d" : "1756430297280845239",
      "t" : 1756430297280,
      "tn" : 1756430297280845239,
      "q" : "18",
      "p" : "0.06969",
      "s" : "buy",
      "i" : "BMT_USD",
      "m" : "4611686018427456539"
    }, {
      "d" : "1756429721512658924",
      "t" : 1756429721512,
      "tn" : 1756429721512658924,
      "q" : "56",
      "p" : "0.06993",
      "s" : "sell",
      "i" : "BMT_USD",
      "m" : "4611686018427456538"
    }, {
      "d" : "1756429707304194893",
      "t" : 1756429707304,
      "tn" : 1756429707304194893,
      "q" : "18",
      "p" : "0.06995",
      "s" : "sell",
      "i" : "BMT_USD",
      "m" : "4611686018427456537"
    }, {
      "d" : "1756428333063947203",
      "t" : 1756428333063,
      "tn" : 1756428333063947203,
      "q" : "18",
      "p" : "0.07011",
      "s" : "buy",
      "i" : "BMT_USD",
      "m" : "4611686018427456536"
    }, {
      "d" : "1756427834808860695",
      "t" : 1756427834808,
      "tn" : 1756427834808860695,
      "q" : "18",
      "p" : "0.07027",
      "s" : "buy",
      "i" : "BMT_USD",
      "m" : "4611686018427456535"
    }, {
      "d" : "1756427370154866153",
      "t" : 1756427370154,
      "tn" : 1756427370154866153,
      "q" : "18",
      "p" : "0.07054",
      "s" : "buy",
      "i" : "BMT_USD",
      "m" : "4611686018427456534"
    }, {
      "d" : "1756427350935519587",
      "t" : 1756427350935,
      "tn" : 1756427350935519587,
      "q" : "18",
      "p" : "0.07046",
      "s" : "buy",
      "i" : "BMT_USD",
      "m" : "4611686018427456533"
    }, {
      "d" : "1756427350795503182",
      "t" : 1756427350795,
      "tn" : 1756427350795503182,
      "q" : "18",
      "p" : "0.07048",
      "s" : "buy",
      "i" : "BMT_USD",
      "m" : "4611686018427456532"
    }, {
      "d" : "1756427336017850045",
      "t" : 1756427336017,
      "tn" : 1756427336017850045,
      "q" : "18",
      "p" : "0.07040",
      "s" : "buy",
      "i" : "BMT_USD",
      "m" : "4611686018427456531"
    }, {
      "d" : "1756427308436238519",
      "t" : 1756427308436,
      "tn" : 1756427308436238519,
      "q" : "18",
      "p" : "0.07031",
      "s" : "buy",
      "i" : "BMT_USD",
      "m" : "4611686018427456530"
    }, {
      "d" : "1756427268157760521",
      "t" : 1756427268157,
      "tn" : 1756427268157760521,
      "q" : "18",
      "p" : "0.07023",
      "s" : "buy",
      "i" : "BMT_USD",
      "m" : "4611686018427456529"
    }, {
      "d" : "1756427267980664393",
      "t" : 1756427267980,
      "tn" : 1756427267980664393,
      "q" : "18",
      "p" : "0.07015",
      "s" : "buy",
      "i" : "BMT_USD",
      "m" : "4611686018427456528"
    }, {
      "d" : "1756427267925552049",
      "t" : 1756427267925,
      "tn" : 1756427267925552049,
      "q" : "18",
      "p" : "0.07016",
      "s" : "buy",
      "i" : "BMT_USD",
      "m" : "4611686018427456527"
    }, {
      "d" : "1756427267907713168",
      "t" : 1756427267907,
      "tn" : 1756427267907713168,
      "q" : "18",
      "p" : "0.07015",
      "s" : "buy",
      "i" : "BMT_USD",
      "m" : "4611686018427456526"
    }, {
      "d" : "1756427267901105661",
      "t" : 1756427267901,
      "tn" : 1756427267901105661,
      "q" : "143",
      "p" : "0.07019",
      "s" : "buy",
      "i" : "BMT_USD",
      "m" : "4611686018427456525"
    }, {
      "d" : "1756426765526405430",
      "t" : 1756426765526,
      "tn" : 1756426765526405430,
      "q" : "18",
      "p" : "0.06988",
      "s" : "buy",
      "i" : "BMT_USD",
      "m" : "4611686018427456524"
    }, {
      "d" : "1756426231111018185",
      "t" : 1756426231111,
      "tn" : 1756426231111018185,
      "q" : "18",
      "p" : "0.06992",
      "s" : "buy",
      "i" : "BMT_USD",
      "m" : "4611686018427456523"
    }, {
      "d" : "1756426091128038109",
      "t" : 1756426091128,
      "tn" : 1756426091128038109,
      "q" : "18",
      "p" : "0.06991",
      "s" : "buy",
      "i" : "BMT_USD",
      "m" : "4611686018427456522"
    }, {
      "d" : "1756424135819801756",
      "t" : 1756424135819,
      "tn" : 1756424135819801756,
      "q" : "18",
      "p" : "0.07002",
      "s" : "buy",
      "i" : "BMT_USD",
      "m" : "4611686018427456521"
    }, {
      "d" : "1756422793648805711",
      "t" : 1756422793648,
      "tn" : 1756422793648805711,
      "q" : "18",
      "p" : "0.06992",
      "s" : "buy",
      "i" : "BMT_USD",
      "m" : "4611686018427456520"
    }, {
      "d" : "1756420265789859209",
      "t" : 1756420265789,
      "tn" : 1756420265789859209,
      "q" : "18",
      "p" : "0.07008",
      "s" : "buy",
      "i" : "BMT_USD",
      "m" : "4611686018427456519"
    }, {
      "d" : "1756419669945753908",
      "t" : 1756419669945,
      "tn" : 1756419669945753908,
      "q" : "18",
      "p" : "0.06996",
      "s" : "buy",
      "i" : "BMT_USD",
      "m" : "4611686018427456518"
    }, {
      "d" : "1756419619274753082",
      "t" : 1756419619274,
      "tn" : 1756419619274753082,
      "q" : "18",
      "p" : "0.06990",
      "s" : "buy",
      "i" : "BMT_USD",
      "m" : "4611686018427456517"
    }, {
      "d" : "1756419153329857871",
      "t" : 1756419153329,
      "tn" : 1756419153329857871,
      "q" : "18",
      "p" : "0.06976",
      "s" : "buy",
      "i" : "BMT_USD",
      "m" : "4611686018427456516"
    }, {
      "d" : "1756419153316523525",
      "t" : 1756419153316,
      "tn" : 1756419153316523525,
      "q" : "18",
      "p" : "0.06981",
      "s" : "buy",
      "i" : "BMT_USD",
      "m" : "4611686018427456515"
    }, {
      "d" : "1756418844727412182",
      "t" : 1756418844727,
      "tn" : 1756418844727412182,
      "q" : "18",
      "p" : "0.06966",
      "s" : "buy",
      "i" : "BMT_USD",
      "m" : "4611686018427456514"
    }, {
      "d" : "1756418531805140469",
      "t" : 1756418531805,
      "tn" : 1756418531805140469,
      "q" : "18",
      "p" : "0.06969",
      "s" : "sell",
      "i" : "BMT_USD",
      "m" : "4611686018427456513"
    }, {
      "d" : "1756418005018284125",
      "t" : 1756418005018,
      "tn" : 1756418005018284125,
      "q" : "18",
      "p" : "0.06973",
      "s" : "buy",
      "i" : "BMT_USD",
      "m" : "4611686018427456512"
    }, {
      "d" : "1756417818969295889",
      "t" : 1756417818969,
      "tn" : 1756417818969295889,
      "q" : "18",
      "p" : "0.06965",
      "s" : "buy",
      "i" : "BMT_USD",
      "m" : "4611686018427456511"
    } ]
  }
}