{
  "id" : -1,
  "method" : "public/get-trades",
  "code" : 0,
  "result" : {
    "data" : [ {
      "d" : "1756458472591914088",
      "t" : 1756458472591,
      "tn" : 1756458472591914088,
      "q" : "0.2",
      "p" : "0.74391",
      "s" : "buy",
      "i" : "BNT_USD",
      "m" : "4611686018429975748"
    }, {
      "d" : "1756454872592010440",
      "t" : 1756454872592,
      "tn" : 1756454872592010440,
      "q" : "0.2",
      "p" : "0.75549",
      "s" : "buy",
      "i" : "BNT_USD",
      "m" : "4611686018429975747"
    }, {
      "d" : "1756451272591803279",
      "t" : 1756451272591,
      "tn" : 1756451272591803279,
      "q" : "0.2",
      "p" : "0.76622",
      "s" : "buy",
      "i" : "BNT_USD",
      "m" : "4611686018429975746"
    }, {
      "d" : "1756447672591676587",
      "t" : 1756447672591,
      "tn" : 1756447672591676587,
      "q" : "0.2",
      "p" : "0.77401",
      "s" : "buy",
      "i" : "BNT_USD",
      "m" : "4611686018429975745"
    }, {
      "d" : "1756444072591285296",
      "t" : 1756444072591,
      "tn" : 1756444072591285296,
      "q" : "0.2",
      "p" : "0.77614",
      "s" : "buy",
      "i" : "BNT_USD",
      "m" : "4611686018429975744"
    }, {
      "d" : "1756441296476338358",
      "t" : 1756441296476,
      "tn" : 1756441296476338358,
      "q" : "1.5",
      "p" : "0.77732",
      "s" : "buy",
      "i" : "BNT_USD",
      "m" : "4611686018429975743"
    }, {
      "d" : "1756441155068161690",
      "t" : 1756441155068,
      "tn" : 1756441155068161690,
      "q" : "1.9",
      "p" : "0.77668",
      "s" : "buy",
      "i" : "BNT_USD",
      "m" : "4611686018429975742"
    }, {
      "d" : "1756440977009523824",
      "t" : 1756440977009,
      "tn" : 1756440977009523824,
      "q" : "4.6",
      "p" : "0.77527",
      "s" : "buy",
      "i" : "BNT_USD",
      "m" : "4611686018429975741"
    }, {
      "d" : "1756440903924397664",
      "t" : 1756440903924,
      "tn" : 1756440903924397664,
      "q" : "3.2",
      "p" : "0.77537",
      "s" : "buy",
      "i" : "BNT_USD",
      "m" : "4611686018429975740"
    }, {
      "d" : "1756440835629820175",
      "t" : 1756440835629,
      "tn" : 1756440835629820175,
      "q" : "1.5",
      "p" : "0.77537",
      "s" : "buy",
      "i" : "BNT_USD",
      "m" : "4611686018429975739"
    }, {
      "d" : "1756440766573380000",
      "t" : 1756440766573,
      "tn" : 1756440766573380000,
      "q" : "2.5",
      "p" : "0.77541",
      "s" : "buy",
      "i" : "BNT_USD",
      "m" : "4611686018429975738"
    }, {
      "d" : "1756440708419820976",
      "t" : 1756440708419,
      "tn" : 1756440708419820976,
      "q" : "2.7",
      "p" : "0.77541",
      "s" : "buy",
      "i" : "BNT_USD",
      "m" : "4611686018429975737"
    }, {
      "d" : "1756440472592120946",
      "t" : 1756440472592,
      "tn" : 1756440472592120946,
      "q" : "0.2",
      "p" : "0.77642",
      "s" : "buy",
      "i" : "BNT_USD",
      "m" : "4611686018429975736"
    }, {
      "d" : "1756440185887267920",
      "t" : 1756440185887,
      "tn" : 1756440185887267920,
      "q" : "3.0",
      "p" : "0.77811",
      "s" : "buy",
      "i" : "BNT_USD",
      "m" : "4611686018429975735"
    }, {
      "d" : "1756440017791690706",
      "t" : 1756440017791,
      "tn" : 1756440017791690706,
      "q" : "1.3",
      "p" : "0.77822",
      "s" : "buy",
      "i" : "BNT_USD",
      "m" : "4611686018429975734"
    }, {
      "d" : "1756436872591628073",
      "t" : 1756436872591,
      "tn" : 1756436872591628073,
      "q" : "0.2",
      "p" : "0.77769",
      "s" : "buy",
      "i" : "BNT_USD",
      "m" : "4611686018429975733"
    }, {
      "d" : "1756433272591436000",
      "t" : 1756433272591,
      "tn" : 1756433272591436000,
      "q" : "0.2",
      "p" : "0.77840",
      "s" : "buy",
      "i" : "BNT_USD",
      "m" : "4611686018429975732"
    }, {
      "d" : "1756429672591280106",
      "t" : 1756429672591,
      "tn" : 1756429672591280106,
      "q" : "0.1",
      "p" : "0.78313",
      "s" : "buy",
      "i" : "BNT_USD",
      "m" : "4611686018429975731"
    }, {
      "d" : "1756426072591408743",
      "t" : 1756426072591,
      "tn" : 1756426072591408743,
      "q" : "0.1",
      "p" : "0.79074",
      "s" : "buy",
      "i" : "BNT_USD",
      "m" : "4611686018429975730"
    }, {
      "d" : "1756425721701966265",
      "t" : 1756425721701,
      "tn" : 1756425721701966265,
      "q" : "5.2",
      "p" : "0.79129",
      "s" : "buy",
      "i" : "BNT_USD",
      "m" : "4611686018429975729"
    }, {
      "d" : "1756425697412216148",
      "t" : 1756425697412,
      "tn" : 1756425697412216148,
      "q" : "2.0",
      "p" : "0.79135",
      "s" : "buy",
      "i" : "BNT_USD",
      "m" : "4611686018429975728"
    }, {
      "d" : "1756425644705228971",
      "t" : 1756425644705,
      "tn" : 1756425644705228971,
      "q" : "56.1",
      "p" : "0.79139",
      "s" : "buy",
      "i" : "BNT_USD",
      "m" : "4611686018429975727"
    }, {
      "d" : "1756425634958108196",
      "t" : 1756425634958,
      "tn" : 1756425634958108196,
      "q" : "7.9",
      "p" : "0.79143",
      "s" : "buy",
      "i" : "BNT_USD",
      "m" : "4611686018429975726"
    }, {
      "d" : "1756422472592135776",
      "t" : 1756422472592,
      "tn" : 1756422472592135776,
      "q" : "0.1",
      "p" : "0.78773",
      "s" : "buy",
      "i" : "BNT_USD",
      "m" : "4611686018429975725"
    }, {
      "d" : "1756421429683414895",
      "t" : 1756421429683,
      "tn" : 1756421429683414895,
      "q" : "1.6",
      "p" : "0.78821",
      "s" : "buy",
      "i" : "BNT_USD",
      "m" : "4611686018429975724"
    }, {
      "d" : "1756421370853844319",
      "t" : 1756421370853,
      "tn" : 1756421370853844319,
      "q" : "2.3",
      "p" : "0.78409",
      "s" : "sell",
      "i" : "BNT_USD",
      "m" : "4611686018429975723"
    }, {
      "d" : "1756421316711225878",
      "t" : 1756421316711,
      "tn" : 1756421316711225878,
      "q" : "2.3",
      "p" : "0.78756",
      "s" : "buy",
      "i" : "BNT_USD",
      "m" : "4611686018429975722"
    }, {
      "d" : "1756418872591863555",
      "t" : 1756418872591,
      "tn" : 1756418872591863555,
      "q" : "0.2",
      "p" : "0.78648",
      "s" : "buy",
      "i" : "BNT_USD",
      "m" : "4611686018429975721"
    }, {
      "d" : "1756415272592074073",
      "t" : 1756415272592,
      "tn" : 1756415272592074073,
      "q" : "0.2",
      "p" : "0.77855",
      "s" : "buy",
      "i" : "BNT_USD",
      "m" : "4611686018429975720"
    }, {
      "d" : "1756413278353673953",
      "t" : 1756413278353,
      "tn" : 1756413278353673953,
      "q" : "5.9",
      "p" : "0.77301",
      "s" : "sell",
      "i" : "BNT_USD",
      "m" : "4611686018429975719"
    }, {
      "d" : "1756411672591713214",
      "t" : 1756411672591,
      "tn" : 1756411672591713214,
      "q" : "0.2",
      "p" : "0.77479",
      "s" : "buy",
      "i" : "BNT_USD",
      "m" : "4611686018429975718"
    }, {
      "d" : "1756408072591652601",
      "t" : 1756408072591,
      "tn" : 1756408072591652601,
      "q" : "0.2",
      "p" : "0.78298",
      "s" : "buy",
      "i" : "BNT_USD",
      "m" : "4611686018429975717"
    }, {
      "d" : "1756407686911062595",
      "t" : 1756407686911,
      "tn" : 1756407686911062595,
      "q" : "2.0",
      "p" : "0.78385",
      "s" : "buy",
      "i" : "BNT_USD",
      "m" : "4611686018429975716"
    }, {
      "d" : "1756407484118624121",
      "t" : 1756407484118,
      "tn" : 1756407484118624121,
      "q" : "1.7",
      "p" : "0.77995",
      "s" : "sell",
      "i" : "BNT_USD",
      "m" : "4611686018429975715"
    }, {
      "d" : "1756407034773083181",
      "t" : 1756407034773,
      "tn" : 1756407034773083181,
      "q" : "5.1",
      "p" : "0.77946",
      "s" : "sell",
      "i" : "BNT_USD",
      "m" : "4611686018429975714"
    }, {
      "d" : "1756406777356400190",
      "t" : 1756406777356,
      "tn" : 1756406777356400190,
      "q" : "2.2",
      "p" : "0.78036",
      "s" : "sell",
      "i" : "BNT_USD",
      "m" : "4611686018429975713"
    }, {
      "d" : "1756406543429603622",
      "t" : 1756406543429,
      "tn" : 1756406543429603622,
      "q" : "3.0",
      "p" : "0.78166",
      "s" : "sell",
      "i" : "BNT_USD",
      "m" : "4611686018429975712"
    }, {
      "d" : "1756406377052500911",
      "t" : 1756406377052,
      "tn" : 1756406377052500911,
      "q" : "9.0",
      "p" : "0.78583",
      "s" : "buy",
      "i" : "BNT_USD",
      "m" : "4611686018429975711"
    }, {
      "d" : "1756406138656163666",
      "t" : 1756406138656,
      "tn" : 1756406138656163666,
      "q" : "12.1",
      "p" : "0.78435",
      "s" : "buy",
      "i" : "BNT_USD",
      "m" : "4611686018429975710"
    }, {
      "d" : "1756406023681322932",
      "t" : 1756406023681,
      "tn" : 1756406023681322932,
      "q" : "20.0",
      "p" : "0.78082",
      "s" : "sell",
      "i" : "BNT_USD",
      "m" : "4611686018429975709"
    }, {
      "d" : "1756404472591941066",
      "t" : 1756404472591,
      "tn" : 1756404472591941066,
      "q" : "0.2",
      "p" : "0.78206",
      "s" : "buy",
      "i" : "BNT_USD",
      "m" : "4611686018429975708"
    }, {
      "d" : "1756400872591683996",
      "t" : 1756400872591,
      "tn" : 1756400872591683996,
      "q" : "0.1",
      "p" : "0.77963",
      "s" : "buy",
      "i" : "BNT_USD",
      "m" : "4611686018429975707"
    }, {
      "d" : "1756397272591635013",
      "t" : 1756397272591,
      "tn" : 1756397272591635013,
      "q" : "0.1",
      "p" : "0.78732",
      "s" : "buy",
      "i" : "BNT_USD",
      "m" : "4611686018429975706"
    }, {
      "d" : "1756394443084412098",
      "t" : 1756394443084,
      "tn" : 1756394443084412098,
      "q" : "9.8",
      "p" : "0.78876",
      "s" : "sell",
      "i" : "BNT_USD",
      "m" : "4611686018429975705"
    }, {
      "d" : "1756393672591460364",
      "t" : 1756393672591,
      "tn" : 1756393672591460364,
      "q" : "0.1",
      "p" : "0.79426",
      "s" : "buy",
      "i" : "BNT_USD",
      "m" : "4611686018429975704"
    }, {
      "d" : "1756390260180482152",
      "t" : 1756390260180,
      "tn" : 1756390260180482152,
      "q" : "104.2",
      "p" : "0.79006",
      "s" : "sell",
      "i" : "BNT_USD",
      "m" : "4611686018429975703"
    }, {
      "d" : "1756390148473937921",
      "t" : 1756390148473,
      "tn" : 1756390148473937921,
      "q" : "104.2",
      "p" : "0.79409",
      "s" : "buy",
      "i" : "BNT_USD",
      "m" : "4611686018429975702"
    }, {
      "d" : "1756390072591443660",
      "t" : 1756390072591,
      "tn" : 1756390072591443660,
      "q" : "0.1",
      "p" : "0.79439",
      "s" : "buy",
      "i" : "BNT_USD",
      "m" : "4611686018429975701"
    }, {
      "d" : "1756388568799321163",
      "t" : 1756388568799,
      "tn" : 1756388568799321163,
      "q" : "22.2",
      "p" : "0.79107",
      "s" : "buy",
      "i" : "BNT_USD",
      "m" : "4611686018429975700"
    }, {
      "d" : "1756386472592097613",
      "t" : 1756386472592,
      "tn" : 1756386472592097613,
      "q" : "0.1",
      "p" : "0.79078",
      "s" : "buy",
      "i" : "BNT_USD",
      "m" : "4611686018429975699"
    }, {
      "d" : "1756382872591290866",
      "t" : 1756382872591,
      "tn" : 1756382872591290866,
      "q" : "0.1",
      "p" : "0.78794",
      "s" : "buy",
      "i" : "BNT_USD",
      "m" : "4611686018429975698"
    }, {
      "d" : "1756381416645597371",
      "t" : 1756381416645,
      "tn" : 1756381416645597371,
      "q" : "5.5",
      "p" : "0.78757",
      "s" : "sell",
      "i" : "BNT_USD",
      "m" : "4611686018429975697"
    }, {
      "d" : "1756381416639556067",
      "t" : 1756381416639,
      "tn" : 1756381416639556067,
      "q" : "14.1",
      "p" : "0.78757",
      "s" : "buy",
      "i" : "BNT_USD",
      "m" : "4611686018429975696"
    }, {
      "d" : "1756379272591806569",
      "t" : 1756379272591,
      "tn" : 1756379272591806569,
      "q" : "0.1",
      "p" : "0.78662",
      "s" : "buy",
      "i" : "BNT_USD",
      "m" : "4611686018429975695"
    }, {
      "d" : "1756375672591605201",
      "t" : 1756375672591,
      "tn" : 1756375672591605201,
      "q" : "0.1",
      "p" : "0.78546",
      "s" : "buy",
      "i" : "BNT_USD",
      "m" : "4611686018429975694"
    } ]
  }
}