{
  "id" : -1,
  "method" : "public/get-trades",
  "code" : 0,
  "result" : {
    "data" : [ {
      "d" : "1756459192654612472",
      "t" : 1756459192654,
      "tn" : 1756459192654612472,
      "q" : "600",
      "p" : "0.001955",
      "s" : "buy",
      "i" : "BOME_USD",
      "m" : "4611686018428632296"
    }, {
      "d" : "1756458183001813891",
      "t" : 1756458183001,
      "tn" : 1756458183001813891,
      "q" : "600",
      "p" : "0.001930",
      "s" : "sell",
      "i" : "BOME_USD",
      "m" : "4611686018428632295"
    }, {
      "d" : "1756458153234193674",
      "t" : 1756458153234,
      "tn" : 1756458153234193674,
      "q" : "600",
      "p" : "0.001942",
      "s" : "sell",
      "i" : "BOME_USD",
      "m" : "4611686018428632294"
    }, {
      "d" : "1756457971999784981",
      "t" : 1756457971999,
      "tn" : 1756457971999784981,
      "q" : "600",
      "p" : "0.001957",
      "s" : "sell",
      "i" : "BOME_USD",
      "m" : "4611686018428632293"
    }, {
      "d" : "1756457840329457442",
      "t" : 1756457840329,
      "tn" : 1756457840329457442,
      "q" : "1030",
      "p" : "0.001956",
      "s" : "sell",
      "i" : "BOME_USD",
      "m" : "4611686018428632292"
    }, {
      "d" : "1756457686068280448",
      "t" : 1756457686068,
      "tn" : 1756457686068280448,
      "q" : "930",
      "p" : "0.001962",
      "s" : "sell",
      "i" : "BOME_USD",
      "m" : "4611686018428632291"
    }, {
      "d" : "1756457678709931833",
      "t" : 1756457678709,
      "tn" : 1756457678709931833,
      "q" : "14290",
      "p" : "0.001964",
      "s" : "sell",
      "i" : "BOME_USD",
      "m" : "4611686018428632290"
    }, {
      "d" : "1756454716907855552",
      "t" : 1756454716907,
      "tn" : 1756454716907855552,
      "q" : "600",
      "p" : "0.001982",
      "s" : "sell",
      "i" : "BOME_USD",
      "m" : "4611686018428632289"
    }, {
      "d" : "1756452382461839314",
      "t" : 1756452382461,
      "tn" : 1756452382461839314,
      "q" : "600",
      "p" : "0.001993",
      "s" : "sell",
      "i" : "BOME_USD",
      "m" : "4611686018428632288"
    }, {
      "d" : "1756452382460121347",
      "t" : 1756452382460,
      "tn" : 1756452382460121347,
      "q" : "105770",
      "p" : "0.001990",
      "s" : "sell",
      "i" : "BOME_USD",
      "m" : "4611686018428632287"
    }, {
      "d" : "1756452382460119700",
      "t" : 1756452382460,
      "tn" : 1756452382460119700,
      "q" : "12000",
      "p" : "0.001991",
      "s" : "sell",
      "i" : "BOME_USD",
      "m" : "4611686018428632286"
    }, {
      "d" : "1756452382460116689",
      "t" : 1756452382460,
      "tn" : 1756452382460116689,
      "q" : "600",
      "p" : "0.001993",
      "s" : "sell",
      "i" : "BOME_USD",
      "m" : "4611686018428632285"
    }, {
      "d" : "1756451490218178792",
      "t" : 1756451490218,
      "tn" : 1756451490218178791,
      "q" : "1000",
      "p" : "0.002014",
      "s" : "sell",
      "i" : "BOME_USD",
      "m" : "4611686018428632284"
    }, {
      "d" : "1756451490218178791",
      "t" : 1756451490218,
      "tn" : 1756451490218178791,
      "q" : "900",
      "p" : "0.002014",
      "s" : "sell",
      "i" : "BOME_USD",
      "m" : "4611686018428632284"
    }, {
      "d" : "1756451247206041074",
      "t" : 1756451247206,
      "tn" : 1756451247206041074,
      "q" : "600",
      "p" : "0.002021",
      "s" : "sell",
      "i" : "BOME_USD",
      "m" : "4611686018428632283"
    }, {
      "d" : "1756451230033910705",
      "t" : 1756451230033,
      "tn" : 1756451230033910705,
      "q" : "600",
      "p" : "0.002024",
      "s" : "sell",
      "i" : "BOME_USD",
      "m" : "4611686018428632282"
    }, {
      "d" : "1756450946055691527",
      "t" : 1756450946055,
      "tn" : 1756450946055691527,
      "q" : "600",
      "p" : "0.002034",
      "s" : "sell",
      "i" : "BOME_USD",
      "m" : "4611686018428632281"
    }, {
      "d" : "1756450897538217969",
      "t" : 1756450897538,
      "tn" : 1756450897538217969,
      "q" : "5760",
      "p" : "0.002034",
      "s" : "sell",
      "i" : "BOME_USD",
      "m" : "4611686018428632280"
    }, {
      "d" : "1756450154482153295",
      "t" : 1756450154482,
      "tn" : 1756450154482153295,
      "q" : "600",
      "p" : "0.002051",
      "s" : "sell",
      "i" : "BOME_USD",
      "m" : "4611686018428632279"
    }, {
      "d" : "1756450003040270451",
      "t" : 1756450003040,
      "tn" : 1756450003040270451,
      "q" : "600",
      "p" : "0.002049",
      "s" : "buy",
      "i" : "BOME_USD",
      "m" : "4611686018428632278"
    }, {
      "d" : "1756449842980171844",
      "t" : 1756449842980,
      "tn" : 1756449842980171844,
      "q" : "600",
      "p" : "0.002051",
      "s" : "buy",
      "i" : "BOME_USD",
      "m" : "4611686018428632277"
    }, {
      "d" : "1756449842901230153",
      "t" : 1756449842901,
      "tn" : 1756449842901230153,
      "q" : "196460",
      "p" : "0.002050",
      "s" : "buy",
      "i" : "BOME_USD",
      "m" : "4611686018428632276"
    }, {
      "d" : "1756449842901228353",
      "t" : 1756449842901,
      "tn" : 1756449842901228353,
      "q" : "600",
      "p" : "0.002048",
      "s" : "buy",
      "i" : "BOME_USD",
      "m" : "4611686018428632275"
    }, {
      "d" : "1756449758010522448",
      "t" : 1756449758010,
      "tn" : 1756449758010522448,
      "q" : "600",
      "p" : "0.002046",
      "s" : "buy",
      "i" : "BOME_USD",
      "m" : "4611686018428632274"
    }, {
      "d" : "1756449754235524369",
      "t" : 1756449754235,
      "tn" : 1756449754235524369,
      "q" : "600",
      "p" : "0.002044",
      "s" : "buy",
      "i" : "BOME_USD",
      "m" : "4611686018428632273"
    }, {
      "d" : "1756449610527064869",
      "t" : 1756449610527,
      "tn" : 1756449610527064869,
      "q" : "600",
      "p" : "0.002036",
      "s" : "buy",
      "i" : "BOME_USD",
      "m" : "4611686018428632272"
    }, {
      "d" : "1756449602109645885",
      "t" : 1756449602109,
      "tn" : 1756449602109645885,
      "q" : "600",
      "p" : "0.002040",
      "s" : "sell",
      "i" : "BOME_USD",
      "m" : "4611686018428632271"
    }, {
      "d" : "1756449601326975785",
      "t" : 1756449601326,
      "tn" : 1756449601326975785,
      "q" : "600",
      "p" : "0.002050",
      "s" : "buy",
      "i" : "BOME_USD",
      "m" : "4611686018428632270"
    }, {
      "d" : "1756449581905744133",
      "t" : 1756449581905,
      "tn" : 1756449581905744133,
      "q" : "95760",
      "p" : "0.002050",
      "s" : "sell",
      "i" : "BOME_USD",
      "m" : "4611686018428632269"
    }, {
      "d" : "1756449581902372610",
      "t" : 1756449581902,
      "tn" : 1756449581902372610,
      "q" : "600",
      "p" : "0.002052",
      "s" : "sell",
      "i" : "BOME_USD",
      "m" : "4611686018428632268"
    }, {
      "d" : "1756449500763263295",
      "t" : 1756449500763,
      "tn" : 1756449500763263295,
      "q" : "600",
      "p" : "0.002061",
      "s" : "sell",
      "i" : "BOME_USD",
      "m" : "4611686018428632267"
    }, {
      "d" : "1756449450629851219",
      "t" : 1756449450629,
      "tn" : 1756449450629851219,
      "q" : "600",
      "p" : "0.002059",
      "s" : "sell",
      "i" : "BOME_USD",
      "m" : "4611686018428632266"
    }, {
      "d" : "1756449350917947451",
      "t" : 1756449350917,
      "tn" : 1756449350917947451,
      "q" : "600",
      "p" : "0.002061",
      "s" : "sell",
      "i" : "BOME_USD",
      "m" : "4611686018428632265"
    }, {
      "d" : "1756448887987971852",
      "t" : 1756448887987,
      "tn" : 1756448887987971852,
      "q" : "39400",
      "p" : "0.002060",
      "s" : "sell",
      "i" : "BOME_USD",
      "m" : "4611686018428632264"
    }, {
      "d" : "1756448887987969926",
      "t" : 1756448887987,
      "tn" : 1756448887987969926,
      "q" : "600",
      "p" : "0.002063",
      "s" : "sell",
      "i" : "BOME_USD",
      "m" : "4611686018428632263"
    }, {
      "d" : "1756448124936210614",
      "t" : 1756448124936,
      "tn" : 1756448124936210614,
      "q" : "880",
      "p" : "0.002064",
      "s" : "sell",
      "i" : "BOME_USD",
      "m" : "4611686018428632262"
    }, {
      "d" : "1756447914854067997",
      "t" : 1756447914854,
      "tn" : 1756447914854067997,
      "q" : "600",
      "p" : "0.002073",
      "s" : "sell",
      "i" : "BOME_USD",
      "m" : "4611686018428632261"
    }, {
      "d" : "1756447914773691548",
      "t" : 1756447914773,
      "tn" : 1756447914773691548,
      "q" : "600",
      "p" : "0.002075",
      "s" : "sell",
      "i" : "BOME_USD",
      "m" : "4611686018428632260"
    }, {
      "d" : "1756447732155746966",
      "t" : 1756447732155,
      "tn" : 1756447732155746966,
      "q" : "600",
      "p" : "0.002082",
      "s" : "buy",
      "i" : "BOME_USD",
      "m" : "4611686018428632259"
    }, {
      "d" : "1756447732080163388",
      "t" : 1756447732080,
      "tn" : 1756447732080163388,
      "q" : "600",
      "p" : "0.002080",
      "s" : "buy",
      "i" : "BOME_USD",
      "m" : "4611686018428632258"
    }, {
      "d" : "1756447647107617740",
      "t" : 1756447647107,
      "tn" : 1756447647107617740,
      "q" : "600",
      "p" : "0.002084",
      "s" : "buy",
      "i" : "BOME_USD",
      "m" : "4611686018428632257"
    }, {
      "d" : "1756447647037970103",
      "t" : 1756447647037,
      "tn" : 1756447647037970103,
      "q" : "600",
      "p" : "0.002084",
      "s" : "buy",
      "i" : "BOME_USD",
      "m" : "4611686018428632256"
    }, {
      "d" : "1756447055613435529",
      "t" : 1756447055613,
      "tn" : 1756447055613435529,
      "q" : "600",
      "p" : "0.002079",
      "s" : "sell",
      "i" : "BOME_USD",
      "m" : "4611686018428632255"
    }, {
      "d" : "1756445819238353055",
      "t" : 1756445819238,
      "tn" : 1756445819238353055,
      "q" : "600",
      "p" : "0.002079",
      "s" : "buy",
      "i" : "BOME_USD",
      "m" : "4611686018428632254"
    }, {
      "d" : "1756445422288027727",
      "t" : 1756445422288,
      "tn" : 1756445422288027727,
      "q" : "600",
      "p" : "0.002080",
      "s" : "buy",
      "i" : "BOME_USD",
      "m" : "4611686018428632253"
    }, {
      "d" : "1756444908392897779",
      "t" : 1756444908392,
      "tn" : 1756444908392897779,
      "q" : "600",
      "p" : "0.002082",
      "s" : "buy",
      "i" : "BOME_USD",
      "m" : "4611686018428632252"
    }, {
      "d" : "1756441983424139333",
      "t" : 1756441983424,
      "tn" : 1756441983424139333,
      "q" : "600",
      "p" : "0.002102",
      "s" : "buy",
      "i" : "BOME_USD",
      "m" : "4611686018428632251"
    }, {
      "d" : "1756441756175988077",
      "t" : 1756441756175,
      "tn" : 1756441756175988077,
      "q" : "880",
      "p" : "0.002115",
      "s" : "buy",
      "i" : "BOME_USD",
      "m" : "4611686018428632250"
    }, {
      "d" : "1756440968839277543",
      "t" : 1756440968839,
      "tn" : 1756440968839277543,
      "q" : "600",
      "p" : "0.002085",
      "s" : "buy",
      "i" : "BOME_USD",
      "m" : "4611686018428632249"
    }, {
      "d" : "1756440794876880550",
      "t" : 1756440794876,
      "tn" : 1756440794876880550,
      "q" : "600",
      "p" : "0.002079",
      "s" : "buy",
      "i" : "BOME_USD",
      "m" : "4611686018428632248"
    }, {
      "d" : "1756440721746505645",
      "t" : 1756440721746,
      "tn" : 1756440721746505645,
      "q" : "600",
      "p" : "0.002078",
      "s" : "sell",
      "i" : "BOME_USD",
      "m" : "4611686018428632247"
    }, {
      "d" : "1756439427764941289",
      "t" : 1756439427764,
      "tn" : 1756439427764941289,
      "q" : "6010",
      "p" : "0.002102",
      "s" : "buy",
      "i" : "BOME_USD",
      "m" : "4611686018428632246"
    }, {
      "d" : "1756438672201152583",
      "t" : 1756438672201,
      "tn" : 1756438672201152583,
      "q" : "600",
      "p" : "0.002091",
      "s" : "buy",
      "i" : "BOME_USD",
      "m" : "4611686018428632245"
    }, {
      "d" : "1756438369580826293",
      "t" : 1756438369580,
      "tn" : 1756438369580826293,
      "q" : "116180",
      "p" : "0.002088",
      "s" : "buy",
      "i" : "BOME_USD",
      "m" : "4611686018428632244"
    }, {
      "d" : "1756438369580824421",
      "t" : 1756438369580,
      "tn" : 1756438369580824421,
      "q" : "241620",
      "p" : "0.002084",
      "s" : "buy",
      "i" : "BOME_USD",
      "m" : "4611686018428632243"
    }, {
      "d" : "1756438369580697563",
      "t" : 1756438369580,
      "tn" : 1756438369580697563,
      "q" : "115050",
      "p" : "0.002083",
      "s" : "buy",
      "i" : "BOME_USD",
      "m" : "4611686018428632242"
    }, {
      "d" : "1756438369580600978",
      "t" : 1756438369580,
      "tn" : 1756438369580600978,
      "q" : "600",
      "p" : "0.002082",
      "s" : "buy",
      "i" : "BOME_USD",
      "m" : "4611686018428632241"
    }, {
      "d" : "1756434590239934185",
      "t" : 1756434590239,
      "tn" : 1756434590239934185,
      "q" : "4970",
      "p" : "0.002090",
      "s" : "sell",
      "i" : "BOME_USD",
      "m" : "4611686018428632240"
    }, {
      "d" : "1756434468249965656",
      "t" : 1756434468249,
      "tn" : 1756434468249965656,
      "q" : "13420",
      "p" : "0.002091",
      "s" : "sell",
      "i" : "BOME_USD",
      "m" : "4611686018428632239"
    }, {
      "d" : "1756434248021678668",
      "t" : 1756434248021,
      "tn" : 1756434248021678668,
      "q" : "600",
      "p" : "0.002098",
      "s" : "buy",
      "i" : "BOME_USD",
      "m" : "4611686018428632238"
    }, {
      "d" : "1756434247845422518",
      "t" : 1756434247845,
      "tn" : 1756434247845422518,
      "q" : "13410",
      "p" : "0.002095",
      "s" : "buy",
      "i" : "BOME_USD",
      "m" : "4611686018428632237"
    }, {
      "d" : "1756433630975839576",
      "t" : 1756433630975,
      "tn" : 1756433630975839576,
      "q" : "600",
      "p" : "0.002080",
      "s" : "buy",
      "i" : "BOME_USD",
      "m" : "4611686018428632236"
    }, {
      "d" : "1756433572266805638",
      "t" : 1756433572266,
      "tn" : 1756433572266805638,
      "q" : "600",
      "p" : "0.002070",
      "s" : "buy",
      "i" : "BOME_USD",
      "m" : "4611686018428632235"
    }, {
      "d" : "1756430213242938656",
      "t" : 1756430213242,
      "tn" : 1756430213242938656,
      "q" : "600",
      "p" : "0.002059",
      "s" : "sell",
      "i" : "BOME_USD",
      "m" : "4611686018428632234"
    }, {
      "d" : "1756430213240396271",
      "t" : 1756430213240,
      "tn" : 1756430213240396271,
      "q" : "600",
      "p" : "0.002059",
      "s" : "sell",
      "i" : "BOME_USD",
      "m" : "4611686018428632233"
    }, {
      "d" : "1756429948985794831",
      "t" : 1756429948985,
      "tn" : 1756429948985794831,
      "q" : "880",
      "p" : "0.002064",
      "s" : "sell",
      "i" : "BOME_USD",
      "m" : "4611686018428632232"
    }, {
      "d" : "1756429683063876555",
      "t" : 1756429683063,
      "tn" : 1756429683063876555,
      "q" : "600",
      "p" : "0.002070",
      "s" : "sell",
      "i" : "BOME_USD",
      "m" : "4611686018428632231"
    }, {
      "d" : "1756429683062441516",
      "t" : 1756429683062,
      "tn" : 1756429683062441516,
      "q" : "130510",
      "p" : "0.002072",
      "s" : "sell",
      "i" : "BOME_USD",
      "m" : "4611686018428632230"
    }, {
      "d" : "1756429683057317113",
      "t" : 1756429683057,
      "tn" : 1756429683057317113,
      "q" : "600",
      "p" : "0.002074",
      "s" : "sell",
      "i" : "BOME_USD",
      "m" : "4611686018428632229"
    }, {
      "d" : "1756429683056791333",
      "t" : 1756429683056,
      "tn" : 1756429683056791333,
      "q" : "105870",
      "p" : "0.002073",
      "s" : "sell",
      "i" : "BOME_USD",
      "m" : "4611686018428632228"
    }, {
      "d" : "1756429683056789559",
      "t" : 1756429683056,
      "tn" : 1756429683056789559,
      "q" : "13820",
      "p" : "0.002075",
      "s" : "sell",
      "i" : "BOME_USD",
      "m" : "4611686018428632227"
    }, {
      "d" : "1756429683054653936",
      "t" : 1756429683054,
      "tn" : 1756429683054653936,
      "q" : "129290",
      "p" : "0.002073",
      "s" : "sell",
      "i" : "BOME_USD",
      "m" : "4611686018428632226"
    }, {
      "d" : "1756429683054651284",
      "t" : 1756429683054,
      "tn" : 1756429683054651284,
      "q" : "600",
      "p" : "0.002076",
      "s" : "sell",
      "i" : "BOME_USD",
      "m" : "4611686018428632225"
    }, {
      "d" : "1756429683053957625",
      "t" : 1756429683053,
      "tn" : 1756429683053957625,
      "q" : "13820",
      "p" : "0.002075",
      "s" : "sell",
      "i" : "BOME_USD",
      "m" : "4611686018428632224"
    }, {
      "d" : "1756429683052137703",
      "t" : 1756429683052,
      "tn" : 1756429683052137703,
      "q" : "326180",
      "p" : "0.002074",
      "s" : "sell",
      "i" : "BOME_USD",
      "m" : "4611686018428632223"
    }, {
      "d" : "1756429683051773554",
      "t" : 1756429683051,
      "tn" : 1756429683051773554,
      "q" : "600",
      "p" : "0.002076",
      "s" : "sell",
      "i" : "BOME_USD",
      "m" : "4611686018428632222"
    }, {
      "d" : "1756425912604416529",
      "t" : 1756425912604,
      "tn" : 1756425912604416529,
      "q" : "600",
      "p" : "0.002109",
      "s" : "buy",
      "i" : "BOME_USD",
      "m" : "4611686018428632221"
    }, {
      "d" : "1756425784400534716",
      "t" : 1756425784400,
      "tn" : 1756425784400534716,
      "q" : "890",
      "p" : "0.002115",
      "s" : "buy",
      "i" : "BOME_USD",
      "m" : "4611686018428632220"
    }, {
      "d" : "1756425448130974957",
      "t" : 1756425448130,
      "tn" : 1756425448130974957,
      "q" : "600",
      "p" : "0.002107",
      "s" : "buy",
      "i" : "BOME_USD",
      "m" : "4611686018428632219"
    }, {
      "d" : "1756423716860567676",
      "t" : 1756423716860,
      "tn" : 1756423716860567676,
      "q" : "600",
      "p" : "0.002091",
      "s" : "buy",
      "i" : "BOME_USD",
      "m" : "4611686018428632218"
    }, {
      "d" : "1756423716808362779",
      "t" : 1756423716808,
      "tn" : 1756423716808362779,
      "q" : "600",
      "p" : "0.002091",
      "s" : "buy",
      "i" : "BOME_USD",
      "m" : "4611686018428632217"
    }, {
      "d" : "1756423716791328442",
      "t" : 1756423716791,
      "tn" : 1756423716791328442,
      "q" : "600",
      "p" : "0.002091",
      "s" : "buy",
      "i" : "BOME_USD",
      "m" : "4611686018428632216"
    }, {
      "d" : "1756423716720645464",
      "t" : 1756423716720,
      "tn" : 1756423716720645464,
      "q" : "600",
      "p" : "0.002089",
      "s" : "buy",
      "i" : "BOME_USD",
      "m" : "4611686018428632215"
    }, {
      "d" : "1756423024854336043",
      "t" : 1756423024854,
      "tn" : 1756423024854336043,
      "q" : "600",
      "p" : "0.002086",
      "s" : "buy",
      "i" : "BOME_USD",
      "m" : "4611686018428632214"
    }, {
      "d" : "1756422592834677686",
      "t" : 1756422592834,
      "tn" : 1756422592834677686,
      "q" : "600",
      "p" : "0.002092",
      "s" : "buy",
      "i" : "BOME_USD",
      "m" : "4611686018428632213"
    }, {
      "d" : "1756419904169614509",
      "t" : 1756419904169,
      "tn" : 1756419904169614509,
      "q" : "600",
      "p" : "0.002088",
      "s" : "sell",
      "i" : "BOME_USD",
      "m" : "4611686018428632212"
    }, {
      "d" : "1756419403771983800",
      "t" : 1756419403771,
      "tn" : 1756419403771983800,
      "q" : "600",
      "p" : "0.002075",
      "s" : "buy",
      "i" : "BOME_USD",
      "m" : "4611686018428632211"
    }, {
      "d" : "1756419344097868690",
      "t" : 1756419344097,
      "tn" : 1756419344097868690,
      "q" : "600",
      "p" : "0.002072",
      "s" : "buy",
      "i" : "BOME_USD",
      "m" : "4611686018428632210"
    }, {
      "d" : "1756419102659837892",
      "t" : 1756419102659,
      "tn" : 1756419102659837892,
      "q" : "990",
      "p" : "0.002073",
      "s" : "buy",
      "i" : "BOME_USD",
      "m" : "4611686018428632209"
    }, {
      "d" : "1756418992739940435",
      "t" : 1756418992739,
      "tn" : 1756418992739940435,
      "q" : "600",
      "p" : "0.002070",
      "s" : "buy",
      "i" : "BOME_USD",
      "m" : "4611686018428632208"
    }, {
      "d" : "1756418983603269456",
      "t" : 1756418983603,
      "tn" : 1756418983603269456,
      "q" : "600",
      "p" : "0.002070",
      "s" : "buy",
      "i" : "BOME_USD",
      "m" : "4611686018428632207"
    }, {
      "d" : "1756418947553241894",
      "t" : 1756418947553,
      "tn" : 1756418947553241894,
      "q" : "600",
      "p" : "0.002067",
      "s" : "buy",
      "i" : "BOME_USD",
      "m" : "4611686018428632206"
    }, {
      "d" : "1756418825960933460",
      "t" : 1756418825960,
      "tn" : 1756418825960933460,
      "q" : "600",
      "p" : "0.002065",
      "s" : "buy",
      "i" : "BOME_USD",
      "m" : "4611686018428632205"
    }, {
      "d" : "1756418805441872285",
      "t" : 1756418805441,
      "tn" : 1756418805441872285,
      "q" : "600",
      "p" : "0.002062",
      "s" : "buy",
      "i" : "BOME_USD",
      "m" : "4611686018428632204"
    }, {
      "d" : "1756418581425043556",
      "t" : 1756418581425,
      "tn" : 1756418581425043556,
      "q" : "600",
      "p" : "0.002057",
      "s" : "buy",
      "i" : "BOME_USD",
      "m" : "4611686018428632203"
    }, {
      "d" : "1756418501067056952",
      "t" : 1756418501067,
      "tn" : 1756418501067056952,
      "q" : "600",
      "p" : "0.002056",
      "s" : "buy",
      "i" : "BOME_USD",
      "m" : "4611686018428632202"
    }, {
      "d" : "1756418492757858349",
      "t" : 1756418492757,
      "tn" : 1756418492757858349,
      "q" : "600",
      "p" : "0.002055",
      "s" : "buy",
      "i" : "BOME_USD",
      "m" : "4611686018428632201"
    }, {
      "d" : "1756418210179538892",
      "t" : 1756418210179,
      "tn" : 1756418210179538892,
      "q" : "600",
      "p" : "0.002053",
      "s" : "buy",
      "i" : "BOME_USD",
      "m" : "4611686018428632200"
    }, {
      "d" : "1756417528395587313",
      "t" : 1756417528395,
      "tn" : 1756417528395587313,
      "q" : "600",
      "p" : "0.002044",
      "s" : "buy",
      "i" : "BOME_USD",
      "m" : "4611686018428632199"
    }, {
      "d" : "1756417528311241165",
      "t" : 1756417528311,
      "tn" : 1756417528311241165,
      "q" : "600",
      "p" : "0.002042",
      "s" : "buy",
      "i" : "BOME_USD",
      "m" : "4611686018428632198"
    }, {
      "d" : "1756417164762228048",
      "t" : 1756417164762,
      "tn" : 1756417164762228048,
      "q" : "600",
      "p" : "0.002040",
      "s" : "buy",
      "i" : "BOME_USD",
      "m" : "4611686018428632197"
    }, {
      "d" : "1756413873042255428",
      "t" : 1756413873042,
      "tn" : 1756413873042255428,
      "q" : "600",
      "p" : "0.002036",
      "s" : "buy",
      "i" : "BOME_USD",
      "m" : "4611686018428632196"
    }, {
      "d" : "1756412304986596218",
      "t" : 1756412304986,
      "tn" : 1756412304986596218,
      "q" : "600",
      "p" : "0.002027",
      "s" : "buy",
      "i" : "BOME_USD",
      "m" : "4611686018428632195"
    }, {
      "d" : "1756412166536316677",
      "t" : 1756412166536,
      "tn" : 1756412166536316677,
      "q" : "600",
      "p" : "0.002024",
      "s" : "buy",
      "i" : "BOME_USD",
      "m" : "4611686018428632194"
    }, {
      "d" : "1756412134550257143",
      "t" : 1756412134550,
      "tn" : 1756412134550257143,
      "q" : "600",
      "p" : "0.002024",
      "s" : "buy",
      "i" : "BOME_USD",
      "m" : "4611686018428632193"
    }, {
      "d" : "1756412134472807175",
      "t" : 1756412134472,
      "tn" : 1756412134472807175,
      "q" : "600",
      "p" : "0.002024",
      "s" : "buy",
      "i" : "BOME_USD",
      "m" : "4611686018428632192"
    }, {
      "d" : "1756410788581904983",
      "t" : 1756410788581,
      "tn" : 1756410788581904983,
      "q" : "600",
      "p" : "0.002024",
      "s" : "buy",
      "i" : "BOME_USD",
      "m" : "4611686018428632191"
    }, {
      "d" : "1756408221057464121",
      "t" : 1756408221057,
      "tn" : 1756408221057464121,
      "q" : "890",
      "p" : "0.002064",
      "s" : "buy",
      "i" : "BOME_USD",
      "m" : "4611686018428632190"
    }, {
      "d" : "1756405861048894954",
      "t" : 1756405861048,
      "tn" : 1756405861048894954,
      "q" : "600",
      "p" : "0.002046",
      "s" : "buy",
      "i" : "BOME_USD",
      "m" : "4611686018428632189"
    }, {
      "d" : "1756405860974889527",
      "t" : 1756405860974,
      "tn" : 1756405860974889527,
      "q" : "600",
      "p" : "0.002044",
      "s" : "buy",
      "i" : "BOME_USD",
      "m" : "4611686018428632188"
    }, {
      "d" : "1756405359232858136",
      "t" : 1756405359232,
      "tn" : 1756405359232858136,
      "q" : "600",
      "p" : "0.002035",
      "s" : "buy",
      "i" : "BOME_USD",
      "m" : "4611686018428632187"
    }, {
      "d" : "1756402043126778082",
      "t" : 1756402043126,
      "tn" : 1756402043126778082,
      "q" : "600",
      "p" : "0.002048",
      "s" : "sell",
      "i" : "BOME_USD",
      "m" : "4611686018428632186"
    }, {
      "d" : "1756401054865911301",
      "t" : 1756401054865,
      "tn" : 1756401054865911301,
      "q" : "600",
      "p" : "0.002030",
      "s" : "sell",
      "i" : "BOME_USD",
      "m" : "4611686018428632185"
    }, {
      "d" : "1756400402541263520",
      "t" : 1756400402541,
      "tn" : 1756400402541263519,
      "q" : "1000",
      "p" : "0.002014",
      "s" : "sell",
      "i" : "BOME_USD",
      "m" : "4611686018428632184"
    }, {
      "d" : "1756400402541263519",
      "t" : 1756400402541,
      "tn" : 1756400402541263519,
      "q" : "900",
      "p" : "0.002014",
      "s" : "sell",
      "i" : "BOME_USD",
      "m" : "4611686018428632184"
    }, {
      "d" : "1756400355776168247",
      "t" : 1756400355776,
      "tn" : 1756400355776168247,
      "q" : "600",
      "p" : "0.002030",
      "s" : "sell",
      "i" : "BOME_USD",
      "m" : "4611686018428632183"
    }, {
      "d" : "1756396260713974050",
      "t" : 1756396260713,
      "tn" : 1756396260713974050,
      "q" : "600",
      "p" : "0.002059",
      "s" : "sell",
      "i" : "BOME_USD",
      "m" : "4611686018428632182"
    }, {
      "d" : "1756396260710429685",
      "t" : 1756396260710,
      "tn" : 1756396260710429685,
      "q" : "600",
      "p" : "0.002059",
      "s" : "sell",
      "i" : "BOME_USD",
      "m" : "4611686018428632181"
    }, {
      "d" : "1756396084032965314",
      "t" : 1756396084032,
      "tn" : 1756396084032965314,
      "q" : "600",
      "p" : "0.002067",
      "s" : "sell",
      "i" : "BOME_USD",
      "m" : "4611686018428632180"
    }, {
      "d" : "1756396084031546688",
      "t" : 1756396084031,
      "tn" : 1756396084031546688,
      "q" : "600",
      "p" : "0.002065",
      "s" : "sell",
      "i" : "BOME_USD",
      "m" : "4611686018428632179"
    }, {
      "d" : "1756396084031264051",
      "t" : 1756396084031,
      "tn" : 1756396084031264051,
      "q" : "120260",
      "p" : "0.002065",
      "s" : "sell",
      "i" : "BOME_USD",
      "m" : "4611686018428632178"
    }, {
      "d" : "1756396084031262423",
      "t" : 1756396084031,
      "tn" : 1756396084031262423,
      "q" : "600",
      "p" : "0.002067",
      "s" : "sell",
      "i" : "BOME_USD",
      "m" : "4611686018428632177"
    }, {
      "d" : "1756395851072967524",
      "t" : 1756395851072,
      "tn" : 1756395851072967524,
      "q" : "134150",
      "p" : "0.002076",
      "s" : "buy",
      "i" : "BOME_USD",
      "m" : "4611686018428632176"
    }, {
      "d" : "1756395851024121776",
      "t" : 1756395851024,
      "tn" : 1756395851024121776,
      "q" : "242350",
      "p" : "0.002074",
      "s" : "buy",
      "i" : "BOME_USD",
      "m" : "4611686018428632175"
    }, {
      "d" : "1756395793849136568",
      "t" : 1756395793849,
      "tn" : 1756395793849136568,
      "q" : "196640",
      "p" : "0.002074",
      "s" : "buy",
      "i" : "BOME_USD",
      "m" : "4611686018428632174"
    }, {
      "d" : "1756394748958180957",
      "t" : 1756394748958,
      "tn" : 1756394748958180957,
      "q" : "13770",
      "p" : "0.002082",
      "s" : "sell",
      "i" : "BOME_USD",
      "m" : "4611686018428632173"
    }, {
      "d" : "1756393372550953185",
      "t" : 1756393372550,
      "tn" : 1756393372550953185,
      "q" : "33560",
      "p" : "0.002100",
      "s" : "sell",
      "i" : "BOME_USD",
      "m" : "4611686018428632172"
    }, {
      "d" : "1756393372541932330",
      "t" : 1756393372541,
      "tn" : 1756393372541932330,
      "q" : "600",
      "p" : "0.002104",
      "s" : "sell",
      "i" : "BOME_USD",
      "m" : "4611686018428632171"
    }, {
      "d" : "1756393321082956450",
      "t" : 1756393321082,
      "tn" : 1756393321082956450,
      "q" : "600",
      "p" : "0.002103",
      "s" : "buy",
      "i" : "BOME_USD",
      "m" : "4611686018428632170"
    }, {
      "d" : "1756393266052375964",
      "t" : 1756393266052,
      "tn" : 1756393266052375964,
      "q" : "600",
      "p" : "0.002101",
      "s" : "buy",
      "i" : "BOME_USD",
      "m" : "4611686018428632169"
    }, {
      "d" : "1756392223913710276",
      "t" : 1756392223913,
      "tn" : 1756392223913710276,
      "q" : "600",
      "p" : "0.002070",
      "s" : "buy",
      "i" : "BOME_USD",
      "m" : "4611686018428632168"
    }, {
      "d" : "1756392058374522272",
      "t" : 1756392058374,
      "tn" : 1756392058374522272,
      "q" : "600",
      "p" : "0.002073",
      "s" : "sell",
      "i" : "BOME_USD",
      "m" : "4611686018428632167"
    }, {
      "d" : "1756391817935462705",
      "t" : 1756391817935,
      "tn" : 1756391817935462705,
      "q" : "600",
      "p" : "0.002065",
      "s" : "buy",
      "i" : "BOME_USD",
      "m" : "4611686018428632166"
    }, {
      "d" : "1756391527611866924",
      "t" : 1756391527611,
      "tn" : 1756391527611866924,
      "q" : "600",
      "p" : "0.002051",
      "s" : "buy",
      "i" : "BOME_USD",
      "m" : "4611686018428632165"
    }, {
      "d" : "1756391233329270711",
      "t" : 1756391233329,
      "tn" : 1756391233329270711,
      "q" : "96360",
      "p" : "0.002047",
      "s" : "sell",
      "i" : "BOME_USD",
      "m" : "4611686018428632164"
    }, {
      "d" : "1756391233319627746",
      "t" : 1756391233319,
      "tn" : 1756391233319627746,
      "q" : "600",
      "p" : "0.002054",
      "s" : "sell",
      "i" : "BOME_USD",
      "m" : "4611686018428632163"
    }, {
      "d" : "1756391149186962067",
      "t" : 1756391149186,
      "tn" : 1756391149186962067,
      "q" : "600",
      "p" : "0.002056",
      "s" : "buy",
      "i" : "BOME_USD",
      "m" : "4611686018428632162"
    }, {
      "d" : "1756391149111220098",
      "t" : 1756391149111,
      "tn" : 1756391149111220098,
      "q" : "600",
      "p" : "0.002053",
      "s" : "buy",
      "i" : "BOME_USD",
      "m" : "4611686018428632161"
    }, {
      "d" : "1756390712488104002",
      "t" : 1756390712488,
      "tn" : 1756390712488104002,
      "q" : "600",
      "p" : "0.002077",
      "s" : "sell",
      "i" : "BOME_USD",
      "m" : "4611686018428632160"
    }, {
      "d" : "1756390291230877643",
      "t" : 1756390291230,
      "tn" : 1756390291230877643,
      "q" : "11000",
      "p" : "0.002080",
      "s" : "buy",
      "i" : "BOME_USD",
      "m" : "4611686018428632159"
    }, {
      "d" : "1756390290226087388",
      "t" : 1756390290226,
      "tn" : 1756390290226087388,
      "q" : "600",
      "p" : "0.002080",
      "s" : "sell",
      "i" : "BOME_USD",
      "m" : "4611686018428632158"
    }, {
      "d" : "1756389951030968471",
      "t" : 1756389951030,
      "tn" : 1756389951030968471,
      "q" : "600",
      "p" : "0.002084",
      "s" : "buy",
      "i" : "BOME_USD",
      "m" : "4611686018428632157"
    }, {
      "d" : "1756389941002822288",
      "t" : 1756389941002,
      "tn" : 1756389941002822288,
      "q" : "600",
      "p" : "0.002082",
      "s" : "buy",
      "i" : "BOME_USD",
      "m" : "4611686018428632156"
    }, {
      "d" : "1756389673553510891",
      "t" : 1756389673553,
      "tn" : 1756389673553510891,
      "q" : "600",
      "p" : "0.002070",
      "s" : "sell",
      "i" : "BOME_USD",
      "m" : "4611686018428632155"
    }, {
      "d" : "1756389620609383630",
      "t" : 1756389620609,
      "tn" : 1756389620609383630,
      "q" : "600",
      "p" : "0.002072",
      "s" : "buy",
      "i" : "BOME_USD",
      "m" : "4611686018428632154"
    }, {
      "d" : "1756389265024050802",
      "t" : 1756389265024,
      "tn" : 1756389265024050802,
      "q" : "6360",
      "p" : "0.002070",
      "s" : "buy",
      "i" : "BOME_USD",
      "m" : "4611686018428632153"
    }, {
      "d" : "1756389187668005863",
      "t" : 1756389187668,
      "tn" : 1756389187668005863,
      "q" : "600",
      "p" : "0.002074",
      "s" : "buy",
      "i" : "BOME_USD",
      "m" : "4611686018428632152"
    }, {
      "d" : "1756389167892927096",
      "t" : 1756389167892,
      "tn" : 1756389167892927096,
      "q" : "600",
      "p" : "0.002073",
      "s" : "buy",
      "i" : "BOME_USD",
      "m" : "4611686018428632151"
    }, {
      "d" : "1756389167890830487",
      "t" : 1756389167890,
      "tn" : 1756389167890830486,
      "q" : "600",
      "p" : "0.002073",
      "s" : "buy",
      "i" : "BOME_USD",
      "m" : "4611686018428632150"
    }, {
      "d" : "1756389167890830486",
      "t" : 1756389167890,
      "tn" : 1756389167890830486,
      "q" : "1000",
      "p" : "0.002073",
      "s" : "buy",
      "i" : "BOME_USD",
      "m" : "4611686018428632150"
    } ]
  }
}