{
  "id" : -1,
  "method" : "public/get-trades",
  "code" : 0,
  "result" : {
    "data" : [ {
      "d" : "1756459192654529180",
      "t" : 1756459192654,
      "tn" : 1756459192654529179,
      "q" : "137220",
      "p" : "0.001956",
      "s" : "buy",
      "i" : "BOME_USDT",
      "m" : "4611686018428441112"
    }, {
      "d" : "1756459192654529179",
      "t" : 1756459192654,
      "tn" : 1756459192654529179,
      "q" : "22250",
      "p" : "0.001956",
      "s" : "buy",
      "i" : "BOME_USDT",
      "m" : "4611686018428441112"
    }, {
      "d" : "1756459192654525959",
      "t" : 1756459192654,
      "tn" : 1756459192654525958,
      "q" : "600",
      "p" : "0.001955",
      "s" : "buy",
      "i" : "BOME_USDT",
      "m" : "4611686018428441111"
    }, {
      "d" : "1756459192654525958",
      "t" : 1756459192654,
      "tn" : 1756459192654525958,
      "q" : "5120",
      "p" : "0.001955",
      "s" : "buy",
      "i" : "BOME_USDT",
      "m" : "4611686018428441111"
    }, {
      "d" : "1756458183044487164",
      "t" : 1756458183044,
      "tn" : 1756458183044487164,
      "q" : "144950",
      "p" : "0.001927",
      "s" : "sell",
      "i" : "BOME_USDT",
      "m" : "4611686018428441110"
    }, {
      "d" : "1756458183024611665",
      "t" : 1756458183024,
      "tn" : 1756458183024611665,
      "q" : "22250",
      "p" : "0.001928",
      "s" : "sell",
      "i" : "BOME_USDT",
      "m" : "4611686018428441109"
    }, {
      "d" : "1756458183001952283",
      "t" : 1756458183001,
      "tn" : 1756458183001952283,
      "q" : "600",
      "p" : "0.001929",
      "s" : "sell",
      "i" : "BOME_USDT",
      "m" : "4611686018428441108"
    }, {
      "d" : "1756458116037284743",
      "t" : 1756458116037,
      "tn" : 1756458116037284743,
      "q" : "600",
      "p" : "0.001949",
      "s" : "sell",
      "i" : "BOME_USDT",
      "m" : "4611686018428441107"
    }, {
      "d" : "1756458116030047770",
      "t" : 1756458116030,
      "tn" : 1756458116030047770,
      "q" : "600",
      "p" : "0.001950",
      "s" : "sell",
      "i" : "BOME_USDT",
      "m" : "4611686018428441106"
    }, {
      "d" : "1756453656664451228",
      "t" : 1756453656664,
      "tn" : 1756453656664451228,
      "q" : "21460",
      "p" : "0.002002",
      "s" : "buy",
      "i" : "BOME_USDT",
      "m" : "4611686018428441105"
    }, {
      "d" : "1756452686118912406",
      "t" : 1756452686118,
      "tn" : 1756452686118912406,
      "q" : "62460",
      "p" : "0.002001",
      "s" : "buy",
      "i" : "BOME_USDT",
      "m" : "4611686018428441104"
    }, {
      "d" : "1756452678033171537",
      "t" : 1756452678033,
      "tn" : 1756452678033171537,
      "q" : "62530",
      "p" : "0.001999",
      "s" : "buy",
      "i" : "BOME_USDT",
      "m" : "4611686018428441103"
    }, {
      "d" : "1756452627532238105",
      "t" : 1756452627532,
      "tn" : 1756452627532238105,
      "q" : "5020",
      "p" : "0.001995",
      "s" : "buy",
      "i" : "BOME_USDT",
      "m" : "4611686018428441102"
    }, {
      "d" : "1756452627528762771",
      "t" : 1756452627528,
      "tn" : 1756452627528762770,
      "q" : "600",
      "p" : "0.001995",
      "s" : "buy",
      "i" : "BOME_USDT",
      "m" : "4611686018428441101"
    }, {
      "d" : "1756452627528762770",
      "t" : 1756452627528,
      "tn" : 1756452627528762770,
      "q" : "5020",
      "p" : "0.001995",
      "s" : "buy",
      "i" : "BOME_USDT",
      "m" : "4611686018428441101"
    }, {
      "d" : "1756452627518307714",
      "t" : 1756452627518,
      "tn" : 1756452627518307714,
      "q" : "5020",
      "p" : "0.001995",
      "s" : "buy",
      "i" : "BOME_USDT",
      "m" : "4611686018428441100"
    }, {
      "d" : "1756452520460227750",
      "t" : 1756452520460,
      "tn" : 1756452520460227750,
      "q" : "600",
      "p" : "0.001992",
      "s" : "buy",
      "i" : "BOME_USDT",
      "m" : "4611686018428441099"
    }, {
      "d" : "1756452482123996547",
      "t" : 1756452482123,
      "tn" : 1756452482123996547,
      "q" : "600",
      "p" : "0.001991",
      "s" : "buy",
      "i" : "BOME_USDT",
      "m" : "4611686018428441098"
    }, {
      "d" : "1756452482111947803",
      "t" : 1756452482111,
      "tn" : 1756452482111947802,
      "q" : "600",
      "p" : "0.001991",
      "s" : "buy",
      "i" : "BOME_USDT",
      "m" : "4611686018428441097"
    }, {
      "d" : "1756452482111947802",
      "t" : 1756452482111,
      "tn" : 1756452482111947802,
      "q" : "5030",
      "p" : "0.001991",
      "s" : "buy",
      "i" : "BOME_USDT",
      "m" : "4611686018428441097"
    }, {
      "d" : "1756452382461962821",
      "t" : 1756452382461,
      "tn" : 1756452382461962821,
      "q" : "169280",
      "p" : "0.001992",
      "s" : "sell",
      "i" : "BOME_USDT",
      "m" : "4611686018428441096"
    }, {
      "d" : "1756452382460984112",
      "t" : 1756452382460,
      "tn" : 1756452382460984112,
      "q" : "600",
      "p" : "0.001993",
      "s" : "sell",
      "i" : "BOME_USDT",
      "m" : "4611686018428441095"
    }, {
      "d" : "1756452316518709951",
      "t" : 1756452316518,
      "tn" : 1756452316518709951,
      "q" : "5000",
      "p" : "0.002001",
      "s" : "buy",
      "i" : "BOME_USDT",
      "m" : "4611686018428441094"
    }, {
      "d" : "1756452316380250580",
      "t" : 1756452316380,
      "tn" : 1756452316380250580,
      "q" : "600",
      "p" : "0.002001",
      "s" : "buy",
      "i" : "BOME_USDT",
      "m" : "4611686018428441093"
    }, {
      "d" : "1756452316360432094",
      "t" : 1756452316360,
      "tn" : 1756452316360432094,
      "q" : "5000",
      "p" : "0.002001",
      "s" : "buy",
      "i" : "BOME_USDT",
      "m" : "4611686018428441092"
    }, {
      "d" : "1756452316339865504",
      "t" : 1756452316339,
      "tn" : 1756452316339865504,
      "q" : "5000",
      "p" : "0.002001",
      "s" : "buy",
      "i" : "BOME_USDT",
      "m" : "4611686018428441091"
    }, {
      "d" : "1756451247205979400",
      "t" : 1756451247205,
      "tn" : 1756451247205979400,
      "q" : "600",
      "p" : "0.002020",
      "s" : "sell",
      "i" : "BOME_USDT",
      "m" : "4611686018428441090"
    }, {
      "d" : "1756451230033879213",
      "t" : 1756451230033,
      "tn" : 1756451230033879213,
      "q" : "600",
      "p" : "0.002023",
      "s" : "sell",
      "i" : "BOME_USDT",
      "m" : "4611686018428441089"
    }, {
      "d" : "1756451044999110476",
      "t" : 1756451044999,
      "tn" : 1756451044999110476,
      "q" : "600",
      "p" : "0.002034",
      "s" : "buy",
      "i" : "BOME_USDT",
      "m" : "4611686018428441088"
    }, {
      "d" : "1756450792470627785",
      "t" : 1756450792470,
      "tn" : 1756450792470627785,
      "q" : "24400",
      "p" : "0.002048",
      "s" : "sell",
      "i" : "BOME_USDT",
      "m" : "4611686018428441087"
    }, {
      "d" : "1756450792198840301",
      "t" : 1756450792198,
      "tn" : 1756450792198840301,
      "q" : "24400",
      "p" : "0.002048",
      "s" : "sell",
      "i" : "BOME_USDT",
      "m" : "4611686018428441086"
    }, {
      "d" : "1756450791898845633",
      "t" : 1756450791898,
      "tn" : 1756450791898845633,
      "q" : "48820",
      "p" : "0.002048",
      "s" : "sell",
      "i" : "BOME_USDT",
      "m" : "4611686018428441085"
    }, {
      "d" : "1756450791580850099",
      "t" : 1756450791580,
      "tn" : 1756450791580850099,
      "q" : "48820",
      "p" : "0.002048",
      "s" : "sell",
      "i" : "BOME_USDT",
      "m" : "4611686018428441084"
    }, {
      "d" : "1756450522174473940",
      "t" : 1756450522174,
      "tn" : 1756450522174473940,
      "q" : "48540",
      "p" : "0.002048",
      "s" : "buy",
      "i" : "BOME_USDT",
      "m" : "4611686018428441083"
    }, {
      "d" : "1756450154482288516",
      "t" : 1756450154482,
      "tn" : 1756450154482288516,
      "q" : "600",
      "p" : "0.002051",
      "s" : "sell",
      "i" : "BOME_USDT",
      "m" : "4611686018428441082"
    }, {
      "d" : "1756450022193152660",
      "t" : 1756450022193,
      "tn" : 1756450022193152660,
      "q" : "600",
      "p" : "0.002053",
      "s" : "buy",
      "i" : "BOME_USDT",
      "m" : "4611686018428441081"
    }, {
      "d" : "1756450003040171019",
      "t" : 1756450003040,
      "tn" : 1756450003040171019,
      "q" : "600",
      "p" : "0.002049",
      "s" : "buy",
      "i" : "BOME_USDT",
      "m" : "4611686018428441080"
    }, {
      "d" : "1756449955451350726",
      "t" : 1756449955451,
      "tn" : 1756449955451350726,
      "q" : "600",
      "p" : "0.002047",
      "s" : "buy",
      "i" : "BOME_USDT",
      "m" : "4611686018428441079"
    }, {
      "d" : "1756449842901391742",
      "t" : 1756449842901,
      "tn" : 1756449842901391742,
      "q" : "600",
      "p" : "0.002049",
      "s" : "buy",
      "i" : "BOME_USDT",
      "m" : "4611686018428441078"
    }, {
      "d" : "1756449842901316397",
      "t" : 1756449842901,
      "tn" : 1756449842901316397,
      "q" : "182110",
      "p" : "0.002049",
      "s" : "buy",
      "i" : "BOME_USDT",
      "m" : "4611686018428441077"
    }, {
      "d" : "1756449842901314832",
      "t" : 1756449842901,
      "tn" : 1756449842901314832,
      "q" : "600",
      "p" : "0.002047",
      "s" : "buy",
      "i" : "BOME_USDT",
      "m" : "4611686018428441076"
    }, {
      "d" : "1756449772267309196",
      "t" : 1756449772267,
      "tn" : 1756449772267309196,
      "q" : "600",
      "p" : "0.002045",
      "s" : "buy",
      "i" : "BOME_USDT",
      "m" : "4611686018428441075"
    }, {
      "d" : "1756449754233937031",
      "t" : 1756449754233,
      "tn" : 1756449754233937031,
      "q" : "600",
      "p" : "0.002043",
      "s" : "buy",
      "i" : "BOME_USDT",
      "m" : "4611686018428441074"
    }, {
      "d" : "1756449602109636391",
      "t" : 1756449602109,
      "tn" : 1756449602109636391,
      "q" : "600",
      "p" : "0.002040",
      "s" : "sell",
      "i" : "BOME_USDT",
      "m" : "4611686018428441073"
    }, {
      "d" : "1756449601731145069",
      "t" : 1756449601731,
      "tn" : 1756449601731145069,
      "q" : "2420",
      "p" : "0.002047",
      "s" : "sell",
      "i" : "BOME_USDT",
      "m" : "4611686018428441072"
    }, {
      "d" : "1756449581903531290",
      "t" : 1756449581903,
      "tn" : 1756449581903531289,
      "q" : "22200",
      "p" : "0.002051",
      "s" : "sell",
      "i" : "BOME_USDT",
      "m" : "4611686018428441071"
    }, {
      "d" : "1756449581903531289",
      "t" : 1756449581903,
      "tn" : 1756449581903531289,
      "q" : "115240",
      "p" : "0.002051",
      "s" : "sell",
      "i" : "BOME_USDT",
      "m" : "4611686018428441071"
    }, {
      "d" : "1756449566355115657",
      "t" : 1756449566355,
      "tn" : 1756449566355115657,
      "q" : "115760",
      "p" : "0.002052",
      "s" : "sell",
      "i" : "BOME_USDT",
      "m" : "4611686018428441070"
    }, {
      "d" : "1756449350917844126",
      "t" : 1756449350917,
      "tn" : 1756449350917844125,
      "q" : "127960",
      "p" : "0.002060",
      "s" : "sell",
      "i" : "BOME_USDT",
      "m" : "4611686018428441069"
    }, {
      "d" : "1756449350917844125",
      "t" : 1756449350917,
      "tn" : 1756449350917844125,
      "q" : "48540",
      "p" : "0.002060",
      "s" : "sell",
      "i" : "BOME_USDT",
      "m" : "4611686018428441069"
    }, {
      "d" : "1756449350917840018",
      "t" : 1756449350917,
      "tn" : 1756449350917840018,
      "q" : "600",
      "p" : "0.002061",
      "s" : "sell",
      "i" : "BOME_USDT",
      "m" : "4611686018428441068"
    }, {
      "d" : "1756448092201171886",
      "t" : 1756448092201,
      "tn" : 1756448092201171886,
      "q" : "600",
      "p" : "0.002065",
      "s" : "sell",
      "i" : "BOME_USDT",
      "m" : "4611686018428441067"
    }, {
      "d" : "1756447914854170961",
      "t" : 1756447914854,
      "tn" : 1756447914854170961,
      "q" : "600",
      "p" : "0.002073",
      "s" : "sell",
      "i" : "BOME_USDT",
      "m" : "4611686018428441066"
    }, {
      "d" : "1756447914774064523",
      "t" : 1756447914774,
      "tn" : 1756447914774064523,
      "q" : "600",
      "p" : "0.002075",
      "s" : "sell",
      "i" : "BOME_USDT",
      "m" : "4611686018428441065"
    }, {
      "d" : "1756447732155673428",
      "t" : 1756447732155,
      "tn" : 1756447732155673428,
      "q" : "600",
      "p" : "0.002082",
      "s" : "buy",
      "i" : "BOME_USDT",
      "m" : "4611686018428441064"
    }, {
      "d" : "1756447732080206309",
      "t" : 1756447732080,
      "tn" : 1756447732080206309,
      "q" : "600",
      "p" : "0.002080",
      "s" : "buy",
      "i" : "BOME_USDT",
      "m" : "4611686018428441063"
    }, {
      "d" : "1756447647107518831",
      "t" : 1756447647107,
      "tn" : 1756447647107518831,
      "q" : "600",
      "p" : "0.002084",
      "s" : "buy",
      "i" : "BOME_USDT",
      "m" : "4611686018428441062"
    }, {
      "d" : "1756447647037852326",
      "t" : 1756447647037,
      "tn" : 1756447647037852326,
      "q" : "600",
      "p" : "0.002084",
      "s" : "buy",
      "i" : "BOME_USDT",
      "m" : "4611686018428441061"
    }, {
      "d" : "1756447055613537747",
      "t" : 1756447055613,
      "tn" : 1756447055613537747,
      "q" : "600",
      "p" : "0.002079",
      "s" : "sell",
      "i" : "BOME_USDT",
      "m" : "4611686018428441060"
    }, {
      "d" : "1756443998588548792",
      "t" : 1756443998588,
      "tn" : 1756443998588548792,
      "q" : "600",
      "p" : "0.002085",
      "s" : "sell",
      "i" : "BOME_USDT",
      "m" : "4611686018428441059"
    }, {
      "d" : "1756443852225518480",
      "t" : 1756443852225,
      "tn" : 1756443852225518480,
      "q" : "600",
      "p" : "0.002085",
      "s" : "sell",
      "i" : "BOME_USDT",
      "m" : "4611686018428441058"
    }, {
      "d" : "1756441818731975979",
      "t" : 1756441818731,
      "tn" : 1756441818731975979,
      "q" : "600",
      "p" : "0.002107",
      "s" : "sell",
      "i" : "BOME_USDT",
      "m" : "4611686018428441057"
    }, {
      "d" : "1756441818631285779",
      "t" : 1756441818631,
      "tn" : 1756441818631285779,
      "q" : "123840",
      "p" : "0.002108",
      "s" : "sell",
      "i" : "BOME_USDT",
      "m" : "4611686018428441056"
    }, {
      "d" : "1756441400378674387",
      "t" : 1756441400378,
      "tn" : 1756441400378674387,
      "q" : "100660",
      "p" : "0.002100",
      "s" : "sell",
      "i" : "BOME_USDT",
      "m" : "4611686018428441055"
    }, {
      "d" : "1756441385522668984",
      "t" : 1756441385522,
      "tn" : 1756441385522668984,
      "q" : "100780",
      "p" : "0.002101",
      "s" : "sell",
      "i" : "BOME_USDT",
      "m" : "4611686018428441054"
    }, {
      "d" : "1756440968929379643",
      "t" : 1756440968929,
      "tn" : 1756440968929379643,
      "q" : "600",
      "p" : "0.002088",
      "s" : "buy",
      "i" : "BOME_USDT",
      "m" : "4611686018428441053"
    }, {
      "d" : "1756440968917295951",
      "t" : 1756440968917,
      "tn" : 1756440968917295951,
      "q" : "600",
      "p" : "0.002088",
      "s" : "buy",
      "i" : "BOME_USDT",
      "m" : "4611686018428441052"
    }, {
      "d" : "1756440968844739205",
      "t" : 1756440968844,
      "tn" : 1756440968844739205,
      "q" : "600",
      "p" : "0.002086",
      "s" : "buy",
      "i" : "BOME_USDT",
      "m" : "4611686018428441051"
    }, {
      "d" : "1756440968838421602",
      "t" : 1756440968838,
      "tn" : 1756440968838421602,
      "q" : "600",
      "p" : "0.002084",
      "s" : "buy",
      "i" : "BOME_USDT",
      "m" : "4611686018428441050"
    }, {
      "d" : "1756440917923841157",
      "t" : 1756440917923,
      "tn" : 1756440917923841157,
      "q" : "177080",
      "p" : "0.002082",
      "s" : "sell",
      "i" : "BOME_USDT",
      "m" : "4611686018428441049"
    }, {
      "d" : "1756440905661134266",
      "t" : 1756440905661,
      "tn" : 1756440905661134266,
      "q" : "600",
      "p" : "0.002084",
      "s" : "buy",
      "i" : "BOME_USDT",
      "m" : "4611686018428441048"
    }, {
      "d" : "1756440794876978627",
      "t" : 1756440794876,
      "tn" : 1756440794876978627,
      "q" : "85150",
      "p" : "0.002079",
      "s" : "buy",
      "i" : "BOME_USDT",
      "m" : "4611686018428441047"
    }, {
      "d" : "1756440794875653086",
      "t" : 1756440794875,
      "tn" : 1756440794875653086,
      "q" : "600",
      "p" : "0.002078",
      "s" : "buy",
      "i" : "BOME_USDT",
      "m" : "4611686018428441046"
    }, {
      "d" : "1756440721749145545",
      "t" : 1756440721749,
      "tn" : 1756440721749145545,
      "q" : "600",
      "p" : "0.002077",
      "s" : "sell",
      "i" : "BOME_USDT",
      "m" : "4611686018428441045"
    }, {
      "d" : "1756440721748135856",
      "t" : 1756440721748,
      "tn" : 1756440721748135856,
      "q" : "113690",
      "p" : "0.002077",
      "s" : "sell",
      "i" : "BOME_USDT",
      "m" : "4611686018428441044"
    }, {
      "d" : "1756440721746319140",
      "t" : 1756440721746,
      "tn" : 1756440721746319140,
      "q" : "600",
      "p" : "0.002078",
      "s" : "sell",
      "i" : "BOME_USDT",
      "m" : "4611686018428441043"
    }, {
      "d" : "1756439603587740023",
      "t" : 1756439603587,
      "tn" : 1756439603587740023,
      "q" : "600",
      "p" : "0.002108",
      "s" : "buy",
      "i" : "BOME_USDT",
      "m" : "4611686018428441042"
    }, {
      "d" : "1756439365637009955",
      "t" : 1756439365637,
      "tn" : 1756439365637009955,
      "q" : "600",
      "p" : "0.002103",
      "s" : "buy",
      "i" : "BOME_USDT",
      "m" : "4611686018428441041"
    }, {
      "d" : "1756438383522934832",
      "t" : 1756438383522,
      "tn" : 1756438383522934832,
      "q" : "61940",
      "p" : "0.002086",
      "s" : "sell",
      "i" : "BOME_USDT",
      "m" : "4611686018428441040"
    }, {
      "d" : "1756438383516142398",
      "t" : 1756438383516,
      "tn" : 1756438383516142398,
      "q" : "105610",
      "p" : "0.002087",
      "s" : "sell",
      "i" : "BOME_USDT",
      "m" : "4611686018428441039"
    }, {
      "d" : "1756438383480806000",
      "t" : 1756438383480,
      "tn" : 1756438383480806000,
      "q" : "600",
      "p" : "0.002087",
      "s" : "sell",
      "i" : "BOME_USDT",
      "m" : "4611686018428441038"
    }, {
      "d" : "1756438383180065467",
      "t" : 1756438383180,
      "tn" : 1756438383180065467,
      "q" : "600",
      "p" : "0.002087",
      "s" : "sell",
      "i" : "BOME_USDT",
      "m" : "4611686018428441037"
    }, {
      "d" : "1756438382979750019",
      "t" : 1756438382979,
      "tn" : 1756438382979750019,
      "q" : "600",
      "p" : "0.002087",
      "s" : "sell",
      "i" : "BOME_USDT",
      "m" : "4611686018428441036"
    }, {
      "d" : "1756438382879239902",
      "t" : 1756438382879,
      "tn" : 1756438382879239902,
      "q" : "600",
      "p" : "0.002087",
      "s" : "sell",
      "i" : "BOME_USDT",
      "m" : "4611686018428441035"
    }, {
      "d" : "1756438382844178692",
      "t" : 1756438382844,
      "tn" : 1756438382844178692,
      "q" : "600",
      "p" : "0.002087",
      "s" : "sell",
      "i" : "BOME_USDT",
      "m" : "4611686018428441034"
    }, {
      "d" : "1756438382778894729",
      "t" : 1756438382778,
      "tn" : 1756438382778894729,
      "q" : "600",
      "p" : "0.002087",
      "s" : "sell",
      "i" : "BOME_USDT",
      "m" : "4611686018428441033"
    }, {
      "d" : "1756438382708762082",
      "t" : 1756438382708,
      "tn" : 1756438382708762082,
      "q" : "600",
      "p" : "0.002087",
      "s" : "sell",
      "i" : "BOME_USDT",
      "m" : "4611686018428441032"
    }, {
      "d" : "1756438382678717185",
      "t" : 1756438382678,
      "tn" : 1756438382678717185,
      "q" : "600",
      "p" : "0.002087",
      "s" : "sell",
      "i" : "BOME_USDT",
      "m" : "4611686018428441031"
    }, {
      "d" : "1756438382578562444",
      "t" : 1756438382578,
      "tn" : 1756438382578562444,
      "q" : "600",
      "p" : "0.002087",
      "s" : "sell",
      "i" : "BOME_USDT",
      "m" : "4611686018428441030"
    }, {
      "d" : "1756438382528429156",
      "t" : 1756438382528,
      "tn" : 1756438382528429156,
      "q" : "600",
      "p" : "0.002087",
      "s" : "sell",
      "i" : "BOME_USDT",
      "m" : "4611686018428441029"
    }, {
      "d" : "1756438382481982208",
      "t" : 1756438382481,
      "tn" : 1756438382481982208,
      "q" : "600",
      "p" : "0.002087",
      "s" : "sell",
      "i" : "BOME_USDT",
      "m" : "4611686018428441028"
    }, {
      "d" : "1756438382416837852",
      "t" : 1756438382416,
      "tn" : 1756438382416837852,
      "q" : "600",
      "p" : "0.002087",
      "s" : "sell",
      "i" : "BOME_USDT",
      "m" : "4611686018428441027"
    }, {
      "d" : "1756438382391760618",
      "t" : 1756438382391,
      "tn" : 1756438382391760618,
      "q" : "600",
      "p" : "0.002087",
      "s" : "sell",
      "i" : "BOME_USDT",
      "m" : "4611686018428441026"
    }, {
      "d" : "1756438382379643679",
      "t" : 1756438382379,
      "tn" : 1756438382379643679,
      "q" : "600",
      "p" : "0.002087",
      "s" : "sell",
      "i" : "BOME_USDT",
      "m" : "4611686018428441025"
    }, {
      "d" : "1756438382377734317",
      "t" : 1756438382377,
      "tn" : 1756438382377734317,
      "q" : "600",
      "p" : "0.002087",
      "s" : "sell",
      "i" : "BOME_USDT",
      "m" : "4611686018428441024"
    }, {
      "d" : "1756438382375755999",
      "t" : 1756438382375,
      "tn" : 1756438382375755999,
      "q" : "167760",
      "p" : "0.002087",
      "s" : "sell",
      "i" : "BOME_USDT",
      "m" : "4611686018428441023"
    }, {
      "d" : "1756438381680242818",
      "t" : 1756438381680,
      "tn" : 1756438381680242818,
      "q" : "600",
      "p" : "0.002088",
      "s" : "sell",
      "i" : "BOME_USDT",
      "m" : "4611686018428441022"
    }, {
      "d" : "1756438381650392926",
      "t" : 1756438381650,
      "tn" : 1756438381650392926,
      "q" : "600",
      "p" : "0.002088",
      "s" : "sell",
      "i" : "BOME_USDT",
      "m" : "4611686018428441021"
    }, {
      "d" : "1756438381529884784",
      "t" : 1756438381529,
      "tn" : 1756438381529884784,
      "q" : "600",
      "p" : "0.002088",
      "s" : "sell",
      "i" : "BOME_USDT",
      "m" : "4611686018428441020"
    }, {
      "d" : "1756438381178077859",
      "t" : 1756438381178,
      "tn" : 1756438381178077859,
      "q" : "600",
      "p" : "0.002088",
      "s" : "sell",
      "i" : "BOME_USDT",
      "m" : "4611686018428441019"
    }, {
      "d" : "1756438380977723263",
      "t" : 1756438380977,
      "tn" : 1756438380977723263,
      "q" : "600",
      "p" : "0.002088",
      "s" : "sell",
      "i" : "BOME_USDT",
      "m" : "4611686018428441018"
    }, {
      "d" : "1756438380877490014",
      "t" : 1756438380877,
      "tn" : 1756438380877490014,
      "q" : "600",
      "p" : "0.002088",
      "s" : "sell",
      "i" : "BOME_USDT",
      "m" : "4611686018428441017"
    }, {
      "d" : "1756438380781496449",
      "t" : 1756438380781,
      "tn" : 1756438380781496449,
      "q" : "600",
      "p" : "0.002088",
      "s" : "sell",
      "i" : "BOME_USDT",
      "m" : "4611686018428441016"
    }, {
      "d" : "1756438380681401305",
      "t" : 1756438380681,
      "tn" : 1756438380681401305,
      "q" : "600",
      "p" : "0.002088",
      "s" : "sell",
      "i" : "BOME_USDT",
      "m" : "4611686018428441015"
    }, {
      "d" : "1756438380573892465",
      "t" : 1756438380573,
      "tn" : 1756438380573892465,
      "q" : "600",
      "p" : "0.002088",
      "s" : "sell",
      "i" : "BOME_USDT",
      "m" : "4611686018428441014"
    }, {
      "d" : "1756438380530875128",
      "t" : 1756438380530,
      "tn" : 1756438380530875128,
      "q" : "600",
      "p" : "0.002088",
      "s" : "sell",
      "i" : "BOME_USDT",
      "m" : "4611686018428441013"
    }, {
      "d" : "1756438380471813721",
      "t" : 1756438380471,
      "tn" : 1756438380471813721,
      "q" : "600",
      "p" : "0.002088",
      "s" : "sell",
      "i" : "BOME_USDT",
      "m" : "4611686018428441012"
    }, {
      "d" : "1756438380379154795",
      "t" : 1756438380379,
      "tn" : 1756438380379154795,
      "q" : "600",
      "p" : "0.002088",
      "s" : "sell",
      "i" : "BOME_USDT",
      "m" : "4611686018428441011"
    }, {
      "d" : "1756438380364148309",
      "t" : 1756438380364,
      "tn" : 1756438380364148309,
      "q" : "600",
      "p" : "0.002088",
      "s" : "sell",
      "i" : "BOME_USDT",
      "m" : "4611686018428441010"
    }, {
      "d" : "1756438380324005580",
      "t" : 1756438380324,
      "tn" : 1756438380324005580,
      "q" : "600",
      "p" : "0.002088",
      "s" : "sell",
      "i" : "BOME_USDT",
      "m" : "4611686018428441009"
    }, {
      "d" : "1756438380278606883",
      "t" : 1756438380278,
      "tn" : 1756438380278606883,
      "q" : "600",
      "p" : "0.002088",
      "s" : "sell",
      "i" : "BOME_USDT",
      "m" : "4611686018428441008"
    }, {
      "d" : "1756438380178407769",
      "t" : 1756438380178,
      "tn" : 1756438380178407769,
      "q" : "600",
      "p" : "0.002088",
      "s" : "sell",
      "i" : "BOME_USDT",
      "m" : "4611686018428441007"
    }, {
      "d" : "1756438380078257347",
      "t" : 1756438380078,
      "tn" : 1756438380078257347,
      "q" : "600",
      "p" : "0.002088",
      "s" : "sell",
      "i" : "BOME_USDT",
      "m" : "4611686018428441006"
    }, {
      "d" : "1756438380048183252",
      "t" : 1756438380048,
      "tn" : 1756438380048183252,
      "q" : "600",
      "p" : "0.002088",
      "s" : "sell",
      "i" : "BOME_USDT",
      "m" : "4611686018428441005"
    }, {
      "d" : "1756438379972827122",
      "t" : 1756438379972,
      "tn" : 1756438379972827122,
      "q" : "600",
      "p" : "0.002088",
      "s" : "sell",
      "i" : "BOME_USDT",
      "m" : "4611686018428441004"
    }, {
      "d" : "1756438379877815805",
      "t" : 1756438379877,
      "tn" : 1756438379877815805,
      "q" : "600",
      "p" : "0.002088",
      "s" : "sell",
      "i" : "BOME_USDT",
      "m" : "4611686018428441003"
    }, {
      "d" : "1756438379842715853",
      "t" : 1756438379842,
      "tn" : 1756438379842715853,
      "q" : "600",
      "p" : "0.002088",
      "s" : "sell",
      "i" : "BOME_USDT",
      "m" : "4611686018428441002"
    }, {
      "d" : "1756438379682412433",
      "t" : 1756438379682,
      "tn" : 1756438379682412433,
      "q" : "600",
      "p" : "0.002088",
      "s" : "sell",
      "i" : "BOME_USDT",
      "m" : "4611686018428441001"
    }, {
      "d" : "1756438375751589448",
      "t" : 1756438375751,
      "tn" : 1756438375751589448,
      "q" : "600",
      "p" : "0.002088",
      "s" : "sell",
      "i" : "BOME_USDT",
      "m" : "4611686018428441000"
    }, {
      "d" : "1756438375731622467",
      "t" : 1756438375731,
      "tn" : 1756438375731622467,
      "q" : "600",
      "p" : "0.002088",
      "s" : "sell",
      "i" : "BOME_USDT",
      "m" : "4611686018428440999"
    }, {
      "d" : "1756438375681523090",
      "t" : 1756438375681,
      "tn" : 1756438375681523090,
      "q" : "600",
      "p" : "0.002088",
      "s" : "sell",
      "i" : "BOME_USDT",
      "m" : "4611686018428440998"
    }, {
      "d" : "1756438375581370567",
      "t" : 1756438375581,
      "tn" : 1756438375581370567,
      "q" : "600",
      "p" : "0.002088",
      "s" : "sell",
      "i" : "BOME_USDT",
      "m" : "4611686018428440997"
    }, {
      "d" : "1756438375531327400",
      "t" : 1756438375531,
      "tn" : 1756438375531327400,
      "q" : "600",
      "p" : "0.002088",
      "s" : "sell",
      "i" : "BOME_USDT",
      "m" : "4611686018428440996"
    }, {
      "d" : "1756438375480014950",
      "t" : 1756438375480,
      "tn" : 1756438375480014950,
      "q" : "600",
      "p" : "0.002088",
      "s" : "sell",
      "i" : "BOME_USDT",
      "m" : "4611686018428440995"
    }, {
      "d" : "1756438375379922028",
      "t" : 1756438375379,
      "tn" : 1756438375379922028,
      "q" : "600",
      "p" : "0.002088",
      "s" : "sell",
      "i" : "BOME_USDT",
      "m" : "4611686018428440994"
    }, {
      "d" : "1756438375279820252",
      "t" : 1756438375279,
      "tn" : 1756438375279820252,
      "q" : "600",
      "p" : "0.002088",
      "s" : "sell",
      "i" : "BOME_USDT",
      "m" : "4611686018428440993"
    }, {
      "d" : "1756438375179774097",
      "t" : 1756438375179,
      "tn" : 1756438375179774097,
      "q" : "600",
      "p" : "0.002088",
      "s" : "sell",
      "i" : "BOME_USDT",
      "m" : "4611686018428440992"
    }, {
      "d" : "1756438375079643822",
      "t" : 1756438375079,
      "tn" : 1756438375079643822,
      "q" : "600",
      "p" : "0.002088",
      "s" : "sell",
      "i" : "BOME_USDT",
      "m" : "4611686018428440991"
    }, {
      "d" : "1756438375054732906",
      "t" : 1756438375054,
      "tn" : 1756438375054732906,
      "q" : "600",
      "p" : "0.002088",
      "s" : "sell",
      "i" : "BOME_USDT",
      "m" : "4611686018428440990"
    }, {
      "d" : "1756438374979570868",
      "t" : 1756438374979,
      "tn" : 1756438374979570868,
      "q" : "600",
      "p" : "0.002088",
      "s" : "sell",
      "i" : "BOME_USDT",
      "m" : "4611686018428440989"
    }, {
      "d" : "1756438374879501011",
      "t" : 1756438374879,
      "tn" : 1756438374879501011,
      "q" : "600",
      "p" : "0.002088",
      "s" : "sell",
      "i" : "BOME_USDT",
      "m" : "4611686018428440988"
    }, {
      "d" : "1756438374869447776",
      "t" : 1756438374869,
      "tn" : 1756438374869447776,
      "q" : "600",
      "p" : "0.002088",
      "s" : "sell",
      "i" : "BOME_USDT",
      "m" : "4611686018428440987"
    }, {
      "d" : "1756438374779173243",
      "t" : 1756438374779,
      "tn" : 1756438374779173243,
      "q" : "600",
      "p" : "0.002088",
      "s" : "sell",
      "i" : "BOME_USDT",
      "m" : "4611686018428440986"
    }, {
      "d" : "1756438374739399784",
      "t" : 1756438374739,
      "tn" : 1756438374739399784,
      "q" : "600",
      "p" : "0.002088",
      "s" : "sell",
      "i" : "BOME_USDT",
      "m" : "4611686018428440985"
    }, {
      "d" : "1756438374679143173",
      "t" : 1756438374679,
      "tn" : 1756438374679143173,
      "q" : "600",
      "p" : "0.002088",
      "s" : "sell",
      "i" : "BOME_USDT",
      "m" : "4611686018428440984"
    }, {
      "d" : "1756438374578950246",
      "t" : 1756438374578,
      "tn" : 1756438374578950246,
      "q" : "600",
      "p" : "0.002088",
      "s" : "sell",
      "i" : "BOME_USDT",
      "m" : "4611686018428440983"
    }, {
      "d" : "1756438374528900613",
      "t" : 1756438374528,
      "tn" : 1756438374528900613,
      "q" : "600",
      "p" : "0.002088",
      "s" : "sell",
      "i" : "BOME_USDT",
      "m" : "4611686018428440982"
    }, {
      "d" : "1756438374477659828",
      "t" : 1756438374477,
      "tn" : 1756438374477659828,
      "q" : "600",
      "p" : "0.002088",
      "s" : "sell",
      "i" : "BOME_USDT",
      "m" : "4611686018428440981"
    }, {
      "d" : "1756438374177355473",
      "t" : 1756438374177,
      "tn" : 1756438374177355473,
      "q" : "600",
      "p" : "0.002088",
      "s" : "sell",
      "i" : "BOME_USDT",
      "m" : "4611686018428440980"
    }, {
      "d" : "1756438374112279783",
      "t" : 1756438374112,
      "tn" : 1756438374112279783,
      "q" : "600",
      "p" : "0.002088",
      "s" : "sell",
      "i" : "BOME_USDT",
      "m" : "4611686018428440979"
    }, {
      "d" : "1756438374077295285",
      "t" : 1756438374077,
      "tn" : 1756438374077295285,
      "q" : "600",
      "p" : "0.002088",
      "s" : "sell",
      "i" : "BOME_USDT",
      "m" : "4611686018428440978"
    }, {
      "d" : "1756438373781853255",
      "t" : 1756438373781,
      "tn" : 1756438373781853255,
      "q" : "600",
      "p" : "0.002088",
      "s" : "sell",
      "i" : "BOME_USDT",
      "m" : "4611686018428440977"
    }, {
      "d" : "1756438373681791946",
      "t" : 1756438373681,
      "tn" : 1756438373681791946,
      "q" : "600",
      "p" : "0.002088",
      "s" : "sell",
      "i" : "BOME_USDT",
      "m" : "4611686018428440976"
    }, {
      "d" : "1756438372633618308",
      "t" : 1756438372633,
      "tn" : 1756438372633618308,
      "q" : "600",
      "p" : "0.002087",
      "s" : "sell",
      "i" : "BOME_USDT",
      "m" : "4611686018428440975"
    }, {
      "d" : "1756438372631066602",
      "t" : 1756438372631,
      "tn" : 1756438372631066602,
      "q" : "600",
      "p" : "0.002087",
      "s" : "sell",
      "i" : "BOME_USDT",
      "m" : "4611686018428440974"
    }, {
      "d" : "1756438372628547609",
      "t" : 1756438372628,
      "tn" : 1756438372628547609,
      "q" : "600",
      "p" : "0.002087",
      "s" : "sell",
      "i" : "BOME_USDT",
      "m" : "4611686018428440973"
    }, {
      "d" : "1756438372627029059",
      "t" : 1756438372627,
      "tn" : 1756438372627029059,
      "q" : "600",
      "p" : "0.002087",
      "s" : "sell",
      "i" : "BOME_USDT",
      "m" : "4611686018428440972"
    }, {
      "d" : "1756438372623970367",
      "t" : 1756438372623,
      "tn" : 1756438372623970367,
      "q" : "600",
      "p" : "0.002087",
      "s" : "sell",
      "i" : "BOME_USDT",
      "m" : "4611686018428440971"
    }, {
      "d" : "1756438372618857900",
      "t" : 1756438372618,
      "tn" : 1756438372618857900,
      "q" : "600",
      "p" : "0.002087",
      "s" : "sell",
      "i" : "BOME_USDT",
      "m" : "4611686018428440970"
    }, {
      "d" : "1756438372614848878",
      "t" : 1756438372614,
      "tn" : 1756438372614848878,
      "q" : "600",
      "p" : "0.002087",
      "s" : "sell",
      "i" : "BOME_USDT",
      "m" : "4611686018428440969"
    } ]
  }
}