{
  "id" : -1,
  "method" : "public/get-trades",
  "code" : 0,
  "result" : {
    "data" : [ {
      "d" : "1756459478943179477",
      "t" : 1756459478943,
      "tn" : 1756459478943179476,
      "q" : "100",
      "p" : "0.001945",
      "s" : "sell",
      "i" : "BOMEUSD-PERP",
      "m" : "4611686018428303367"
    }, {
      "d" : "1756459478943179476",
      "t" : 1756459478943,
      "tn" : 1756459478943179476,
      "q" : "100",
      "p" : "0.001945",
      "s" : "sell",
      "i" : "BOMEUSD-PERP",
      "m" : "4611686018428303367"
    }, {
      "d" : "1756458183001943276",
      "t" : 1756458183001,
      "tn" : 1756458183001943276,
      "q" : "200",
      "p" : "0.001928",
      "s" : "sell",
      "i" : "BOMEUSD-PERP",
      "m" : "4611686018428303366"
    }, {
      "d" : "1756458183001938001",
      "t" : 1756458183001,
      "tn" : 1756458183001938001,
      "q" : "181900",
      "p" : "0.001928",
      "s" : "sell",
      "i" : "BOMEUSD-PERP",
      "m" : "4611686018428303365"
    }, {
      "d" : "1756458183001936084",
      "t" : 1756458183001,
      "tn" : 1756458183001936083,
      "q" : "100",
      "p" : "0.001929",
      "s" : "sell",
      "i" : "BOMEUSD-PERP",
      "m" : "4611686018428303364"
    }, {
      "d" : "1756458183001936083",
      "t" : 1756458183001,
      "tn" : 1756458183001936083,
      "q" : "100",
      "p" : "0.001929",
      "s" : "sell",
      "i" : "BOMEUSD-PERP",
      "m" : "4611686018428303364"
    }, {
      "d" : "1756454716907861116",
      "t" : 1756454716907,
      "tn" : 1756454716907861116,
      "q" : "100",
      "p" : "0.001981",
      "s" : "sell",
      "i" : "BOMEUSD-PERP",
      "m" : "4611686018428303363"
    }, {
      "d" : "1756452482067978412",
      "t" : 1756452482067,
      "tn" : 1756452482067978412,
      "q" : "100",
      "p" : "0.001990",
      "s" : "buy",
      "i" : "BOMEUSD-PERP",
      "m" : "4611686018428303362"
    }, {
      "d" : "1756452385034907426",
      "t" : 1756452385034,
      "tn" : 1756452385034907425,
      "q" : "100",
      "p" : "0.001989",
      "s" : "sell",
      "i" : "BOMEUSD-PERP",
      "m" : "4611686018428303361"
    }, {
      "d" : "1756452385034907425",
      "t" : 1756452385034,
      "tn" : 1756452385034907425,
      "q" : "100",
      "p" : "0.001989",
      "s" : "sell",
      "i" : "BOMEUSD-PERP",
      "m" : "4611686018428303361"
    }, {
      "d" : "1756452382460242264",
      "t" : 1756452382460,
      "tn" : 1756452382460242264,
      "q" : "4551400",
      "p" : "0.001990",
      "s" : "sell",
      "i" : "BOMEUSD-PERP",
      "m" : "4611686018428303360"
    }, {
      "d" : "1756452382460240700",
      "t" : 1756452382460,
      "tn" : 1756452382460240699,
      "q" : "399700",
      "p" : "0.001991",
      "s" : "sell",
      "i" : "BOMEUSD-PERP",
      "m" : "4611686018428303359"
    }, {
      "d" : "1756452382460240699",
      "t" : 1756452382460,
      "tn" : 1756452382460240699,
      "q" : "159000",
      "p" : "0.001991",
      "s" : "sell",
      "i" : "BOMEUSD-PERP",
      "m" : "4611686018428303359"
    }, {
      "d" : "1756452382460236912",
      "t" : 1756452382460,
      "tn" : 1756452382460236911,
      "q" : "100",
      "p" : "0.001992",
      "s" : "sell",
      "i" : "BOMEUSD-PERP",
      "m" : "4611686018428303358"
    }, {
      "d" : "1756452382460236911",
      "t" : 1756452382460,
      "tn" : 1756452382460236911,
      "q" : "100",
      "p" : "0.001992",
      "s" : "sell",
      "i" : "BOMEUSD-PERP",
      "m" : "4611686018428303358"
    }, {
      "d" : "1756451230034015635",
      "t" : 1756451230034,
      "tn" : 1756451230034015634,
      "q" : "100",
      "p" : "0.002023",
      "s" : "sell",
      "i" : "BOMEUSD-PERP",
      "m" : "4611686018428303357"
    }, {
      "d" : "1756451230034015634",
      "t" : 1756451230034,
      "tn" : 1756451230034015634,
      "q" : "100",
      "p" : "0.002023",
      "s" : "sell",
      "i" : "BOMEUSD-PERP",
      "m" : "4611686018428303357"
    }, {
      "d" : "1756449842901320248",
      "t" : 1756449842901,
      "tn" : 1756449842901320248,
      "q" : "3988200",
      "p" : "0.002049",
      "s" : "buy",
      "i" : "BOMEUSD-PERP",
      "m" : "4611686018428303356"
    }, {
      "d" : "1756449612169559279",
      "t" : 1756449612169,
      "tn" : 1756449612169559279,
      "q" : "513100",
      "p" : "0.002031",
      "s" : "sell",
      "i" : "BOMEUSD-PERP",
      "m" : "4611686018428303355"
    }, {
      "d" : "1756449505163672544",
      "t" : 1756449505163,
      "tn" : 1756449505163672544,
      "q" : "97100",
      "p" : "0.002058",
      "s" : "sell",
      "i" : "BOMEUSD-PERP",
      "m" : "4611686018428303354"
    }, {
      "d" : "1756448067229838399",
      "t" : 1756448067229,
      "tn" : 1756448067229838398,
      "q" : "100",
      "p" : "0.002067",
      "s" : "sell",
      "i" : "BOMEUSD-PERP",
      "m" : "4611686018428303353"
    }, {
      "d" : "1756448067229838398",
      "t" : 1756448067229,
      "tn" : 1756448067229838398,
      "q" : "100",
      "p" : "0.002067",
      "s" : "sell",
      "i" : "BOMEUSD-PERP",
      "m" : "4611686018428303353"
    }, {
      "d" : "1756447914773991298",
      "t" : 1756447914773,
      "tn" : 1756447914773991297,
      "q" : "100",
      "p" : "0.002074",
      "s" : "sell",
      "i" : "BOMEUSD-PERP",
      "m" : "4611686018428303352"
    }, {
      "d" : "1756447914773991297",
      "t" : 1756447914773,
      "tn" : 1756447914773991297,
      "q" : "100",
      "p" : "0.002074",
      "s" : "sell",
      "i" : "BOMEUSD-PERP",
      "m" : "4611686018428303352"
    }, {
      "d" : "1756447732082689918",
      "t" : 1756447732082,
      "tn" : 1756447732082689918,
      "q" : "100",
      "p" : "0.002081",
      "s" : "buy",
      "i" : "BOMEUSD-PERP",
      "m" : "4611686018428303351"
    }, {
      "d" : "1756447055615666608",
      "t" : 1756447055615,
      "tn" : 1756447055615666607,
      "q" : "100",
      "p" : "0.002078",
      "s" : "sell",
      "i" : "BOMEUSD-PERP",
      "m" : "4611686018428303350"
    }, {
      "d" : "1756447055615666607",
      "t" : 1756447055615,
      "tn" : 1756447055615666607,
      "q" : "100",
      "p" : "0.002078",
      "s" : "sell",
      "i" : "BOMEUSD-PERP",
      "m" : "4611686018428303350"
    }, {
      "d" : "1756443852126396761",
      "t" : 1756443852126,
      "tn" : 1756443852126396760,
      "q" : "100",
      "p" : "0.002088",
      "s" : "sell",
      "i" : "BOMEUSD-PERP",
      "m" : "4611686018428303349"
    }, {
      "d" : "1756443852126396760",
      "t" : 1756443852126,
      "tn" : 1756443852126396760,
      "q" : "100",
      "p" : "0.002088",
      "s" : "sell",
      "i" : "BOMEUSD-PERP",
      "m" : "4611686018428303349"
    }, {
      "d" : "1756442833918347692",
      "t" : 1756442833918,
      "tn" : 1756442833918347691,
      "q" : "100",
      "p" : "0.002091",
      "s" : "sell",
      "i" : "BOMEUSD-PERP",
      "m" : "4611686018428303348"
    }, {
      "d" : "1756442833918347691",
      "t" : 1756442833918,
      "tn" : 1756442833918347691,
      "q" : "100",
      "p" : "0.002091",
      "s" : "sell",
      "i" : "BOMEUSD-PERP",
      "m" : "4611686018428303348"
    }, {
      "d" : "1756441818631280555",
      "t" : 1756441818631,
      "tn" : 1756441818631280555,
      "q" : "509400",
      "p" : "0.002107",
      "s" : "sell",
      "i" : "BOMEUSD-PERP",
      "m" : "4611686018428303347"
    }, {
      "d" : "1756441818631273420",
      "t" : 1756441818631,
      "tn" : 1756441818631273419,
      "q" : "100",
      "p" : "0.002110",
      "s" : "sell",
      "i" : "BOMEUSD-PERP",
      "m" : "4611686018428303346"
    }, {
      "d" : "1756441818631273419",
      "t" : 1756441818631,
      "tn" : 1756441818631273419,
      "q" : "100",
      "p" : "0.002110",
      "s" : "sell",
      "i" : "BOMEUSD-PERP",
      "m" : "4611686018428303346"
    }, {
      "d" : "1756440968838542172",
      "t" : 1756440968838,
      "tn" : 1756440968838542171,
      "q" : "100",
      "p" : "0.002086",
      "s" : "buy",
      "i" : "BOMEUSD-PERP",
      "m" : "4611686018428303345"
    }, {
      "d" : "1756440968838542171",
      "t" : 1756440968838,
      "tn" : 1756440968838542171,
      "q" : "100",
      "p" : "0.002086",
      "s" : "buy",
      "i" : "BOMEUSD-PERP",
      "m" : "4611686018428303345"
    }, {
      "d" : "1756440938747657718",
      "t" : 1756440938747,
      "tn" : 1756440938747657718,
      "q" : "100",
      "p" : "0.002084",
      "s" : "sell",
      "i" : "BOMEUSD-PERP",
      "m" : "4611686018428303344"
    }, {
      "d" : "1756440905660744652",
      "t" : 1756440905660,
      "tn" : 1756440905660744652,
      "q" : "100",
      "p" : "0.002084",
      "s" : "buy",
      "i" : "BOMEUSD-PERP",
      "m" : "4611686018428303343"
    }, {
      "d" : "1756440821172419809",
      "t" : 1756440821172,
      "tn" : 1756440821172419809,
      "q" : "100",
      "p" : "0.002078",
      "s" : "sell",
      "i" : "BOMEUSD-PERP",
      "m" : "4611686018428303342"
    }, {
      "d" : "1756440721746430137",
      "t" : 1756440721746,
      "tn" : 1756440721746430137,
      "q" : "100",
      "p" : "0.002077",
      "s" : "sell",
      "i" : "BOMEUSD-PERP",
      "m" : "4611686018428303341"
    }, {
      "d" : "1756440721746427000",
      "t" : 1756440721746,
      "tn" : 1756440721746427000,
      "q" : "509300",
      "p" : "0.002077",
      "s" : "sell",
      "i" : "BOMEUSD-PERP",
      "m" : "4611686018428303340"
    }, {
      "d" : "1756440721746425652",
      "t" : 1756440721746,
      "tn" : 1756440721746425652,
      "q" : "100",
      "p" : "0.002078",
      "s" : "sell",
      "i" : "BOMEUSD-PERP",
      "m" : "4611686018428303339"
    }, {
      "d" : "1756440721746312248",
      "t" : 1756440721746,
      "tn" : 1756440721746312248,
      "q" : "100",
      "p" : "0.002079",
      "s" : "sell",
      "i" : "BOMEUSD-PERP",
      "m" : "4611686018428303338"
    }, {
      "d" : "1756440443083869907",
      "t" : 1756440443083,
      "tn" : 1756440443083869907,
      "q" : "100",
      "p" : "0.002081",
      "s" : "sell",
      "i" : "BOMEUSD-PERP",
      "m" : "4611686018428303337"
    }, {
      "d" : "1756440351548817062",
      "t" : 1756440351548,
      "tn" : 1756440351548817062,
      "q" : "100",
      "p" : "0.002098",
      "s" : "sell",
      "i" : "BOMEUSD-PERP",
      "m" : "4611686018428303336"
    }, {
      "d" : "1756438401554253949",
      "t" : 1756438401554,
      "tn" : 1756438401554253949,
      "q" : "100",
      "p" : "0.002087",
      "s" : "sell",
      "i" : "BOMEUSD-PERP",
      "m" : "4611686018428303335"
    }, {
      "d" : "1756438369581456941",
      "t" : 1756438369581,
      "tn" : 1756438369581456941,
      "q" : "100",
      "p" : "0.002083",
      "s" : "buy",
      "i" : "BOMEUSD-PERP",
      "m" : "4611686018428303334"
    }, {
      "d" : "1756438369580816189",
      "t" : 1756438369580,
      "tn" : 1756438369580816188,
      "q" : "100",
      "p" : "0.002082",
      "s" : "buy",
      "i" : "BOMEUSD-PERP",
      "m" : "4611686018428303333"
    }, {
      "d" : "1756438369580816188",
      "t" : 1756438369580,
      "tn" : 1756438369580816188,
      "q" : "100",
      "p" : "0.002082",
      "s" : "buy",
      "i" : "BOMEUSD-PERP",
      "m" : "4611686018428303333"
    }, {
      "d" : "1756434247843560073",
      "t" : 1756434247843,
      "tn" : 1756434247843560072,
      "q" : "100",
      "p" : "0.002095",
      "s" : "buy",
      "i" : "BOMEUSD-PERP",
      "m" : "4611686018428303332"
    }, {
      "d" : "1756433577626252002",
      "t" : 1756433577626,
      "tn" : 1756433577626252002,
      "q" : "210200",
      "p" : "0.002074",
      "s" : "buy",
      "i" : "BOMEUSD-PERP",
      "m" : "4611686018428303331"
    }, {
      "d" : "1756433577626250650",
      "t" : 1756433577626,
      "tn" : 1756433577626250650,
      "q" : "100",
      "p" : "0.002073",
      "s" : "buy",
      "i" : "BOMEUSD-PERP",
      "m" : "4611686018428303330"
    }, {
      "d" : "1756433572266413890",
      "t" : 1756433572266,
      "tn" : 1756433572266413890,
      "q" : "100",
      "p" : "0.002068",
      "s" : "buy",
      "i" : "BOMEUSD-PERP",
      "m" : "4611686018428303329"
    }, {
      "d" : "1756432839389570877",
      "t" : 1756432839389,
      "tn" : 1756432839389570877,
      "q" : "100",
      "p" : "0.002053",
      "s" : "buy",
      "i" : "BOMEUSD-PERP",
      "m" : "4611686018428303328"
    }, {
      "d" : "1756432400469208327",
      "t" : 1756432400469,
      "tn" : 1756432400469208326,
      "q" : "100",
      "p" : "0.002046",
      "s" : "sell",
      "i" : "BOMEUSD-PERP",
      "m" : "4611686018428303327"
    }, {
      "d" : "1756432400469208326",
      "t" : 1756432400469,
      "tn" : 1756432400469208326,
      "q" : "100",
      "p" : "0.002046",
      "s" : "sell",
      "i" : "BOMEUSD-PERP",
      "m" : "4611686018428303327"
    }, {
      "d" : "1756430729392782644",
      "t" : 1756430729392,
      "tn" : 1756430729392782644,
      "q" : "100",
      "p" : "0.002047",
      "s" : "buy",
      "i" : "BOMEUSD-PERP",
      "m" : "4611686018428303326"
    }, {
      "d" : "1756430067011735641",
      "t" : 1756430067011,
      "tn" : 1756430067011735641,
      "q" : "375000",
      "p" : "0.002062",
      "s" : "sell",
      "i" : "BOMEUSD-PERP",
      "m" : "4611686018428303325"
    }, {
      "d" : "1756429838140587623",
      "t" : 1756429838140,
      "tn" : 1756429838140587621,
      "q" : "100",
      "p" : "0.002066",
      "s" : "sell",
      "i" : "BOMEUSD-PERP",
      "m" : "4611686018428303324"
    }, {
      "d" : "1756429838140587622",
      "t" : 1756429838140,
      "tn" : 1756429838140587621,
      "q" : "100",
      "p" : "0.002066",
      "s" : "sell",
      "i" : "BOMEUSD-PERP",
      "m" : "4611686018428303324"
    }, {
      "d" : "1756429838140587621",
      "t" : 1756429838140,
      "tn" : 1756429838140587621,
      "q" : "390300",
      "p" : "0.002066",
      "s" : "sell",
      "i" : "BOMEUSD-PERP",
      "m" : "4611686018428303324"
    }, {
      "d" : "1756429683281393145",
      "t" : 1756429683281,
      "tn" : 1756429683281393145,
      "q" : "24000",
      "p" : "0.002068",
      "s" : "sell",
      "i" : "BOMEUSD-PERP",
      "m" : "4611686018428303323"
    }, {
      "d" : "1756429683281391633",
      "t" : 1756429683281,
      "tn" : 1756429683281391632,
      "q" : "100",
      "p" : "0.002070",
      "s" : "sell",
      "i" : "BOMEUSD-PERP",
      "m" : "4611686018428303322"
    }, {
      "d" : "1756429683281391632",
      "t" : 1756429683281,
      "tn" : 1756429683281391632,
      "q" : "100",
      "p" : "0.002070",
      "s" : "sell",
      "i" : "BOMEUSD-PERP",
      "m" : "4611686018428303322"
    }, {
      "d" : "1756429683054532219",
      "t" : 1756429683054,
      "tn" : 1756429683054532219,
      "q" : "96500",
      "p" : "0.002072",
      "s" : "sell",
      "i" : "BOMEUSD-PERP",
      "m" : "4611686018428303321"
    }, {
      "d" : "1756429683051987692",
      "t" : 1756429683051,
      "tn" : 1756429683051987691,
      "q" : "100",
      "p" : "0.002075",
      "s" : "sell",
      "i" : "BOMEUSD-PERP",
      "m" : "4611686018428303320"
    }, {
      "d" : "1756429683051987691",
      "t" : 1756429683051,
      "tn" : 1756429683051987691,
      "q" : "100",
      "p" : "0.002075",
      "s" : "sell",
      "i" : "BOMEUSD-PERP",
      "m" : "4611686018428303320"
    }, {
      "d" : "1756425812382663786",
      "t" : 1756425812382,
      "tn" : 1756425812382663786,
      "q" : "100",
      "p" : "0.002110",
      "s" : "sell",
      "i" : "BOMEUSD-PERP",
      "m" : "4611686018428303319"
    }, {
      "d" : "1756425783994959768",
      "t" : 1756425783994,
      "tn" : 1756425783994959767,
      "q" : "100",
      "p" : "0.002115",
      "s" : "buy",
      "i" : "BOMEUSD-PERP",
      "m" : "4611686018428303318"
    }, {
      "d" : "1756425783994959767",
      "t" : 1756425783994,
      "tn" : 1756425783994959767,
      "q" : "100",
      "p" : "0.002115",
      "s" : "buy",
      "i" : "BOMEUSD-PERP",
      "m" : "4611686018428303318"
    }, {
      "d" : "1756423732006342446",
      "t" : 1756423732006,
      "tn" : 1756423732006342446,
      "q" : "100",
      "p" : "0.002092",
      "s" : "sell",
      "i" : "BOMEUSD-PERP",
      "m" : "4611686018428303317"
    }, {
      "d" : "1756418805395709721",
      "t" : 1756418805395,
      "tn" : 1756418805395709720,
      "q" : "100",
      "p" : "0.002062",
      "s" : "buy",
      "i" : "BOMEUSD-PERP",
      "m" : "4611686018428303316"
    }, {
      "d" : "1756418805395709720",
      "t" : 1756418805395,
      "tn" : 1756418805395709720,
      "q" : "100",
      "p" : "0.002062",
      "s" : "buy",
      "i" : "BOMEUSD-PERP",
      "m" : "4611686018428303316"
    }, {
      "d" : "1756417528325825634",
      "t" : 1756417528325,
      "tn" : 1756417528325825634,
      "q" : "100",
      "p" : "0.002042",
      "s" : "buy",
      "i" : "BOMEUSD-PERP",
      "m" : "4611686018428303315"
    }, {
      "d" : "1756416606875521731",
      "t" : 1756416606875,
      "tn" : 1756416606875521730,
      "q" : "100",
      "p" : "0.002039",
      "s" : "sell",
      "i" : "BOMEUSD-PERP",
      "m" : "4611686018428303314"
    }, {
      "d" : "1756416606875521730",
      "t" : 1756416606875,
      "tn" : 1756416606875521730,
      "q" : "100",
      "p" : "0.002039",
      "s" : "sell",
      "i" : "BOMEUSD-PERP",
      "m" : "4611686018428303314"
    }, {
      "d" : "1756416162498545114",
      "t" : 1756416162498,
      "tn" : 1756416162498545114,
      "q" : "100",
      "p" : "0.002042",
      "s" : "sell",
      "i" : "BOMEUSD-PERP",
      "m" : "4611686018428303313"
    }, {
      "d" : "1756413873041900015",
      "t" : 1756413873041,
      "tn" : 1756413873041900015,
      "q" : "358600",
      "p" : "0.002036",
      "s" : "buy",
      "i" : "BOMEUSD-PERP",
      "m" : "4611686018428303312"
    }, {
      "d" : "1756405860974978029",
      "t" : 1756405860974,
      "tn" : 1756405860974978028,
      "q" : "100",
      "p" : "0.002045",
      "s" : "buy",
      "i" : "BOMEUSD-PERP",
      "m" : "4611686018428303311"
    }, {
      "d" : "1756405860974978028",
      "t" : 1756405860974,
      "tn" : 1756405860974978028,
      "q" : "100",
      "p" : "0.002045",
      "s" : "buy",
      "i" : "BOMEUSD-PERP",
      "m" : "4611686018428303311"
    }, {
      "d" : "1756396902557786342",
      "t" : 1756396902557,
      "tn" : 1756396902557786342,
      "q" : "100",
      "p" : "0.002064",
      "s" : "sell",
      "i" : "BOMEUSD-PERP",
      "m" : "4611686018428303310"
    }, {
      "d" : "1756396890734632269",
      "t" : 1756396890734,
      "tn" : 1756396890734632268,
      "q" : "100",
      "p" : "0.002068",
      "s" : "buy",
      "i" : "BOMEUSD-PERP",
      "m" : "4611686018428303309"
    }, {
      "d" : "1756396890734632268",
      "t" : 1756396890734,
      "tn" : 1756396890734632268,
      "q" : "100",
      "p" : "0.002068",
      "s" : "buy",
      "i" : "BOMEUSD-PERP",
      "m" : "4611686018428303309"
    }, {
      "d" : "1756396260709689780",
      "t" : 1756396260709,
      "tn" : 1756396260709689780,
      "q" : "100",
      "p" : "0.002058",
      "s" : "sell",
      "i" : "BOMEUSD-PERP",
      "m" : "4611686018428303308"
    }, {
      "d" : "1756396084031396454",
      "t" : 1756396084031,
      "tn" : 1756396084031396454,
      "q" : "200",
      "p" : "0.002064",
      "s" : "sell",
      "i" : "BOMEUSD-PERP",
      "m" : "4611686018428303307"
    }, {
      "d" : "1756396084031392115",
      "t" : 1756396084031,
      "tn" : 1756396084031392115,
      "q" : "270500",
      "p" : "0.002064",
      "s" : "sell",
      "i" : "BOMEUSD-PERP",
      "m" : "4611686018428303306"
    }, {
      "d" : "1756396084031390643",
      "t" : 1756396084031,
      "tn" : 1756396084031390643,
      "q" : "100",
      "p" : "0.002065",
      "s" : "sell",
      "i" : "BOMEUSD-PERP",
      "m" : "4611686018428303305"
    }, {
      "d" : "1756396084031389019",
      "t" : 1756396084031,
      "tn" : 1756396084031389019,
      "q" : "100",
      "p" : "0.002066",
      "s" : "sell",
      "i" : "BOMEUSD-PERP",
      "m" : "4611686018428303304"
    }, {
      "d" : "1756395414697796536",
      "t" : 1756395414697,
      "tn" : 1756395414697796536,
      "q" : "100",
      "p" : "0.002083",
      "s" : "sell",
      "i" : "BOMEUSD-PERP",
      "m" : "4611686018428303303"
    }, {
      "d" : "1756394403647898945",
      "t" : 1756394403647,
      "tn" : 1756394403647898945,
      "q" : "100",
      "p" : "0.002088",
      "s" : "sell",
      "i" : "BOMEUSD-PERP",
      "m" : "4611686018428303302"
    }, {
      "d" : "1756393372541871623",
      "t" : 1756393372541,
      "tn" : 1756393372541871622,
      "q" : "377300",
      "p" : "0.002102",
      "s" : "sell",
      "i" : "BOMEUSD-PERP",
      "m" : "4611686018428303301"
    }, {
      "d" : "1756393372541871622",
      "t" : 1756393372541,
      "tn" : 1756393372541871622,
      "q" : "100",
      "p" : "0.002102",
      "s" : "sell",
      "i" : "BOMEUSD-PERP",
      "m" : "4611686018428303301"
    }, {
      "d" : "1756393372541868451",
      "t" : 1756393372541,
      "tn" : 1756393372541868451,
      "q" : "100",
      "p" : "0.002103",
      "s" : "sell",
      "i" : "BOMEUSD-PERP",
      "m" : "4611686018428303300"
    }, {
      "d" : "1756393266047525779",
      "t" : 1756393266047,
      "tn" : 1756393266047525779,
      "q" : "100",
      "p" : "0.002100",
      "s" : "buy",
      "i" : "BOMEUSD-PERP",
      "m" : "4611686018428303299"
    }, {
      "d" : "1756392223913616041",
      "t" : 1756392223913,
      "tn" : 1756392223913616040,
      "q" : "100",
      "p" : "0.002070",
      "s" : "buy",
      "i" : "BOMEUSD-PERP",
      "m" : "4611686018428303298"
    }, {
      "d" : "1756392223913616040",
      "t" : 1756392223913,
      "tn" : 1756392223913616040,
      "q" : "100",
      "p" : "0.002070",
      "s" : "buy",
      "i" : "BOMEUSD-PERP",
      "m" : "4611686018428303298"
    }, {
      "d" : "1756392058386049721",
      "t" : 1756392058386,
      "tn" : 1756392058386049721,
      "q" : "100",
      "p" : "0.002071",
      "s" : "sell",
      "i" : "BOMEUSD-PERP",
      "m" : "4611686018428303297"
    }, {
      "d" : "1756392058375930860",
      "t" : 1756392058375,
      "tn" : 1756392058375930860,
      "q" : "100",
      "p" : "0.002072",
      "s" : "sell",
      "i" : "BOMEUSD-PERP",
      "m" : "4611686018428303296"
    }, {
      "d" : "1756391233324804718",
      "t" : 1756391233324,
      "tn" : 1756391233324804718,
      "q" : "100",
      "p" : "0.002052",
      "s" : "sell",
      "i" : "BOMEUSD-PERP",
      "m" : "4611686018428303295"
    }, {
      "d" : "1756391233319537074",
      "t" : 1756391233319,
      "tn" : 1756391233319537074,
      "q" : "100",
      "p" : "0.002053",
      "s" : "sell",
      "i" : "BOMEUSD-PERP",
      "m" : "4611686018428303294"
    }, {
      "d" : "1756391149113790842",
      "t" : 1756391149113,
      "tn" : 1756391149113790841,
      "q" : "100",
      "p" : "0.002054",
      "s" : "buy",
      "i" : "BOMEUSD-PERP",
      "m" : "4611686018428303293"
    }, {
      "d" : "1756391149113790841",
      "t" : 1756391149113,
      "tn" : 1756391149113790841,
      "q" : "100",
      "p" : "0.002054",
      "s" : "buy",
      "i" : "BOMEUSD-PERP",
      "m" : "4611686018428303293"
    }, {
      "d" : "1756390316624952706",
      "t" : 1756390316624,
      "tn" : 1756390316624952706,
      "q" : "100",
      "p" : "0.002082",
      "s" : "sell",
      "i" : "BOMEUSD-PERP",
      "m" : "4611686018428303292"
    }, {
      "d" : "1756389167890703895",
      "t" : 1756389167890,
      "tn" : 1756389167890703894,
      "q" : "100",
      "p" : "0.002073",
      "s" : "buy",
      "i" : "BOMEUSD-PERP",
      "m" : "4611686018428303291"
    }, {
      "d" : "1756389167890703894",
      "t" : 1756389167890,
      "tn" : 1756389167890703894,
      "q" : "100",
      "p" : "0.002073",
      "s" : "buy",
      "i" : "BOMEUSD-PERP",
      "m" : "4611686018428303291"
    }, {
      "d" : "1756389005172349623",
      "t" : 1756389005172,
      "tn" : 1756389005172349623,
      "q" : "100",
      "p" : "0.002070",
      "s" : "buy",
      "i" : "BOMEUSD-PERP",
      "m" : "4611686018428303290"
    }, {
      "d" : "1756389005091280470",
      "t" : 1756389005091,
      "tn" : 1756389005091280469,
      "q" : "100",
      "p" : "0.002068",
      "s" : "buy",
      "i" : "BOMEUSD-PERP",
      "m" : "4611686018428303289"
    }, {
      "d" : "1756389005091280469",
      "t" : 1756389005091,
      "tn" : 1756389005091280469,
      "q" : "100",
      "p" : "0.002068",
      "s" : "buy",
      "i" : "BOMEUSD-PERP",
      "m" : "4611686018428303289"
    }, {
      "d" : "1756388586714526993",
      "t" : 1756388586714,
      "tn" : 1756388586714526992,
      "q" : "100",
      "p" : "0.002070",
      "s" : "buy",
      "i" : "BOMEUSD-PERP",
      "m" : "4611686018428303288"
    }, {
      "d" : "1756388586714526992",
      "t" : 1756388586714,
      "tn" : 1756388586714526992,
      "q" : "100",
      "p" : "0.002070",
      "s" : "buy",
      "i" : "BOMEUSD-PERP",
      "m" : "4611686018428303288"
    }, {
      "d" : "1756387271001969149",
      "t" : 1756387271001,
      "tn" : 1756387271001969148,
      "q" : "100",
      "p" : "0.002063",
      "s" : "buy",
      "i" : "BOMEUSD-PERP",
      "m" : "4611686018428303287"
    }, {
      "d" : "1756387271001969148",
      "t" : 1756387271001,
      "tn" : 1756387271001969148,
      "q" : "100",
      "p" : "0.002063",
      "s" : "buy",
      "i" : "BOMEUSD-PERP",
      "m" : "4611686018428303287"
    }, {
      "d" : "1756384428772973247",
      "t" : 1756384428772,
      "tn" : 1756384428772973247,
      "q" : "100",
      "p" : "0.002052",
      "s" : "buy",
      "i" : "BOMEUSD-PERP",
      "m" : "4611686018428303286"
    }, {
      "d" : "1756384291237428750",
      "t" : 1756384291237,
      "tn" : 1756384291237428750,
      "q" : "96100",
      "p" : "0.002042",
      "s" : "buy",
      "i" : "BOMEUSD-PERP",
      "m" : "4611686018428303285"
    }, {
      "d" : "1756384291237426944",
      "t" : 1756384291237,
      "tn" : 1756384291237426944,
      "q" : "100",
      "p" : "0.002041",
      "s" : "buy",
      "i" : "BOMEUSD-PERP",
      "m" : "4611686018428303284"
    }, {
      "d" : "1756376520337969737",
      "t" : 1756376520337,
      "tn" : 1756376520337969736,
      "q" : "100",
      "p" : "0.002024",
      "s" : "buy",
      "i" : "BOMEUSD-PERP",
      "m" : "4611686018428303283"
    }, {
      "d" : "1756376520337969736",
      "t" : 1756376520337,
      "tn" : 1756376520337969736,
      "q" : "270700",
      "p" : "0.002024",
      "s" : "buy",
      "i" : "BOMEUSD-PERP",
      "m" : "4611686018428303283"
    }, {
      "d" : "1756376520337966118",
      "t" : 1756376520337,
      "tn" : 1756376520337966118,
      "q" : "100",
      "p" : "0.002023",
      "s" : "buy",
      "i" : "BOMEUSD-PERP",
      "m" : "4611686018428303282"
    }, {
      "d" : "1756376068266211791",
      "t" : 1756376068266,
      "tn" : 1756376068266211790,
      "q" : "100",
      "p" : "0.002032",
      "s" : "sell",
      "i" : "BOMEUSD-PERP",
      "m" : "4611686018428303281"
    }, {
      "d" : "1756376068266211790",
      "t" : 1756376068266,
      "tn" : 1756376068266211790,
      "q" : "100",
      "p" : "0.002032",
      "s" : "sell",
      "i" : "BOMEUSD-PERP",
      "m" : "4611686018428303281"
    }, {
      "d" : "1756374595526545880",
      "t" : 1756374595526,
      "tn" : 1756374595526545880,
      "q" : "100",
      "p" : "0.002029",
      "s" : "sell",
      "i" : "BOMEUSD-PERP",
      "m" : "4611686018428303280"
    }, {
      "d" : "1756374589775145848",
      "t" : 1756374589775,
      "tn" : 1756374589775145848,
      "q" : "100",
      "p" : "0.002028",
      "s" : "sell",
      "i" : "BOMEUSD-PERP",
      "m" : "4611686018428303279"
    }, {
      "d" : "1756374456528915980",
      "t" : 1756374456528,
      "tn" : 1756374456528915979,
      "q" : "100",
      "p" : "0.002032",
      "s" : "buy",
      "i" : "BOMEUSD-PERP",
      "m" : "4611686018428303278"
    }, {
      "d" : "1756374456528915979",
      "t" : 1756374456528,
      "tn" : 1756374456528915979,
      "q" : "100",
      "p" : "0.002032",
      "s" : "buy",
      "i" : "BOMEUSD-PERP",
      "m" : "4611686018428303278"
    } ]
  }
}