{
  "id" : -1,
  "method" : "public/get-trades",
  "code" : 0,
  "result" : {
    "data" : [ {
      "d" : "1756458139701274904",
      "t" : 1756458139701,
      "tn" : 1756458139701274904,
      "q" : "27.8",
      "p" : "0.1626",
      "s" : "sell",
      "i" : "BONE_USD",
      "m" : "4611686018430250944"
    }, {
      "d" : "1756458139699778971",
      "t" : 1756458139699,
      "tn" : 1756458139699778971,
      "q" : "120.0",
      "p" : "0.1626",
      "s" : "sell",
      "i" : "BONE_USD",
      "m" : "4611686018430250943"
    }, {
      "d" : "1756458139696596943",
      "t" : 1756458139696,
      "tn" : 1756458139696596943,
      "q" : "120.0",
      "p" : "0.1626",
      "s" : "sell",
      "i" : "BONE_USD",
      "m" : "4611686018430250942"
    }, {
      "d" : "1756458077257733572",
      "t" : 1756458077257,
      "tn" : 1756458077257733572,
      "q" : "94.0",
      "p" : "0.1607",
      "s" : "sell",
      "i" : "BONE_USD",
      "m" : "4611686018430250941"
    }, {
      "d" : "1756454672255503381",
      "t" : 1756454672255,
      "tn" : 1756454672255503381,
      "q" : "62.3",
      "p" : "0.1645",
      "s" : "buy",
      "i" : "BONE_USD",
      "m" : "4611686018430250940"
    }, {
      "d" : "1756454543701277223",
      "t" : 1756454543701,
      "tn" : 1756454543701277223,
      "q" : "57.8",
      "p" : "0.1645",
      "s" : "buy",
      "i" : "BONE_USD",
      "m" : "4611686018430250939"
    }, {
      "d" : "1756449765968378169",
      "t" : 1756449765968,
      "tn" : 1756449765968378169,
      "q" : "1199.5",
      "p" : "0.1629",
      "s" : "sell",
      "i" : "BONE_USD",
      "m" : "4611686018430250938"
    }, {
      "d" : "1756449762725121092",
      "t" : 1756449762725,
      "tn" : 1756449762725121092,
      "q" : "94.0",
      "p" : "0.1626",
      "s" : "buy",
      "i" : "BONE_USD",
      "m" : "4611686018430250937"
    }, {
      "d" : "1756449762696392440",
      "t" : 1756449762696,
      "tn" : 1756449762696392440,
      "q" : "94.0",
      "p" : "0.1626",
      "s" : "buy",
      "i" : "BONE_USD",
      "m" : "4611686018430250936"
    }, {
      "d" : "1756449762202181653",
      "t" : 1756449762202,
      "tn" : 1756449762202181653,
      "q" : "93.0",
      "p" : "0.1626",
      "s" : "buy",
      "i" : "BONE_USD",
      "m" : "4611686018430250935"
    }, {
      "d" : "1756449762191677137",
      "t" : 1756449762191,
      "tn" : 1756449762191677137,
      "q" : "93.0",
      "p" : "0.1626",
      "s" : "buy",
      "i" : "BONE_USD",
      "m" : "4611686018430250934"
    }, {
      "d" : "1756449749511743981",
      "t" : 1756449749511,
      "tn" : 1756449749511743981,
      "q" : "92.0",
      "p" : "0.1626",
      "s" : "buy",
      "i" : "BONE_USD",
      "m" : "4611686018430250933"
    }, {
      "d" : "1756449749508937471",
      "t" : 1756449749508,
      "tn" : 1756449749508937471,
      "q" : "92.0",
      "p" : "0.1626",
      "s" : "buy",
      "i" : "BONE_USD",
      "m" : "4611686018430250932"
    }, {
      "d" : "1756449744498734505",
      "t" : 1756449744498,
      "tn" : 1756449744498734505,
      "q" : "105.0",
      "p" : "0.1626",
      "s" : "buy",
      "i" : "BONE_USD",
      "m" : "4611686018430250931"
    }, {
      "d" : "1756449744493818903",
      "t" : 1756449744493,
      "tn" : 1756449744493818903,
      "q" : "105.0",
      "p" : "0.1626",
      "s" : "buy",
      "i" : "BONE_USD",
      "m" : "4611686018430250930"
    }, {
      "d" : "1756449743791020060",
      "t" : 1756449743791,
      "tn" : 1756449743791020060,
      "q" : "107.0",
      "p" : "0.1626",
      "s" : "buy",
      "i" : "BONE_USD",
      "m" : "4611686018430250929"
    }, {
      "d" : "1756449743790781453",
      "t" : 1756449743790,
      "tn" : 1756449743790781453,
      "q" : "107.0",
      "p" : "0.1626",
      "s" : "buy",
      "i" : "BONE_USD",
      "m" : "4611686018430250928"
    }, {
      "d" : "1756449743790769706",
      "t" : 1756449743790,
      "tn" : 1756449743790769706,
      "q" : "172.0",
      "p" : "0.1626",
      "s" : "buy",
      "i" : "BONE_USD",
      "m" : "4611686018430250927"
    }, {
      "d" : "1756449743785555115",
      "t" : 1756449743785,
      "tn" : 1756449743785555115,
      "q" : "172.0",
      "p" : "0.1626",
      "s" : "buy",
      "i" : "BONE_USD",
      "m" : "4611686018430250926"
    }, {
      "d" : "1756449743778129746",
      "t" : 1756449743778,
      "tn" : 1756449743778129746,
      "q" : "107.0",
      "p" : "0.1626",
      "s" : "buy",
      "i" : "BONE_USD",
      "m" : "4611686018430250925"
    }, {
      "d" : "1756449743775408069",
      "t" : 1756449743775,
      "tn" : 1756449743775408069,
      "q" : "107.0",
      "p" : "0.1626",
      "s" : "buy",
      "i" : "BONE_USD",
      "m" : "4611686018430250924"
    }, {
      "d" : "1756449743743416478",
      "t" : 1756449743743,
      "tn" : 1756449743743416478,
      "q" : "533.0",
      "p" : "0.1626",
      "s" : "buy",
      "i" : "BONE_USD",
      "m" : "4611686018430250923"
    }, {
      "d" : "1756449743741032219",
      "t" : 1756449743741,
      "tn" : 1756449743741032219,
      "q" : "533.0",
      "p" : "0.1626",
      "s" : "buy",
      "i" : "BONE_USD",
      "m" : "4611686018430250922"
    }, {
      "d" : "1756449713739736208",
      "t" : 1756449713739,
      "tn" : 1756449713739736208,
      "q" : "119.0",
      "p" : "0.1631",
      "s" : "buy",
      "i" : "BONE_USD",
      "m" : "4611686018430250921"
    }, {
      "d" : "1756449713731792953",
      "t" : 1756449713731,
      "tn" : 1756449713731792953,
      "q" : "119.0",
      "p" : "0.1631",
      "s" : "buy",
      "i" : "BONE_USD",
      "m" : "4611686018430250920"
    }, {
      "d" : "1756449656366134769",
      "t" : 1756449656366,
      "tn" : 1756449656366134769,
      "q" : "140.0",
      "p" : "0.1631",
      "s" : "buy",
      "i" : "BONE_USD",
      "m" : "4611686018430250919"
    }, {
      "d" : "1756449656364267202",
      "t" : 1756449656364,
      "tn" : 1756449656364267202,
      "q" : "140.0",
      "p" : "0.1631",
      "s" : "buy",
      "i" : "BONE_USD",
      "m" : "4611686018430250918"
    }, {
      "d" : "1756449581343475643",
      "t" : 1756449581343,
      "tn" : 1756449581343475643,
      "q" : "420.0",
      "p" : "0.1631",
      "s" : "buy",
      "i" : "BONE_USD",
      "m" : "4611686018430250917"
    }, {
      "d" : "1756449575318594980",
      "t" : 1756449575318,
      "tn" : 1756449575318594980,
      "q" : "130.0",
      "p" : "0.1631",
      "s" : "buy",
      "i" : "BONE_USD",
      "m" : "4611686018430250916"
    }, {
      "d" : "1756449575298377872",
      "t" : 1756449575298,
      "tn" : 1756449575298377872,
      "q" : "216.0",
      "p" : "0.1631",
      "s" : "buy",
      "i" : "BONE_USD",
      "m" : "4611686018430250915"
    }, {
      "d" : "1756449575247692491",
      "t" : 1756449575247,
      "tn" : 1756449575247692491,
      "q" : "800.0",
      "p" : "0.1631",
      "s" : "buy",
      "i" : "BONE_USD",
      "m" : "4611686018430250914"
    }, {
      "d" : "1756449575224510074",
      "t" : 1756449575224,
      "tn" : 1756449575224510074,
      "q" : "361.0",
      "p" : "0.1631",
      "s" : "buy",
      "i" : "BONE_USD",
      "m" : "4611686018430250913"
    }, {
      "d" : "1756449573109955339",
      "t" : 1756449573109,
      "tn" : 1756449573109955339,
      "q" : "1687.0",
      "p" : "0.1631",
      "s" : "buy",
      "i" : "BONE_USD",
      "m" : "4611686018430250912"
    }, {
      "d" : "1756449573095441581",
      "t" : 1756449573095,
      "tn" : 1756449573095441581,
      "q" : "612.0",
      "p" : "0.1631",
      "s" : "buy",
      "i" : "BONE_USD",
      "m" : "4611686018430250911"
    }, {
      "d" : "1756449573051764519",
      "t" : 1756449573051,
      "tn" : 1756449573051764519,
      "q" : "1831.0",
      "p" : "0.1631",
      "s" : "buy",
      "i" : "BONE_USD",
      "m" : "4611686018430250910"
    }, {
      "d" : "1756449573026584664",
      "t" : 1756449573026,
      "tn" : 1756449573026584664,
      "q" : "800.0",
      "p" : "0.1631",
      "s" : "buy",
      "i" : "BONE_USD",
      "m" : "4611686018430250909"
    }, {
      "d" : "1756449572964305694",
      "t" : 1756449572964,
      "tn" : 1756449572964305694,
      "q" : "888.0",
      "p" : "0.1631",
      "s" : "buy",
      "i" : "BONE_USD",
      "m" : "4611686018430250908"
    }, {
      "d" : "1756449545961920944",
      "t" : 1756449545961,
      "tn" : 1756449545961920944,
      "q" : "549.8",
      "p" : "0.1637",
      "s" : "buy",
      "i" : "BONE_USD",
      "m" : "4611686018430250907"
    }, {
      "d" : "1756449545958369450",
      "t" : 1756449545958,
      "tn" : 1756449545958369450,
      "q" : "102.0",
      "p" : "0.1637",
      "s" : "buy",
      "i" : "BONE_USD",
      "m" : "4611686018430250906"
    }, {
      "d" : "1756449545931889015",
      "t" : 1756449545931,
      "tn" : 1756449545931889015,
      "q" : "549.8",
      "p" : "0.1637",
      "s" : "buy",
      "i" : "BONE_USD",
      "m" : "4611686018430250905"
    }, {
      "d" : "1756449545923463371",
      "t" : 1756449545923,
      "tn" : 1756449545923463371,
      "q" : "102.0",
      "p" : "0.1637",
      "s" : "buy",
      "i" : "BONE_USD",
      "m" : "4611686018430250904"
    }, {
      "d" : "1756449529646858524",
      "t" : 1756449529646,
      "tn" : 1756449529646858524,
      "q" : "543.0",
      "p" : "0.1631",
      "s" : "buy",
      "i" : "BONE_USD",
      "m" : "4611686018430250903"
    }, {
      "d" : "1756449529636557536",
      "t" : 1756449529636,
      "tn" : 1756449529636557536,
      "q" : "300.0",
      "p" : "0.1631",
      "s" : "buy",
      "i" : "BONE_USD",
      "m" : "4611686018430250902"
    }, {
      "d" : "1756449529636050849",
      "t" : 1756449529636,
      "tn" : 1756449529636050849,
      "q" : "2300.0",
      "p" : "0.1631",
      "s" : "buy",
      "i" : "BONE_USD",
      "m" : "4611686018430250901"
    }, {
      "d" : "1756449529632782658",
      "t" : 1756449529632,
      "tn" : 1756449529632782658,
      "q" : "2375.0",
      "p" : "0.1631",
      "s" : "buy",
      "i" : "BONE_USD",
      "m" : "4611686018430250900"
    }, {
      "d" : "1756449529628325353",
      "t" : 1756449529628,
      "tn" : 1756449529628325353,
      "q" : "300.0",
      "p" : "0.1631",
      "s" : "buy",
      "i" : "BONE_USD",
      "m" : "4611686018430250899"
    }, {
      "d" : "1756449526548712314",
      "t" : 1756449526548,
      "tn" : 1756449526548712314,
      "q" : "443.0",
      "p" : "0.1631",
      "s" : "buy",
      "i" : "BONE_USD",
      "m" : "4611686018430250898"
    }, {
      "d" : "1756449526547574162",
      "t" : 1756449526547,
      "tn" : 1756449526547574162,
      "q" : "2300.0",
      "p" : "0.1631",
      "s" : "buy",
      "i" : "BONE_USD",
      "m" : "4611686018430250897"
    }, {
      "d" : "1756449526545787783",
      "t" : 1756449526545,
      "tn" : 1756449526545787783,
      "q" : "2375.0",
      "p" : "0.1631",
      "s" : "buy",
      "i" : "BONE_USD",
      "m" : "4611686018430250896"
    }, {
      "d" : "1756449526545243342",
      "t" : 1756449526545,
      "tn" : 1756449526545243342,
      "q" : "700.0",
      "p" : "0.1631",
      "s" : "buy",
      "i" : "BONE_USD",
      "m" : "4611686018430250895"
    }, {
      "d" : "1756449523544812252",
      "t" : 1756449523544,
      "tn" : 1756449523544812252,
      "q" : "758.0",
      "p" : "0.1631",
      "s" : "buy",
      "i" : "BONE_USD",
      "m" : "4611686018430250894"
    }, {
      "d" : "1756449523543414808",
      "t" : 1756449523543,
      "tn" : 1756449523543414808,
      "q" : "1200.0",
      "p" : "0.1631",
      "s" : "buy",
      "i" : "BONE_USD",
      "m" : "4611686018430250893"
    }, {
      "d" : "1756449523534539121",
      "t" : 1756449523534,
      "tn" : 1756449523534539121,
      "q" : "2554.0",
      "p" : "0.1631",
      "s" : "buy",
      "i" : "BONE_USD",
      "m" : "4611686018430250892"
    }, {
      "d" : "1756449523533899469",
      "t" : 1756449523533,
      "tn" : 1756449523533899469,
      "q" : "1306.0",
      "p" : "0.1631",
      "s" : "buy",
      "i" : "BONE_USD",
      "m" : "4611686018430250891"
    }, {
      "d" : "1756449521394572988",
      "t" : 1756449521394,
      "tn" : 1756449521394572988,
      "q" : "2000.0",
      "p" : "0.1631",
      "s" : "buy",
      "i" : "BONE_USD",
      "m" : "4611686018430250890"
    }, {
      "d" : "1756449521391869605",
      "t" : 1756449521391,
      "tn" : 1756449521391869605,
      "q" : "2618.0",
      "p" : "0.1631",
      "s" : "buy",
      "i" : "BONE_USD",
      "m" : "4611686018430250889"
    }, {
      "d" : "1756449521388538146",
      "t" : 1756449521388,
      "tn" : 1756449521388538146,
      "q" : "1200.0",
      "p" : "0.1631",
      "s" : "buy",
      "i" : "BONE_USD",
      "m" : "4611686018430250888"
    }, {
      "d" : "1756449518658077923",
      "t" : 1756449518658,
      "tn" : 1756449518658077923,
      "q" : "187.0",
      "p" : "0.1632",
      "s" : "buy",
      "i" : "BONE_USD",
      "m" : "4611686018430250887"
    }, {
      "d" : "1756449518642659696",
      "t" : 1756449518642,
      "tn" : 1756449518642659696,
      "q" : "1200.0",
      "p" : "0.1632",
      "s" : "buy",
      "i" : "BONE_USD",
      "m" : "4611686018430250886"
    }, {
      "d" : "1756449518642657304",
      "t" : 1756449518642,
      "tn" : 1756449518642657304,
      "q" : "2600.0",
      "p" : "0.1632",
      "s" : "buy",
      "i" : "BONE_USD",
      "m" : "4611686018430250885"
    }, {
      "d" : "1756449518638579257",
      "t" : 1756449518638,
      "tn" : 1756449518638579257,
      "q" : "1831.0",
      "p" : "0.1632",
      "s" : "buy",
      "i" : "BONE_USD",
      "m" : "4611686018430250884"
    }, {
      "d" : "1756449508310747845",
      "t" : 1756449508310,
      "tn" : 1756449508310747845,
      "q" : "136.0",
      "p" : "0.1639",
      "s" : "buy",
      "i" : "BONE_USD",
      "m" : "4611686018430250883"
    }, {
      "d" : "1756449508302667968",
      "t" : 1756449508302,
      "tn" : 1756449508302667968,
      "q" : "134.0",
      "p" : "0.1639",
      "s" : "buy",
      "i" : "BONE_USD",
      "m" : "4611686018430250882"
    }, {
      "d" : "1756449508261702869",
      "t" : 1756449508261,
      "tn" : 1756449508261702869,
      "q" : "130.0",
      "p" : "0.1639",
      "s" : "buy",
      "i" : "BONE_USD",
      "m" : "4611686018430250881"
    }, {
      "d" : "1756449508253575340",
      "t" : 1756449508253,
      "tn" : 1756449508253575340,
      "q" : "850.0",
      "p" : "0.1639",
      "s" : "buy",
      "i" : "BONE_USD",
      "m" : "4611686018430250880"
    }, {
      "d" : "1756449508250823265",
      "t" : 1756449508250,
      "tn" : 1756449508250823265,
      "q" : "409.0",
      "p" : "0.1639",
      "s" : "buy",
      "i" : "BONE_USD",
      "m" : "4611686018430250879"
    }, {
      "d" : "1756449508250821764",
      "t" : 1756449508250,
      "tn" : 1756449508250821764,
      "q" : "391.0",
      "p" : "0.1638",
      "s" : "buy",
      "i" : "BONE_USD",
      "m" : "4611686018430250878"
    }, {
      "d" : "1756449508239914404",
      "t" : 1756449508239,
      "tn" : 1756449508239914404,
      "q" : "865.0",
      "p" : "0.1638",
      "s" : "buy",
      "i" : "BONE_USD",
      "m" : "4611686018430250877"
    }, {
      "d" : "1756449508237185516",
      "t" : 1756449508237,
      "tn" : 1756449508237185516,
      "q" : "1100.0",
      "p" : "0.1638",
      "s" : "buy",
      "i" : "BONE_USD",
      "m" : "4611686018430250876"
    }, {
      "d" : "1756449508230531898",
      "t" : 1756449508230,
      "tn" : 1756449508230531898,
      "q" : "125.0",
      "p" : "0.1638",
      "s" : "buy",
      "i" : "BONE_USD",
      "m" : "4611686018430250875"
    }, {
      "d" : "1756449508229077399",
      "t" : 1756449508229,
      "tn" : 1756449508229077399,
      "q" : "125.0",
      "p" : "0.1638",
      "s" : "buy",
      "i" : "BONE_USD",
      "m" : "4611686018430250874"
    }, {
      "d" : "1756449508169919168",
      "t" : 1756449508169,
      "tn" : 1756449508169919168,
      "q" : "255.0",
      "p" : "0.1639",
      "s" : "buy",
      "i" : "BONE_USD",
      "m" : "4611686018430250873"
    }, {
      "d" : "1756449508161549186",
      "t" : 1756449508161,
      "tn" : 1756449508161549186,
      "q" : "250.0",
      "p" : "0.1639",
      "s" : "buy",
      "i" : "BONE_USD",
      "m" : "4611686018430250872"
    }, {
      "d" : "1756449508157586129",
      "t" : 1756449508157,
      "tn" : 1756449508157586129,
      "q" : "255.0",
      "p" : "0.1639",
      "s" : "buy",
      "i" : "BONE_USD",
      "m" : "4611686018430250871"
    }, {
      "d" : "1756449508156404317",
      "t" : 1756449508156,
      "tn" : 1756449508156404317,
      "q" : "250.0",
      "p" : "0.1639",
      "s" : "buy",
      "i" : "BONE_USD",
      "m" : "4611686018430250870"
    }, {
      "d" : "1756449505374778031",
      "t" : 1756449505374,
      "tn" : 1756449505374778031,
      "q" : "25.8",
      "p" : "0.1628",
      "s" : "buy",
      "i" : "BONE_USD",
      "m" : "4611686018430250869"
    }, {
      "d" : "1756449505369782132",
      "t" : 1756449505369,
      "tn" : 1756449505369782132,
      "q" : "584.0",
      "p" : "0.1628",
      "s" : "buy",
      "i" : "BONE_USD",
      "m" : "4611686018430250868"
    }, {
      "d" : "1756449505366020923",
      "t" : 1756449505366,
      "tn" : 1756449505366020923,
      "q" : "500.0",
      "p" : "0.1628",
      "s" : "buy",
      "i" : "BONE_USD",
      "m" : "4611686018430250867"
    }, {
      "d" : "1756449505364155753",
      "t" : 1756449505364,
      "tn" : 1756449505364155753,
      "q" : "500.0",
      "p" : "0.1628",
      "s" : "buy",
      "i" : "BONE_USD",
      "m" : "4611686018430250866"
    }, {
      "d" : "1756449505349622559",
      "t" : 1756449505349,
      "tn" : 1756449505349622559,
      "q" : "4208.2",
      "p" : "0.1628",
      "s" : "sell",
      "i" : "BONE_USD",
      "m" : "4611686018430250865"
    }, {
      "d" : "1756449342205015472",
      "t" : 1756449342205,
      "tn" : 1756449342205015472,
      "q" : "134.0",
      "p" : "0.1644",
      "s" : "buy",
      "i" : "BONE_USD",
      "m" : "4611686018430250864"
    }, {
      "d" : "1756449342188761071",
      "t" : 1756449342188,
      "tn" : 1756449342188761071,
      "q" : "49.4",
      "p" : "0.1644",
      "s" : "buy",
      "i" : "BONE_USD",
      "m" : "4611686018430250863"
    }, {
      "d" : "1756449251326364698",
      "t" : 1756449251326,
      "tn" : 1756449251326364698,
      "q" : "92.0",
      "p" : "0.1644",
      "s" : "buy",
      "i" : "BONE_USD",
      "m" : "4611686018430250862"
    }, {
      "d" : "1756449217571004848",
      "t" : 1756449217571,
      "tn" : 1756449217571004848,
      "q" : "140.0",
      "p" : "0.1650",
      "s" : "buy",
      "i" : "BONE_USD",
      "m" : "4611686018430250861"
    }, {
      "d" : "1756449217570998420",
      "t" : 1756449217570,
      "tn" : 1756449217570998420,
      "q" : "420.0",
      "p" : "0.1650",
      "s" : "buy",
      "i" : "BONE_USD",
      "m" : "4611686018430250860"
    }, {
      "d" : "1756449217568085031",
      "t" : 1756449217568,
      "tn" : 1756449217568085031,
      "q" : "141.0",
      "p" : "0.1650",
      "s" : "buy",
      "i" : "BONE_USD",
      "m" : "4611686018430250859"
    }, {
      "d" : "1756449217566782396",
      "t" : 1756449217566,
      "tn" : 1756449217566782396,
      "q" : "141.0",
      "p" : "0.1650",
      "s" : "buy",
      "i" : "BONE_USD",
      "m" : "4611686018430250858"
    }, {
      "d" : "1756449217560671937",
      "t" : 1756449217560,
      "tn" : 1756449217560671937,
      "q" : "600.0",
      "p" : "0.1650",
      "s" : "buy",
      "i" : "BONE_USD",
      "m" : "4611686018430250857"
    }, {
      "d" : "1756449217526532782",
      "t" : 1756449217526,
      "tn" : 1756449217526532782,
      "q" : "700.0",
      "p" : "0.1650",
      "s" : "buy",
      "i" : "BONE_USD",
      "m" : "4611686018430250856"
    }, {
      "d" : "1756449217493904452",
      "t" : 1756449217493,
      "tn" : 1756449217493904452,
      "q" : "738.0",
      "p" : "0.1650",
      "s" : "buy",
      "i" : "BONE_USD",
      "m" : "4611686018430250855"
    }, {
      "d" : "1756449217487511866",
      "t" : 1756449217487,
      "tn" : 1756449217487511866,
      "q" : "700.0",
      "p" : "0.1650",
      "s" : "buy",
      "i" : "BONE_USD",
      "m" : "4611686018430250854"
    }, {
      "d" : "1756449217486144485",
      "t" : 1756449217486,
      "tn" : 1756449217486144485,
      "q" : "738.0",
      "p" : "0.1650",
      "s" : "buy",
      "i" : "BONE_USD",
      "m" : "4611686018430250853"
    }, {
      "d" : "1756447567871211731",
      "t" : 1756447567871,
      "tn" : 1756447567871211731,
      "q" : "481.1",
      "p" : "0.1663",
      "s" : "sell",
      "i" : "BONE_USD",
      "m" : "4611686018430250852"
    }, {
      "d" : "1756447567864125675",
      "t" : 1756447567864,
      "tn" : 1756447567864125675,
      "q" : "94.0",
      "p" : "0.1663",
      "s" : "sell",
      "i" : "BONE_USD",
      "m" : "4611686018430250851"
    }, {
      "d" : "1756447567862986405",
      "t" : 1756447567862,
      "tn" : 1756447567862986404,
      "q" : "8.8",
      "p" : "0.1663",
      "s" : "sell",
      "i" : "BONE_USD",
      "m" : "4611686018430250850"
    }, {
      "d" : "1756447567862986404",
      "t" : 1756447567862,
      "tn" : 1756447567862986404,
      "q" : "85.2",
      "p" : "0.1663",
      "s" : "sell",
      "i" : "BONE_USD",
      "m" : "4611686018430250850"
    }, {
      "d" : "1756445314946956480",
      "t" : 1756445314946,
      "tn" : 1756445314946956480,
      "q" : "5.5",
      "p" : "0.1654",
      "s" : "buy",
      "i" : "BONE_USD",
      "m" : "4611686018430250849"
    }, {
      "d" : "1756445314946954499",
      "t" : 1756445314946,
      "tn" : 1756445314946954499,
      "q" : "264.5",
      "p" : "0.1650",
      "s" : "buy",
      "i" : "BONE_USD",
      "m" : "4611686018430250848"
    }, {
      "d" : "1756445314097437097",
      "t" : 1756445314097,
      "tn" : 1756445314097437097,
      "q" : "150.0",
      "p" : "0.1650",
      "s" : "buy",
      "i" : "BONE_USD",
      "m" : "4611686018430250847"
    }, {
      "d" : "1756445314040411828",
      "t" : 1756445314040,
      "tn" : 1756445314040411828,
      "q" : "270.0",
      "p" : "0.1650",
      "s" : "buy",
      "i" : "BONE_USD",
      "m" : "4611686018430250846"
    }, {
      "d" : "1756445314013764652",
      "t" : 1756445314013,
      "tn" : 1756445314013764652,
      "q" : "150.0",
      "p" : "0.1650",
      "s" : "buy",
      "i" : "BONE_USD",
      "m" : "4611686018430250845"
    }, {
      "d" : "1756445313952498835",
      "t" : 1756445313952,
      "tn" : 1756445313952498835,
      "q" : "155.0",
      "p" : "0.1650",
      "s" : "buy",
      "i" : "BONE_USD",
      "m" : "4611686018430250844"
    }, {
      "d" : "1756445313949846368",
      "t" : 1756445313949,
      "tn" : 1756445313949846368,
      "q" : "155.0",
      "p" : "0.1650",
      "s" : "buy",
      "i" : "BONE_USD",
      "m" : "4611686018430250843"
    }, {
      "d" : "1756445313035478402",
      "t" : 1756445313035,
      "tn" : 1756445313035478402,
      "q" : "250.0",
      "p" : "0.1651",
      "s" : "buy",
      "i" : "BONE_USD",
      "m" : "4611686018430250842"
    }, {
      "d" : "1756445313033584493",
      "t" : 1756445313033,
      "tn" : 1756445313033584493,
      "q" : "250.0",
      "p" : "0.1651",
      "s" : "buy",
      "i" : "BONE_USD",
      "m" : "4611686018430250841"
    }, {
      "d" : "1756445310453311306",
      "t" : 1756445310453,
      "tn" : 1756445310453311306,
      "q" : "80.0",
      "p" : "0.1635",
      "s" : "sell",
      "i" : "BONE_USD",
      "m" : "4611686018430250840"
    }, {
      "d" : "1756442643435047029",
      "t" : 1756442643435,
      "tn" : 1756442643435047028,
      "q" : "67.1",
      "p" : "0.1640",
      "s" : "sell",
      "i" : "BONE_USD",
      "m" : "4611686018430250839"
    }, {
      "d" : "1756442643435047028",
      "t" : 1756442643435,
      "tn" : 1756442643435047028,
      "q" : "628.1",
      "p" : "0.1640",
      "s" : "sell",
      "i" : "BONE_USD",
      "m" : "4611686018430250839"
    }, {
      "d" : "1756442075610724806",
      "t" : 1756442075610,
      "tn" : 1756442075610724806,
      "q" : "500.0",
      "p" : "0.1654",
      "s" : "buy",
      "i" : "BONE_USD",
      "m" : "4611686018430250838"
    }, {
      "d" : "1756442075555342313",
      "t" : 1756442075555,
      "tn" : 1756442075555342313,
      "q" : "294.0",
      "p" : "0.1653",
      "s" : "buy",
      "i" : "BONE_USD",
      "m" : "4611686018430250837"
    }, {
      "d" : "1756442075551018809",
      "t" : 1756442075551,
      "tn" : 1756442075551018809,
      "q" : "294.0",
      "p" : "0.1653",
      "s" : "buy",
      "i" : "BONE_USD",
      "m" : "4611686018430250836"
    }, {
      "d" : "1756442070455740957",
      "t" : 1756442070455,
      "tn" : 1756442070455740957,
      "q" : "51.6",
      "p" : "0.1638",
      "s" : "buy",
      "i" : "BONE_USD",
      "m" : "4611686018430250835"
    }, {
      "d" : "1756442070454676973",
      "t" : 1756442070454,
      "tn" : 1756442070454676973,
      "q" : "144.0",
      "p" : "0.1638",
      "s" : "buy",
      "i" : "BONE_USD",
      "m" : "4611686018430250834"
    }, {
      "d" : "1756442070451339379",
      "t" : 1756442070451,
      "tn" : 1756442070451339379,
      "q" : "150.0",
      "p" : "0.1638",
      "s" : "buy",
      "i" : "BONE_USD",
      "m" : "4611686018430250833"
    }, {
      "d" : "1756442070436608422",
      "t" : 1756442070436,
      "tn" : 1756442070436608422,
      "q" : "274.8",
      "p" : "0.1638",
      "s" : "sell",
      "i" : "BONE_USD",
      "m" : "4611686018430250832"
    }, {
      "d" : "1756442024574855272",
      "t" : 1756442024574,
      "tn" : 1756442024574855272,
      "q" : "997.4",
      "p" : "0.1637",
      "s" : "sell",
      "i" : "BONE_USD",
      "m" : "4611686018430250831"
    }, {
      "d" : "1756442024574853372",
      "t" : 1756442024574,
      "tn" : 1756442024574853372,
      "q" : "253.8",
      "p" : "0.1638",
      "s" : "sell",
      "i" : "BONE_USD",
      "m" : "4611686018430250830"
    }, {
      "d" : "1756441969227185605",
      "t" : 1756441969227,
      "tn" : 1756441969227185605,
      "q" : "14.1",
      "p" : "0.1670",
      "s" : "sell",
      "i" : "BONE_USD",
      "m" : "4611686018430250829"
    }, {
      "d" : "1756440695103008129",
      "t" : 1756440695103,
      "tn" : 1756440695103008129,
      "q" : "642.1",
      "p" : "0.1638",
      "s" : "sell",
      "i" : "BONE_USD",
      "m" : "4611686018430250828"
    }, {
      "d" : "1756439610738871763",
      "t" : 1756439610738,
      "tn" : 1756439610738871763,
      "q" : "522.8",
      "p" : "0.1640",
      "s" : "sell",
      "i" : "BONE_USD",
      "m" : "4611686018430250827"
    }, {
      "d" : "1756439590629227389",
      "t" : 1756439590629,
      "tn" : 1756439590629227389,
      "q" : "15.0",
      "p" : "0.1671",
      "s" : "buy",
      "i" : "BONE_USD",
      "m" : "4611686018430250826"
    }, {
      "d" : "1756439577321080153",
      "t" : 1756439577321,
      "tn" : 1756439577321080153,
      "q" : "112.0",
      "p" : "0.1673",
      "s" : "sell",
      "i" : "BONE_USD",
      "m" : "4611686018430250825"
    }, {
      "d" : "1756438201329448609",
      "t" : 1756438201329,
      "tn" : 1756438201329448609,
      "q" : "252.7",
      "p" : "0.1661",
      "s" : "buy",
      "i" : "BONE_USD",
      "m" : "4611686018430250824"
    }, {
      "d" : "1756438201321631367",
      "t" : 1756438201321,
      "tn" : 1756438201321631367,
      "q" : "541.8",
      "p" : "0.1661",
      "s" : "buy",
      "i" : "BONE_USD",
      "m" : "4611686018430250823"
    }, {
      "d" : "1756437680790643492",
      "t" : 1756437680790,
      "tn" : 1756437680790643492,
      "q" : "97.6",
      "p" : "0.1673",
      "s" : "sell",
      "i" : "BONE_USD",
      "m" : "4611686018430250822"
    }, {
      "d" : "1756437680790197502",
      "t" : 1756437680790,
      "tn" : 1756437680790197502,
      "q" : "280.0",
      "p" : "0.1673",
      "s" : "sell",
      "i" : "BONE_USD",
      "m" : "4611686018430250821"
    }, {
      "d" : "1756437680786543057",
      "t" : 1756437680786,
      "tn" : 1756437680786543057,
      "q" : "280.0",
      "p" : "0.1673",
      "s" : "sell",
      "i" : "BONE_USD",
      "m" : "4611686018430250820"
    }, {
      "d" : "1756434938001719380",
      "t" : 1756434938001,
      "tn" : 1756434938001719380,
      "q" : "73.7",
      "p" : "0.1684",
      "s" : "sell",
      "i" : "BONE_USD",
      "m" : "4611686018430250819"
    }, {
      "d" : "1756434937999490879",
      "t" : 1756434937999,
      "tn" : 1756434937999490879,
      "q" : "92.0",
      "p" : "0.1684",
      "s" : "sell",
      "i" : "BONE_USD",
      "m" : "4611686018430250818"
    }, {
      "d" : "1756434106612127375",
      "t" : 1756434106612,
      "tn" : 1756434106612127375,
      "q" : "71.6",
      "p" : "0.1683",
      "s" : "sell",
      "i" : "BONE_USD",
      "m" : "4611686018430250817"
    }, {
      "d" : "1756434106610521632",
      "t" : 1756434106610,
      "tn" : 1756434106610521632,
      "q" : "320.0",
      "p" : "0.1683",
      "s" : "sell",
      "i" : "BONE_USD",
      "m" : "4611686018430250816"
    }, {
      "d" : "1756434106594040409",
      "t" : 1756434106594,
      "tn" : 1756434106594040409,
      "q" : "320.0",
      "p" : "0.1683",
      "s" : "sell",
      "i" : "BONE_USD",
      "m" : "4611686018430250815"
    }, {
      "d" : "1756433910351671050",
      "t" : 1756433910351,
      "tn" : 1756433910351671050,
      "q" : "152.0",
      "p" : "0.1663",
      "s" : "buy",
      "i" : "BONE_USD",
      "m" : "4611686018430250814"
    }, {
      "d" : "1756433910351602723",
      "t" : 1756433910351,
      "tn" : 1756433910351602723,
      "q" : "300.0",
      "p" : "0.1663",
      "s" : "buy",
      "i" : "BONE_USD",
      "m" : "4611686018430250813"
    }, {
      "d" : "1756433910344356707",
      "t" : 1756433910344,
      "tn" : 1756433910344356707,
      "q" : "300.0",
      "p" : "0.1663",
      "s" : "buy",
      "i" : "BONE_USD",
      "m" : "4611686018430250812"
    }, {
      "d" : "1756433408814321906",
      "t" : 1756433408814,
      "tn" : 1756433408814321906,
      "q" : "60.0",
      "p" : "0.1696",
      "s" : "sell",
      "i" : "BONE_USD",
      "m" : "4611686018430250811"
    }, {
      "d" : "1756433408810087120",
      "t" : 1756433408810,
      "tn" : 1756433408810087120,
      "q" : "220.0",
      "p" : "0.1696",
      "s" : "sell",
      "i" : "BONE_USD",
      "m" : "4611686018430250810"
    }, {
      "d" : "1756433408807576000",
      "t" : 1756433408807,
      "tn" : 1756433408807576000,
      "q" : "220.0",
      "p" : "0.1696",
      "s" : "sell",
      "i" : "BONE_USD",
      "m" : "4611686018430250809"
    }, {
      "d" : "1756432632142088374",
      "t" : 1756432632142,
      "tn" : 1756432632142088374,
      "q" : "105.3",
      "p" : "0.1692",
      "s" : "sell",
      "i" : "BONE_USD",
      "m" : "4611686018430250808"
    }, {
      "d" : "1756432632140611054",
      "t" : 1756432632140,
      "tn" : 1756432632140611054,
      "q" : "210.0",
      "p" : "0.1692",
      "s" : "sell",
      "i" : "BONE_USD",
      "m" : "4611686018430250807"
    }, {
      "d" : "1756432632133097860",
      "t" : 1756432632133,
      "tn" : 1756432632133097860,
      "q" : "240.0",
      "p" : "0.1692",
      "s" : "sell",
      "i" : "BONE_USD",
      "m" : "4611686018430250806"
    }, {
      "d" : "1756432562792690890",
      "t" : 1756432562792,
      "tn" : 1756432562792690890,
      "q" : "38.8",
      "p" : "0.1692",
      "s" : "sell",
      "i" : "BONE_USD",
      "m" : "4611686018430250805"
    }, {
      "d" : "1756432562792427369",
      "t" : 1756432562792,
      "tn" : 1756432562792427368,
      "q" : "107.1",
      "p" : "0.1692",
      "s" : "sell",
      "i" : "BONE_USD",
      "m" : "4611686018430250804"
    }, {
      "d" : "1756432562792427368",
      "t" : 1756432562792,
      "tn" : 1756432562792427368,
      "q" : "30.9",
      "p" : "0.1692",
      "s" : "sell",
      "i" : "BONE_USD",
      "m" : "4611686018430250804"
    }, {
      "d" : "1756432562787991077",
      "t" : 1756432562787,
      "tn" : 1756432562787991077,
      "q" : "130.0",
      "p" : "0.1692",
      "s" : "sell",
      "i" : "BONE_USD",
      "m" : "4611686018430250803"
    }, {
      "d" : "1756432502454478933",
      "t" : 1756432502454,
      "tn" : 1756432502454478933,
      "q" : "36.1",
      "p" : "0.1695",
      "s" : "sell",
      "i" : "BONE_USD",
      "m" : "4611686018430250802"
    }, {
      "d" : "1756432502451172023",
      "t" : 1756432502451,
      "tn" : 1756432502451172022,
      "q" : "125.8",
      "p" : "0.1695",
      "s" : "sell",
      "i" : "BONE_USD",
      "m" : "4611686018430250801"
    }, {
      "d" : "1756432502451172022",
      "t" : 1756432502451,
      "tn" : 1756432502451172022,
      "q" : "24.2",
      "p" : "0.1695",
      "s" : "sell",
      "i" : "BONE_USD",
      "m" : "4611686018430250801"
    }, {
      "d" : "1756432502449089241",
      "t" : 1756432502449,
      "tn" : 1756432502449089241,
      "q" : "150.0",
      "p" : "0.1695",
      "s" : "sell",
      "i" : "BONE_USD",
      "m" : "4611686018430250800"
    }, {
      "d" : "1756432452626399081",
      "t" : 1756432452626,
      "tn" : 1756432452626399081,
      "q" : "147.8",
      "p" : "0.1692",
      "s" : "sell",
      "i" : "BONE_USD",
      "m" : "4611686018430250799"
    } ]
  }
}