{
  "id" : -1,
  "method" : "public/get-trades",
  "code" : 0,
  "result" : {
    "data" : [ {
      "d" : "1756460444776010706",
      "t" : 1756460444776,
      "tn" : 1756460444776010706,
      "q" : "60000",
      "p" : "0.000020448",
      "s" : "sell",
      "i" : "BONK_USD",
      "m" : "4611686018430589156"
    }, {
      "d" : "1756460424462787066",
      "t" : 1756460424462,
      "tn" : 1756460424462787066,
      "q" : "60000",
      "p" : "0.000020438",
      "s" : "sell",
      "i" : "BONK_USD",
      "m" : "4611686018430589155"
    }, {
      "d" : "1756460415196061566",
      "t" : 1756460415196,
      "tn" : 1756460415196061566,
      "q" : "60000",
      "p" : "0.000020448",
      "s" : "sell",
      "i" : "BONK_USD",
      "m" : "4611686018430589154"
    }, {
      "d" : "1756460402548411237",
      "t" : 1756460402548,
      "tn" : 1756460402548411237,
      "q" : "60000",
      "p" : "0.000020428",
      "s" : "sell",
      "i" : "BONK_USD",
      "m" : "4611686018430589153"
    }, {
      "d" : "1756460382157817667",
      "t" : 1756460382157,
      "tn" : 1756460382157817667,
      "q" : "60000",
      "p" : "0.000020418",
      "s" : "sell",
      "i" : "BONK_USD",
      "m" : "4611686018430589152"
    }, {
      "d" : "1756460382015619432",
      "t" : 1756460382015,
      "tn" : 1756460382015619432,
      "q" : "60000",
      "p" : "0.000020418",
      "s" : "sell",
      "i" : "BONK_USD",
      "m" : "4611686018430589151"
    }, {
      "d" : "1756460381831364228",
      "t" : 1756460381831,
      "tn" : 1756460381831364228,
      "q" : "60000",
      "p" : "0.000020418",
      "s" : "sell",
      "i" : "BONK_USD",
      "m" : "4611686018430589150"
    }, {
      "d" : "1756460352350103146",
      "t" : 1756460352350,
      "tn" : 1756460352350103146,
      "q" : "60000",
      "p" : "0.000020408",
      "s" : "sell",
      "i" : "BONK_USD",
      "m" : "4611686018430589149"
    }, {
      "d" : "1756460349797407066",
      "t" : 1756460349797,
      "tn" : 1756460349797407066,
      "q" : "60000",
      "p" : "0.000020418",
      "s" : "sell",
      "i" : "BONK_USD",
      "m" : "4611686018430589148"
    }, {
      "d" : "1756460324583910686",
      "t" : 1756460324583,
      "tn" : 1756460324583910686,
      "q" : "6090000",
      "p" : "0.000020415",
      "s" : "buy",
      "i" : "BONK_USD",
      "m" : "4611686018430589147"
    }, {
      "d" : "1756460324583908678",
      "t" : 1756460324583,
      "tn" : 1756460324583908678,
      "q" : "60000",
      "p" : "0.000020409",
      "s" : "buy",
      "i" : "BONK_USD",
      "m" : "4611686018430589146"
    }, {
      "d" : "1756460302519585086",
      "t" : 1756460302519,
      "tn" : 1756460302519585086,
      "q" : "60000",
      "p" : "0.000020428",
      "s" : "sell",
      "i" : "BONK_USD",
      "m" : "4611686018430589145"
    }, {
      "d" : "1756460268337212214",
      "t" : 1756460268337,
      "tn" : 1756460268337212214,
      "q" : "670000",
      "p" : "0.000020411",
      "s" : "sell",
      "i" : "BONK_USD",
      "m" : "4611686018430589144"
    }, {
      "d" : "1756460268337209862",
      "t" : 1756460268337,
      "tn" : 1756460268337209862,
      "q" : "60000",
      "p" : "0.000020418",
      "s" : "sell",
      "i" : "BONK_USD",
      "m" : "4611686018430589143"
    }, {
      "d" : "1756460268333405057",
      "t" : 1756460268333,
      "tn" : 1756460268333405057,
      "q" : "60000",
      "p" : "0.000020428",
      "s" : "sell",
      "i" : "BONK_USD",
      "m" : "4611686018430589142"
    }, {
      "d" : "1756460248306960248",
      "t" : 1756460248306,
      "tn" : 1756460248306960248,
      "q" : "60000",
      "p" : "0.000020428",
      "s" : "sell",
      "i" : "BONK_USD",
      "m" : "4611686018430589141"
    }, {
      "d" : "1756460224445168414",
      "t" : 1756460224445,
      "tn" : 1756460224445168414,
      "q" : "60000",
      "p" : "0.000020398",
      "s" : "sell",
      "i" : "BONK_USD",
      "m" : "4611686018430589140"
    }, {
      "d" : "1756460203134215314",
      "t" : 1756460203134,
      "tn" : 1756460203134215314,
      "q" : "60000",
      "p" : "0.000020408",
      "s" : "sell",
      "i" : "BONK_USD",
      "m" : "4611686018430589139"
    }, {
      "d" : "1756460189089030450",
      "t" : 1756460189089,
      "tn" : 1756460189089030450,
      "q" : "60000",
      "p" : "0.000020418",
      "s" : "sell",
      "i" : "BONK_USD",
      "m" : "4611686018430589138"
    }, {
      "d" : "1756460183841322340",
      "t" : 1756460183841,
      "tn" : 1756460183841322340,
      "q" : "60000",
      "p" : "0.000020397",
      "s" : "sell",
      "i" : "BONK_USD",
      "m" : "4611686018430589137"
    }, {
      "d" : "1756460182403392169",
      "t" : 1756460182403,
      "tn" : 1756460182403392169,
      "q" : "670000",
      "p" : "0.000020407",
      "s" : "buy",
      "i" : "BONK_USD",
      "m" : "4611686018430589136"
    }, {
      "d" : "1756460182403389143",
      "t" : 1756460182403,
      "tn" : 1756460182403389143,
      "q" : "60000",
      "p" : "0.000020389",
      "s" : "buy",
      "i" : "BONK_USD",
      "m" : "4611686018430589135"
    }, {
      "d" : "1756460181322554800",
      "t" : 1756460181322,
      "tn" : 1756460181322554800,
      "q" : "670000",
      "p" : "0.000020369",
      "s" : "sell",
      "i" : "BONK_USD",
      "m" : "4611686018430589134"
    }, {
      "d" : "1756460181322552524",
      "t" : 1756460181322,
      "tn" : 1756460181322552524,
      "q" : "60000",
      "p" : "0.000020388",
      "s" : "sell",
      "i" : "BONK_USD",
      "m" : "4611686018430589133"
    }, {
      "d" : "1756460177825513694",
      "t" : 1756460177825,
      "tn" : 1756460177825513694,
      "q" : "680000",
      "p" : "0.000020387",
      "s" : "buy",
      "i" : "BONK_USD",
      "m" : "4611686018430589132"
    }, {
      "d" : "1756460177825511932",
      "t" : 1756460177825,
      "tn" : 1756460177825511932,
      "q" : "60000",
      "p" : "0.000020379",
      "s" : "buy",
      "i" : "BONK_USD",
      "m" : "4611686018430589131"
    }, {
      "d" : "1756460166963620330",
      "t" : 1756460166963,
      "tn" : 1756460166963620330,
      "q" : "60000",
      "p" : "0.000020397",
      "s" : "sell",
      "i" : "BONK_USD",
      "m" : "4611686018430589130"
    }, {
      "d" : "1756460125368864537",
      "t" : 1756460125368,
      "tn" : 1756460125368864537,
      "q" : "80000",
      "p" : "0.000020415",
      "s" : "buy",
      "i" : "BONK_USD",
      "m" : "4611686018430589129"
    }, {
      "d" : "1756460125368862828",
      "t" : 1756460125368,
      "tn" : 1756460125368862828,
      "q" : "60000",
      "p" : "0.000020409",
      "s" : "buy",
      "i" : "BONK_USD",
      "m" : "4611686018430589128"
    }, {
      "d" : "1756460125368859862",
      "t" : 1756460125368,
      "tn" : 1756460125368859862,
      "q" : "590000",
      "p" : "0.000020408",
      "s" : "buy",
      "i" : "BONK_USD",
      "m" : "4611686018430589127"
    }, {
      "d" : "1756460124802700531",
      "t" : 1756460124802,
      "tn" : 1756460124802700531,
      "q" : "60000",
      "p" : "0.000020408",
      "s" : "sell",
      "i" : "BONK_USD",
      "m" : "4611686018430589126"
    }, {
      "d" : "1756460122142494077",
      "t" : 1756460122142,
      "tn" : 1756460122142494077,
      "q" : "680000",
      "p" : "0.000020403",
      "s" : "buy",
      "i" : "BONK_USD",
      "m" : "4611686018430589125"
    }, {
      "d" : "1756460122142492614",
      "t" : 1756460122142,
      "tn" : 1756460122142492614,
      "q" : "60000",
      "p" : "0.000020399",
      "s" : "buy",
      "i" : "BONK_USD",
      "m" : "4611686018430589124"
    }, {
      "d" : "1756460120431382198",
      "t" : 1756460120431,
      "tn" : 1756460120431382198,
      "q" : "730000",
      "p" : "0.000020398",
      "s" : "buy",
      "i" : "BONK_USD",
      "m" : "4611686018430589123"
    }, {
      "d" : "1756460118675315775",
      "t" : 1756460118675,
      "tn" : 1756460118675315775,
      "q" : "60000",
      "p" : "0.000020398",
      "s" : "sell",
      "i" : "BONK_USD",
      "m" : "4611686018430589122"
    }, {
      "d" : "1756460116651282447",
      "t" : 1756460116651,
      "tn" : 1756460116651282447,
      "q" : "60000",
      "p" : "0.000020408",
      "s" : "sell",
      "i" : "BONK_USD",
      "m" : "4611686018430589121"
    }, {
      "d" : "1756460112839073250",
      "t" : 1756460112839,
      "tn" : 1756460112839073250,
      "q" : "60000",
      "p" : "0.000020408",
      "s" : "sell",
      "i" : "BONK_USD",
      "m" : "4611686018430589120"
    }, {
      "d" : "1756460110781079200",
      "t" : 1756460110781,
      "tn" : 1756460110781079200,
      "q" : "60000",
      "p" : "0.000020418",
      "s" : "sell",
      "i" : "BONK_USD",
      "m" : "4611686018430589119"
    }, {
      "d" : "1756460106289074920",
      "t" : 1756460106289,
      "tn" : 1756460106289074920,
      "q" : "680000",
      "p" : "0.000020420",
      "s" : "buy",
      "i" : "BONK_USD",
      "m" : "4611686018430589118"
    }, {
      "d" : "1756460106289073036",
      "t" : 1756460106289,
      "tn" : 1756460106289073036,
      "q" : "60000",
      "p" : "0.000020409",
      "s" : "buy",
      "i" : "BONK_USD",
      "m" : "4611686018430589117"
    }, {
      "d" : "1756460102234998158",
      "t" : 1756460102234,
      "tn" : 1756460102234998158,
      "q" : "670000",
      "p" : "0.000020419",
      "s" : "buy",
      "i" : "BONK_USD",
      "m" : "4611686018430589116"
    }, {
      "d" : "1756460102234996203",
      "t" : 1756460102234,
      "tn" : 1756460102234996203,
      "q" : "60000",
      "p" : "0.000020409",
      "s" : "buy",
      "i" : "BONK_USD",
      "m" : "4611686018430589115"
    }, {
      "d" : "1756460100754579555",
      "t" : 1756460100754,
      "tn" : 1756460100754579555,
      "q" : "60000",
      "p" : "0.000020408",
      "s" : "sell",
      "i" : "BONK_USD",
      "m" : "4611686018430589114"
    }, {
      "d" : "1756460100126320911",
      "t" : 1756460100126,
      "tn" : 1756460100126320911,
      "q" : "740000",
      "p" : "0.000020403",
      "s" : "buy",
      "i" : "BONK_USD",
      "m" : "4611686018430589113"
    }, {
      "d" : "1756460087118248107",
      "t" : 1756460087118,
      "tn" : 1756460087118248107,
      "q" : "660000",
      "p" : "0.000020396",
      "s" : "buy",
      "i" : "BONK_USD",
      "m" : "4611686018430589112"
    }, {
      "d" : "1756460087118245883",
      "t" : 1756460087118,
      "tn" : 1756460087118245883,
      "q" : "60000",
      "p" : "0.000020389",
      "s" : "buy",
      "i" : "BONK_USD",
      "m" : "4611686018430589111"
    }, {
      "d" : "1756460081971435327",
      "t" : 1756460081971,
      "tn" : 1756460081971435327,
      "q" : "60000",
      "p" : "0.000020398",
      "s" : "sell",
      "i" : "BONK_USD",
      "m" : "4611686018430589110"
    }, {
      "d" : "1756460079360552863",
      "t" : 1756460079360,
      "tn" : 1756460079360552863,
      "q" : "1650000",
      "p" : "0.000020409",
      "s" : "buy",
      "i" : "BONK_USD",
      "m" : "4611686018430589109"
    }, {
      "d" : "1756460055488418526",
      "t" : 1756460055488,
      "tn" : 1756460055488418526,
      "q" : "60000",
      "p" : "0.000020398",
      "s" : "sell",
      "i" : "BONK_USD",
      "m" : "4611686018430589108"
    }, {
      "d" : "1756460055478888774",
      "t" : 1756460055478,
      "tn" : 1756460055478888774,
      "q" : "660000",
      "p" : "0.000020377",
      "s" : "sell",
      "i" : "BONK_USD",
      "m" : "4611686018430589107"
    }, {
      "d" : "1756460055478886949",
      "t" : 1756460055478,
      "tn" : 1756460055478886949,
      "q" : "60000",
      "p" : "0.000020398",
      "s" : "sell",
      "i" : "BONK_USD",
      "m" : "4611686018430589106"
    }, {
      "d" : "1756460055474087724",
      "t" : 1756460055474,
      "tn" : 1756460055474087724,
      "q" : "60000",
      "p" : "0.000020408",
      "s" : "sell",
      "i" : "BONK_USD",
      "m" : "4611686018430589105"
    }, {
      "d" : "1756460055219504687",
      "t" : 1756460055219,
      "tn" : 1756460055219504687,
      "q" : "60000",
      "p" : "0.000020418",
      "s" : "sell",
      "i" : "BONK_USD",
      "m" : "4611686018430589104"
    }, {
      "d" : "1756460053048365435",
      "t" : 1756460053048,
      "tn" : 1756460053048365435,
      "q" : "60000",
      "p" : "0.000020428",
      "s" : "sell",
      "i" : "BONK_USD",
      "m" : "4611686018430589103"
    }, {
      "d" : "1756460041397676610",
      "t" : 1756460041397,
      "tn" : 1756460041397676610,
      "q" : "670000",
      "p" : "0.000020436",
      "s" : "buy",
      "i" : "BONK_USD",
      "m" : "4611686018430589102"
    }, {
      "d" : "1756460041397675065",
      "t" : 1756460041397,
      "tn" : 1756460041397675065,
      "q" : "60000",
      "p" : "0.000020429",
      "s" : "buy",
      "i" : "BONK_USD",
      "m" : "4611686018430589101"
    }, {
      "d" : "1756460040406411891",
      "t" : 1756460040406,
      "tn" : 1756460040406411891,
      "q" : "60000",
      "p" : "0.000020438",
      "s" : "sell",
      "i" : "BONK_USD",
      "m" : "4611686018430589100"
    }, {
      "d" : "1756460023114222979",
      "t" : 1756460023114,
      "tn" : 1756460023114222979,
      "q" : "60000",
      "p" : "0.000020438",
      "s" : "sell",
      "i" : "BONK_USD",
      "m" : "4611686018430589099"
    }, {
      "d" : "1756460018848733886",
      "t" : 1756460018848,
      "tn" : 1756460018848733886,
      "q" : "680000",
      "p" : "0.000020456",
      "s" : "buy",
      "i" : "BONK_USD",
      "m" : "4611686018430589098"
    }, {
      "d" : "1756460018848732278",
      "t" : 1756460018848,
      "tn" : 1756460018848732278,
      "q" : "60000",
      "p" : "0.000020439",
      "s" : "buy",
      "i" : "BONK_USD",
      "m" : "4611686018430589097"
    }, {
      "d" : "1756460014142883715",
      "t" : 1756460014142,
      "tn" : 1756460014142883715,
      "q" : "720000",
      "p" : "0.000020431",
      "s" : "buy",
      "i" : "BONK_USD",
      "m" : "4611686018430589096"
    }, {
      "d" : "1756460014141108588",
      "t" : 1756460014141,
      "tn" : 1756460014141108588,
      "q" : "60000",
      "p" : "0.000020429",
      "s" : "buy",
      "i" : "BONK_USD",
      "m" : "4611686018430589095"
    }, {
      "d" : "1756460013732075478",
      "t" : 1756460013732,
      "tn" : 1756460013732075478,
      "q" : "1630000",
      "p" : "0.000020429",
      "s" : "buy",
      "i" : "BONK_USD",
      "m" : "4611686018430589094"
    }, {
      "d" : "1756460012416039343",
      "t" : 1756460012416,
      "tn" : 1756460012416039343,
      "q" : "60000",
      "p" : "0.000020438",
      "s" : "sell",
      "i" : "BONK_USD",
      "m" : "4611686018430589093"
    }, {
      "d" : "1756459994244489669",
      "t" : 1756459994244,
      "tn" : 1756459994244489669,
      "q" : "720000",
      "p" : "0.000020428",
      "s" : "sell",
      "i" : "BONK_USD",
      "m" : "4611686018430589092"
    }, {
      "d" : "1756459970891047335",
      "t" : 1756459970891,
      "tn" : 1756459970891047335,
      "q" : "60000",
      "p" : "0.000020448",
      "s" : "sell",
      "i" : "BONK_USD",
      "m" : "4611686018430589091"
    }, {
      "d" : "1756459967935184689",
      "t" : 1756459967935,
      "tn" : 1756459967935184689,
      "q" : "720000",
      "p" : "0.000020449",
      "s" : "buy",
      "i" : "BONK_USD",
      "m" : "4611686018430589090"
    }, {
      "d" : "1756459967934743450",
      "t" : 1756459967934,
      "tn" : 1756459967934743450,
      "q" : "60000",
      "p" : "0.000020439",
      "s" : "buy",
      "i" : "BONK_USD",
      "m" : "4611686018430589089"
    }, {
      "d" : "1756459958987352953",
      "t" : 1756459958987,
      "tn" : 1756459958987352953,
      "q" : "60000",
      "p" : "0.000020438",
      "s" : "sell",
      "i" : "BONK_USD",
      "m" : "4611686018430589088"
    }, {
      "d" : "1756459955777809210",
      "t" : 1756459955777,
      "tn" : 1756459955777809210,
      "q" : "60000",
      "p" : "0.000020438",
      "s" : "sell",
      "i" : "BONK_USD",
      "m" : "4611686018430589087"
    }, {
      "d" : "1756459949074043321",
      "t" : 1756459949074,
      "tn" : 1756459949074043321,
      "q" : "60000",
      "p" : "0.000020428",
      "s" : "sell",
      "i" : "BONK_USD",
      "m" : "4611686018430589086"
    }, {
      "d" : "1756459949072375828",
      "t" : 1756459949072,
      "tn" : 1756459949072375828,
      "q" : "60000",
      "p" : "0.000020428",
      "s" : "sell",
      "i" : "BONK_USD",
      "m" : "4611686018430589085"
    }, {
      "d" : "1756459940840582681",
      "t" : 1756459940840,
      "tn" : 1756459940840582681,
      "q" : "60000",
      "p" : "0.000020438",
      "s" : "sell",
      "i" : "BONK_USD",
      "m" : "4611686018430589084"
    }, {
      "d" : "1756459921160168822",
      "t" : 1756459921160,
      "tn" : 1756459921160168822,
      "q" : "60000",
      "p" : "0.000020468",
      "s" : "sell",
      "i" : "BONK_USD",
      "m" : "4611686018430589083"
    }, {
      "d" : "1756459905131518385",
      "t" : 1756459905131,
      "tn" : 1756459905131518385,
      "q" : "720000",
      "p" : "0.000020438",
      "s" : "sell",
      "i" : "BONK_USD",
      "m" : "4611686018430589082"
    }, {
      "d" : "1756459905131284639",
      "t" : 1756459905131,
      "tn" : 1756459905131284639,
      "q" : "60000",
      "p" : "0.000020468",
      "s" : "sell",
      "i" : "BONK_USD",
      "m" : "4611686018430589081"
    }, {
      "d" : "1756459900220420421",
      "t" : 1756459900220,
      "tn" : 1756459900220420421,
      "q" : "60000",
      "p" : "0.000020487",
      "s" : "sell",
      "i" : "BONK_USD",
      "m" : "4611686018430589080"
    }, {
      "d" : "1756459882946249685",
      "t" : 1756459882946,
      "tn" : 1756459882946249685,
      "q" : "60000",
      "p" : "0.000020494",
      "s" : "sell",
      "i" : "BONK_USD",
      "m" : "4611686018430589079"
    }, {
      "d" : "1756459879901910837",
      "t" : 1756459879901,
      "tn" : 1756459879901910837,
      "q" : "670000",
      "p" : "0.000020506",
      "s" : "buy",
      "i" : "BONK_USD",
      "m" : "4611686018430589078"
    }, {
      "d" : "1756459879901908318",
      "t" : 1756459879901,
      "tn" : 1756459879901908318,
      "q" : "60000",
      "p" : "0.000020489",
      "s" : "buy",
      "i" : "BONK_USD",
      "m" : "4611686018430589077"
    }, {
      "d" : "1756459877140412841",
      "t" : 1756459877140,
      "tn" : 1756459877140412841,
      "q" : "60000",
      "p" : "0.000020488",
      "s" : "sell",
      "i" : "BONK_USD",
      "m" : "4611686018430589076"
    }, {
      "d" : "1756459873844338834",
      "t" : 1756459873844,
      "tn" : 1756459873844338834,
      "q" : "60000",
      "p" : "0.000020517",
      "s" : "sell",
      "i" : "BONK_USD",
      "m" : "4611686018430589075"
    }, {
      "d" : "1756459864481095003",
      "t" : 1756459864481,
      "tn" : 1756459864481095003,
      "q" : "60000",
      "p" : "0.000020527",
      "s" : "sell",
      "i" : "BONK_USD",
      "m" : "4611686018430589074"
    }, {
      "d" : "1756459862980299758",
      "t" : 1756459862980,
      "tn" : 1756459862980299758,
      "q" : "670000",
      "p" : "0.000020533",
      "s" : "buy",
      "i" : "BONK_USD",
      "m" : "4611686018430589073"
    }, {
      "d" : "1756459862980298162",
      "t" : 1756459862980,
      "tn" : 1756459862980298162,
      "q" : "60000",
      "p" : "0.000020529",
      "s" : "buy",
      "i" : "BONK_USD",
      "m" : "4611686018430589072"
    }, {
      "d" : "1756459854433746612",
      "t" : 1756459854433,
      "tn" : 1756459854433746612,
      "q" : "8300000",
      "p" : "0.000020508",
      "s" : "buy",
      "i" : "BONK_USD",
      "m" : "4611686018430589071"
    }, {
      "d" : "1756459854317934876",
      "t" : 1756459854317,
      "tn" : 1756459854317934876,
      "q" : "12240000",
      "p" : "0.000020508",
      "s" : "buy",
      "i" : "BONK_USD",
      "m" : "4611686018430589070"
    }, {
      "d" : "1756459854316017901",
      "t" : 1756459854316,
      "tn" : 1756459854316017901,
      "q" : "15790000",
      "p" : "0.000020508",
      "s" : "buy",
      "i" : "BONK_USD",
      "m" : "4611686018430589069"
    }, {
      "d" : "1756459853976717391",
      "t" : 1756459853976,
      "tn" : 1756459853976717391,
      "q" : "12730000",
      "p" : "0.000020508",
      "s" : "buy",
      "i" : "BONK_USD",
      "m" : "4611686018430589068"
    }, {
      "d" : "1756459853974207226",
      "t" : 1756459853974,
      "tn" : 1756459853974207226,
      "q" : "730000",
      "p" : "0.000020508",
      "s" : "buy",
      "i" : "BONK_USD",
      "m" : "4611686018430589067"
    }, {
      "d" : "1756459853321171571",
      "t" : 1756459853321,
      "tn" : 1756459853321171571,
      "q" : "60000",
      "p" : "0.000020505",
      "s" : "sell",
      "i" : "BONK_USD",
      "m" : "4611686018430589066"
    }, {
      "d" : "1756459851864134002",
      "t" : 1756459851864,
      "tn" : 1756459851864134002,
      "q" : "60000",
      "p" : "0.000020508",
      "s" : "sell",
      "i" : "BONK_USD",
      "m" : "4611686018430589065"
    }, {
      "d" : "1756459842315446718",
      "t" : 1756459842315,
      "tn" : 1756459842315446718,
      "q" : "60000",
      "p" : "0.000020508",
      "s" : "sell",
      "i" : "BONK_USD",
      "m" : "4611686018430589064"
    }, {
      "d" : "1756459813489458380",
      "t" : 1756459813489,
      "tn" : 1756459813489458380,
      "q" : "60000",
      "p" : "0.000020507",
      "s" : "sell",
      "i" : "BONK_USD",
      "m" : "4611686018430589063"
    }, {
      "d" : "1756459807275071049",
      "t" : 1756459807275,
      "tn" : 1756459807275071049,
      "q" : "60000",
      "p" : "0.000020517",
      "s" : "sell",
      "i" : "BONK_USD",
      "m" : "4611686018430589062"
    }, {
      "d" : "1756459772705042745",
      "t" : 1756459772705,
      "tn" : 1756459772705042745,
      "q" : "670000",
      "p" : "0.000020525",
      "s" : "buy",
      "i" : "BONK_USD",
      "m" : "4611686018430589061"
    }, {
      "d" : "1756459772705040536",
      "t" : 1756459772705,
      "tn" : 1756459772705040536,
      "q" : "60000",
      "p" : "0.000020519",
      "s" : "buy",
      "i" : "BONK_USD",
      "m" : "4611686018430589060"
    }, {
      "d" : "1756459746735006154",
      "t" : 1756459746735,
      "tn" : 1756459746735006154,
      "q" : "60000",
      "p" : "0.000020498",
      "s" : "sell",
      "i" : "BONK_USD",
      "m" : "4611686018430589059"
    }, {
      "d" : "1756459746588916111",
      "t" : 1756459746588,
      "tn" : 1756459746588916111,
      "q" : "60000",
      "p" : "0.000020498",
      "s" : "sell",
      "i" : "BONK_USD",
      "m" : "4611686018430589058"
    }, {
      "d" : "1756459734824976891",
      "t" : 1756459734824,
      "tn" : 1756459734824976891,
      "q" : "60000",
      "p" : "0.000020488",
      "s" : "sell",
      "i" : "BONK_USD",
      "m" : "4611686018430589057"
    }, {
      "d" : "1756459722194307352",
      "t" : 1756459722194,
      "tn" : 1756459722194307352,
      "q" : "60000",
      "p" : "0.000020487",
      "s" : "sell",
      "i" : "BONK_USD",
      "m" : "4611686018430589056"
    }, {
      "d" : "1756459720539752703",
      "t" : 1756459720539,
      "tn" : 1756459720539752703,
      "q" : "60000",
      "p" : "0.000020487",
      "s" : "sell",
      "i" : "BONK_USD",
      "m" : "4611686018430589055"
    }, {
      "d" : "1756459710362224430",
      "t" : 1756459710362,
      "tn" : 1756459710362224430,
      "q" : "60000",
      "p" : "0.000020487",
      "s" : "sell",
      "i" : "BONK_USD",
      "m" : "4611686018430589054"
    }, {
      "d" : "1756459700671051589",
      "t" : 1756459700671,
      "tn" : 1756459700671051589,
      "q" : "60000",
      "p" : "0.000020488",
      "s" : "sell",
      "i" : "BONK_USD",
      "m" : "4611686018430589053"
    }, {
      "d" : "1756459683014904491",
      "t" : 1756459683014,
      "tn" : 1756459683014904491,
      "q" : "60000",
      "p" : "0.000020462",
      "s" : "sell",
      "i" : "BONK_USD",
      "m" : "4611686018430589052"
    }, {
      "d" : "1756459682942470600",
      "t" : 1756459682942,
      "tn" : 1756459682942470600,
      "q" : "10950000",
      "p" : "0.000020453",
      "s" : "sell",
      "i" : "BONK_USD",
      "m" : "4611686018430589051"
    }, {
      "d" : "1756459682942468169",
      "t" : 1756459682942,
      "tn" : 1756459682942468169,
      "q" : "60000",
      "p" : "0.000020458",
      "s" : "sell",
      "i" : "BONK_USD",
      "m" : "4611686018430589050"
    }, {
      "d" : "1756459665592285657",
      "t" : 1756459665592,
      "tn" : 1756459665592285657,
      "q" : "60000",
      "p" : "0.000020468",
      "s" : "sell",
      "i" : "BONK_USD",
      "m" : "4611686018430589049"
    }, {
      "d" : "1756459654708954754",
      "t" : 1756459654708,
      "tn" : 1756459654708954754,
      "q" : "60000",
      "p" : "0.000020468",
      "s" : "sell",
      "i" : "BONK_USD",
      "m" : "4611686018430589048"
    }, {
      "d" : "1756459650935181105",
      "t" : 1756459650935,
      "tn" : 1756459650935181105,
      "q" : "60000",
      "p" : "0.000020478",
      "s" : "sell",
      "i" : "BONK_USD",
      "m" : "4611686018430589047"
    }, {
      "d" : "1756459640244101506",
      "t" : 1756459640244,
      "tn" : 1756459640244101506,
      "q" : "60000",
      "p" : "0.000020478",
      "s" : "sell",
      "i" : "BONK_USD",
      "m" : "4611686018430589046"
    }, {
      "d" : "1756459637412264155",
      "t" : 1756459637412,
      "tn" : 1756459637412264155,
      "q" : "60000",
      "p" : "0.000020488",
      "s" : "sell",
      "i" : "BONK_USD",
      "m" : "4611686018430589045"
    }, {
      "d" : "1756459630918906671",
      "t" : 1756459630918,
      "tn" : 1756459630918906671,
      "q" : "1410000",
      "p" : "0.000020478",
      "s" : "buy",
      "i" : "BONK_USD",
      "m" : "4611686018430589044"
    }, {
      "d" : "1756459630839400243",
      "t" : 1756459630839,
      "tn" : 1756459630839400243,
      "q" : "730000",
      "p" : "0.000020478",
      "s" : "buy",
      "i" : "BONK_USD",
      "m" : "4611686018430589043"
    }, {
      "d" : "1756459629257676918",
      "t" : 1756459629257,
      "tn" : 1756459629257676918,
      "q" : "60000",
      "p" : "0.000020478",
      "s" : "sell",
      "i" : "BONK_USD",
      "m" : "4611686018430589042"
    }, {
      "d" : "1756459623160469438",
      "t" : 1756459623160,
      "tn" : 1756459623160469438,
      "q" : "60000",
      "p" : "0.000020478",
      "s" : "sell",
      "i" : "BONK_USD",
      "m" : "4611686018430589041"
    }, {
      "d" : "1756459617194109081",
      "t" : 1756459617194,
      "tn" : 1756459617194109081,
      "q" : "60000",
      "p" : "0.000020488",
      "s" : "sell",
      "i" : "BONK_USD",
      "m" : "4611686018430589040"
    }, {
      "d" : "1756459604299386631",
      "t" : 1756459604299,
      "tn" : 1756459604299386631,
      "q" : "60000",
      "p" : "0.000020498",
      "s" : "sell",
      "i" : "BONK_USD",
      "m" : "4611686018430589039"
    }, {
      "d" : "1756459604111405708",
      "t" : 1756459604111,
      "tn" : 1756459604111405708,
      "q" : "680000",
      "p" : "0.000020483",
      "s" : "sell",
      "i" : "BONK_USD",
      "m" : "4611686018430589038"
    }, {
      "d" : "1756459604111403403",
      "t" : 1756459604111,
      "tn" : 1756459604111403403,
      "q" : "60000",
      "p" : "0.000020498",
      "s" : "sell",
      "i" : "BONK_USD",
      "m" : "4611686018430589037"
    }, {
      "d" : "1756459603192963681",
      "t" : 1756459603192,
      "tn" : 1756459603192963681,
      "q" : "670000",
      "p" : "0.000020490",
      "s" : "sell",
      "i" : "BONK_USD",
      "m" : "4611686018430589036"
    }, {
      "d" : "1756459603192961762",
      "t" : 1756459603192,
      "tn" : 1756459603192961762,
      "q" : "60000",
      "p" : "0.000020498",
      "s" : "sell",
      "i" : "BONK_USD",
      "m" : "4611686018430589035"
    }, {
      "d" : "1756459603132223097",
      "t" : 1756459603132,
      "tn" : 1756459603132223097,
      "q" : "60000",
      "p" : "0.000020508",
      "s" : "sell",
      "i" : "BONK_USD",
      "m" : "4611686018430589034"
    }, {
      "d" : "1756459601411915314",
      "t" : 1756459601411,
      "tn" : 1756459601411915314,
      "q" : "670000",
      "p" : "0.000020502",
      "s" : "sell",
      "i" : "BONK_USD",
      "m" : "4611686018430589033"
    }, {
      "d" : "1756459601411914784",
      "t" : 1756459601411,
      "tn" : 1756459601411914784,
      "q" : "60000",
      "p" : "0.000020508",
      "s" : "sell",
      "i" : "BONK_USD",
      "m" : "4611686018430589032"
    }, {
      "d" : "1756459601407522857",
      "t" : 1756459601407,
      "tn" : 1756459601407522857,
      "q" : "60000",
      "p" : "0.000020518",
      "s" : "sell",
      "i" : "BONK_USD",
      "m" : "4611686018430589031"
    }, {
      "d" : "1756459587004147022",
      "t" : 1756459587004,
      "tn" : 1756459587004147022,
      "q" : "60000",
      "p" : "0.000020527",
      "s" : "sell",
      "i" : "BONK_USD",
      "m" : "4611686018430589030"
    }, {
      "d" : "1756459576072171843",
      "t" : 1756459576072,
      "tn" : 1756459576072171843,
      "q" : "60000",
      "p" : "0.000020528",
      "s" : "sell",
      "i" : "BONK_USD",
      "m" : "4611686018430589029"
    }, {
      "d" : "1756459563654400543",
      "t" : 1756459563654,
      "tn" : 1756459563654400543,
      "q" : "60000",
      "p" : "0.000020528",
      "s" : "sell",
      "i" : "BONK_USD",
      "m" : "4611686018430589028"
    }, {
      "d" : "1756459562252801808",
      "t" : 1756459562252,
      "tn" : 1756459562252801808,
      "q" : "730000",
      "p" : "0.000020522",
      "s" : "sell",
      "i" : "BONK_USD",
      "m" : "4611686018430589027"
    }, {
      "d" : "1756459557660177832",
      "t" : 1756459557660,
      "tn" : 1756459557660177832,
      "q" : "60000",
      "p" : "0.000020538",
      "s" : "sell",
      "i" : "BONK_USD",
      "m" : "4611686018430589026"
    }, {
      "d" : "1756459551736192208",
      "t" : 1756459551736,
      "tn" : 1756459551736192208,
      "q" : "60000",
      "p" : "0.000020538",
      "s" : "sell",
      "i" : "BONK_USD",
      "m" : "4611686018430589025"
    }, {
      "d" : "1756459545691175975",
      "t" : 1756459545691,
      "tn" : 1756459545691175975,
      "q" : "60000",
      "p" : "0.000020515",
      "s" : "sell",
      "i" : "BONK_USD",
      "m" : "4611686018430589024"
    }, {
      "d" : "1756459545555666787",
      "t" : 1756459545555,
      "tn" : 1756459545555666787,
      "q" : "60000",
      "p" : "0.000020515",
      "s" : "sell",
      "i" : "BONK_USD",
      "m" : "4611686018430589023"
    }, {
      "d" : "1756459539802203338",
      "t" : 1756459539802,
      "tn" : 1756459539802203338,
      "q" : "60000",
      "p" : "0.000020507",
      "s" : "sell",
      "i" : "BONK_USD",
      "m" : "4611686018430589022"
    }, {
      "d" : "1756459533986909286",
      "t" : 1756459533986,
      "tn" : 1756459533986909286,
      "q" : "730000",
      "p" : "0.000020485",
      "s" : "sell",
      "i" : "BONK_USD",
      "m" : "4611686018430589021"
    }, {
      "d" : "1756459533978474056",
      "t" : 1756459533978,
      "tn" : 1756459533978474056,
      "q" : "60000",
      "p" : "0.000020507",
      "s" : "sell",
      "i" : "BONK_USD",
      "m" : "4611686018430589020"
    }, {
      "d" : "1756459530793113128",
      "t" : 1756459530793,
      "tn" : 1756459530793113128,
      "q" : "60000",
      "p" : "0.000020507",
      "s" : "sell",
      "i" : "BONK_USD",
      "m" : "4611686018430589019"
    }, {
      "d" : "1756459517610080958",
      "t" : 1756459517610,
      "tn" : 1756459517610080958,
      "q" : "60000",
      "p" : "0.000020497",
      "s" : "sell",
      "i" : "BONK_USD",
      "m" : "4611686018430589018"
    }, {
      "d" : "1756459514058198488",
      "t" : 1756459514058,
      "tn" : 1756459514058198488,
      "q" : "60000",
      "p" : "0.000020497",
      "s" : "sell",
      "i" : "BONK_USD",
      "m" : "4611686018430589017"
    }, {
      "d" : "1756459507542134588",
      "t" : 1756459507542,
      "tn" : 1756459507542134588,
      "q" : "60000",
      "p" : "0.000020488",
      "s" : "sell",
      "i" : "BONK_USD",
      "m" : "4611686018430589016"
    }, {
      "d" : "1756459504099253734",
      "t" : 1756459504099,
      "tn" : 1756459504099253734,
      "q" : "60000",
      "p" : "0.000020508",
      "s" : "sell",
      "i" : "BONK_USD",
      "m" : "4611686018430589015"
    }, {
      "d" : "1756459504013929302",
      "t" : 1756459504013,
      "tn" : 1756459504013929302,
      "q" : "660000",
      "p" : "0.000020493",
      "s" : "sell",
      "i" : "BONK_USD",
      "m" : "4611686018430589014"
    }, {
      "d" : "1756459504013927663",
      "t" : 1756459504013,
      "tn" : 1756459504013927663,
      "q" : "60000",
      "p" : "0.000020508",
      "s" : "sell",
      "i" : "BONK_USD",
      "m" : "4611686018430589013"
    }, {
      "d" : "1756459502241316502",
      "t" : 1756459502241,
      "tn" : 1756459502241316502,
      "q" : "60000",
      "p" : "0.000020508",
      "s" : "sell",
      "i" : "BONK_USD",
      "m" : "4611686018430589012"
    }, {
      "d" : "1756459491559374146",
      "t" : 1756459491559,
      "tn" : 1756459491559374146,
      "q" : "60000",
      "p" : "0.000020497",
      "s" : "sell",
      "i" : "BONK_USD",
      "m" : "4611686018430589011"
    }, {
      "d" : "1756459478762320505",
      "t" : 1756459478762,
      "tn" : 1756459478762320505,
      "q" : "60000",
      "p" : "0.000020488",
      "s" : "sell",
      "i" : "BONK_USD",
      "m" : "4611686018430589010"
    }, {
      "d" : "1756459478235181708",
      "t" : 1756459478235,
      "tn" : 1756459478235181708,
      "q" : "60000",
      "p" : "0.000020488",
      "s" : "sell",
      "i" : "BONK_USD",
      "m" : "4611686018430589009"
    }, {
      "d" : "1756459475127307758",
      "t" : 1756459475127,
      "tn" : 1756459475127307758,
      "q" : "60000",
      "p" : "0.000020498",
      "s" : "sell",
      "i" : "BONK_USD",
      "m" : "4611686018430589008"
    }, {
      "d" : "1756459472819085776",
      "t" : 1756459472819,
      "tn" : 1756459472819085776,
      "q" : "60000",
      "p" : "0.000020498",
      "s" : "sell",
      "i" : "BONK_USD",
      "m" : "4611686018430589007"
    } ]
  }
}