{
  "id" : -1,
  "method" : "public/get-trades",
  "code" : 0,
  "result" : {
    "data" : [ {
      "d" : "1756460422046221261",
      "t" : 1756460422046,
      "tn" : 1756460422046221261,
      "q" : "100000",
      "p" : "0.000020429",
      "s" : "buy",
      "i" : "BONKUSD-PERP",
      "m" : "4611686018430530532"
    }, {
      "d" : "1756460414592150157",
      "t" : 1756460414592,
      "tn" : 1756460414592150157,
      "q" : "100000",
      "p" : "0.000020441",
      "s" : "sell",
      "i" : "BONKUSD-PERP",
      "m" : "4611686018430530531"
    }, {
      "d" : "1756460397462321109",
      "t" : 1756460397462,
      "tn" : 1756460397462321109,
      "q" : "100000",
      "p" : "0.000020412",
      "s" : "buy",
      "i" : "BONKUSD-PERP",
      "m" : "4611686018430530530"
    }, {
      "d" : "1756460396975525970",
      "t" : 1756460396975,
      "tn" : 1756460396975525970,
      "q" : "100000",
      "p" : "0.000020410",
      "s" : "buy",
      "i" : "BONKUSD-PERP",
      "m" : "4611686018430530529"
    }, {
      "d" : "1756460386728724794",
      "t" : 1756460386728,
      "tn" : 1756460386728724794,
      "q" : "100000",
      "p" : "0.000020410",
      "s" : "sell",
      "i" : "BONKUSD-PERP",
      "m" : "4611686018430530528"
    }, {
      "d" : "1756460386602883201",
      "t" : 1756460386602,
      "tn" : 1756460386602883201,
      "q" : "100000",
      "p" : "0.000020410",
      "s" : "sell",
      "i" : "BONKUSD-PERP",
      "m" : "4611686018430530527"
    }, {
      "d" : "1756460380545951876",
      "t" : 1756460380545,
      "tn" : 1756460380545951876,
      "q" : "100000",
      "p" : "0.000020409",
      "s" : "buy",
      "i" : "BONKUSD-PERP",
      "m" : "4611686018430530526"
    }, {
      "d" : "1756460378245218597",
      "t" : 1756460378245,
      "tn" : 1756460378245218597,
      "q" : "100000",
      "p" : "0.000020400",
      "s" : "buy",
      "i" : "BONKUSD-PERP",
      "m" : "4611686018430530525"
    }, {
      "d" : "1756460370242529911",
      "t" : 1756460370242,
      "tn" : 1756460370242529911,
      "q" : "100000",
      "p" : "0.000020394",
      "s" : "buy",
      "i" : "BONKUSD-PERP",
      "m" : "4611686018430530524"
    }, {
      "d" : "1756460362675320678",
      "t" : 1756460362675,
      "tn" : 1756460362675320678,
      "q" : "100000",
      "p" : "0.000020388",
      "s" : "buy",
      "i" : "BONKUSD-PERP",
      "m" : "4611686018430530523"
    }, {
      "d" : "1756460352354744260",
      "t" : 1756460352354,
      "tn" : 1756460352354744260,
      "q" : "100000",
      "p" : "0.000020394",
      "s" : "sell",
      "i" : "BONKUSD-PERP",
      "m" : "4611686018430530522"
    }, {
      "d" : "1756460349800252859",
      "t" : 1756460349800,
      "tn" : 1756460349800252859,
      "q" : "100000",
      "p" : "0.000020405",
      "s" : "sell",
      "i" : "BONKUSD-PERP",
      "m" : "4611686018430530521"
    }, {
      "d" : "1756460348891597814",
      "t" : 1756460348891,
      "tn" : 1756460348891597814,
      "q" : "100000",
      "p" : "0.000020408",
      "s" : "sell",
      "i" : "BONKUSD-PERP",
      "m" : "4611686018430530520"
    }, {
      "d" : "1756460348198269685",
      "t" : 1756460348198,
      "tn" : 1756460348198269685,
      "q" : "100000",
      "p" : "0.000020410",
      "s" : "sell",
      "i" : "BONKUSD-PERP",
      "m" : "4611686018430530519"
    }, {
      "d" : "1756460342522131993",
      "t" : 1756460342522,
      "tn" : 1756460342522131993,
      "q" : "100000",
      "p" : "0.000020411",
      "s" : "buy",
      "i" : "BONKUSD-PERP",
      "m" : "4611686018430530518"
    }, {
      "d" : "1756460340554856175",
      "t" : 1756460340554,
      "tn" : 1756460340554856175,
      "q" : "100000",
      "p" : "0.000020405",
      "s" : "buy",
      "i" : "BONKUSD-PERP",
      "m" : "4611686018430530517"
    }, {
      "d" : "1756460340440822292",
      "t" : 1756460340440,
      "tn" : 1756460340440822292,
      "q" : "100000",
      "p" : "0.000020402",
      "s" : "buy",
      "i" : "BONKUSD-PERP",
      "m" : "4611686018430530516"
    }, {
      "d" : "1756460338162048473",
      "t" : 1756460338162,
      "tn" : 1756460338162048473,
      "q" : "100000",
      "p" : "0.000020397",
      "s" : "buy",
      "i" : "BONKUSD-PERP",
      "m" : "4611686018430530515"
    }, {
      "d" : "1756460333035742133",
      "t" : 1756460333035,
      "tn" : 1756460333035742133,
      "q" : "100000",
      "p" : "0.000020400",
      "s" : "sell",
      "i" : "BONKUSD-PERP",
      "m" : "4611686018430530514"
    }, {
      "d" : "1756460321080411701",
      "t" : 1756460321080,
      "tn" : 1756460321080411701,
      "q" : "100000",
      "p" : "0.000020401",
      "s" : "buy",
      "i" : "BONKUSD-PERP",
      "m" : "4611686018430530513"
    }, {
      "d" : "1756460319235165438",
      "t" : 1756460319235,
      "tn" : 1756460319235165438,
      "q" : "100000",
      "p" : "0.000020398",
      "s" : "buy",
      "i" : "BONKUSD-PERP",
      "m" : "4611686018430530512"
    }, {
      "d" : "1756460316215612338",
      "t" : 1756460316215,
      "tn" : 1756460316215612338,
      "q" : "100000",
      "p" : "0.000020405",
      "s" : "sell",
      "i" : "BONKUSD-PERP",
      "m" : "4611686018430530511"
    }, {
      "d" : "1756460314790853305",
      "t" : 1756460314790,
      "tn" : 1756460314790853305,
      "q" : "100000",
      "p" : "0.000020410",
      "s" : "sell",
      "i" : "BONKUSD-PERP",
      "m" : "4611686018430530510"
    }, {
      "d" : "1756460310625827353",
      "t" : 1756460310625,
      "tn" : 1756460310625827353,
      "q" : "100000",
      "p" : "0.000020407",
      "s" : "buy",
      "i" : "BONKUSD-PERP",
      "m" : "4611686018430530509"
    }, {
      "d" : "1756460303572184623",
      "t" : 1756460303572,
      "tn" : 1756460303572184623,
      "q" : "100000",
      "p" : "0.000020410",
      "s" : "sell",
      "i" : "BONKUSD-PERP",
      "m" : "4611686018430530508"
    }, {
      "d" : "1756460302515655561",
      "t" : 1756460302515,
      "tn" : 1756460302515655561,
      "q" : "100000",
      "p" : "0.000020416",
      "s" : "sell",
      "i" : "BONKUSD-PERP",
      "m" : "4611686018430530507"
    }, {
      "d" : "1756460301427879479",
      "t" : 1756460301427,
      "tn" : 1756460301427879479,
      "q" : "100000",
      "p" : "0.000020420",
      "s" : "sell",
      "i" : "BONKUSD-PERP",
      "m" : "4611686018430530506"
    }, {
      "d" : "1756460301280185306",
      "t" : 1756460301280,
      "tn" : 1756460301280185306,
      "q" : "100000",
      "p" : "0.000020421",
      "s" : "sell",
      "i" : "BONKUSD-PERP",
      "m" : "4611686018430530505"
    }, {
      "d" : "1756460278685292204",
      "t" : 1756460278685,
      "tn" : 1756460278685292204,
      "q" : "100000",
      "p" : "0.000020417",
      "s" : "buy",
      "i" : "BONKUSD-PERP",
      "m" : "4611686018430530504"
    }, {
      "d" : "1756460263571486967",
      "t" : 1756460263571,
      "tn" : 1756460263571486967,
      "q" : "100000",
      "p" : "0.000020421",
      "s" : "sell",
      "i" : "BONKUSD-PERP",
      "m" : "4611686018430530503"
    }, {
      "d" : "1756460234663069565",
      "t" : 1756460234663,
      "tn" : 1756460234663069565,
      "q" : "100000",
      "p" : "0.000020397",
      "s" : "buy",
      "i" : "BONKUSD-PERP",
      "m" : "4611686018430530502"
    }, {
      "d" : "1756460224251693348",
      "t" : 1756460224251,
      "tn" : 1756460224251693348,
      "q" : "100000",
      "p" : "0.000020390",
      "s" : "sell",
      "i" : "BONKUSD-PERP",
      "m" : "4611686018430530501"
    }, {
      "d" : "1756460221872510967",
      "t" : 1756460221872,
      "tn" : 1756460221872510967,
      "q" : "100000",
      "p" : "0.000020387",
      "s" : "buy",
      "i" : "BONKUSD-PERP",
      "m" : "4611686018430530500"
    }, {
      "d" : "1756460219834558457",
      "t" : 1756460219834,
      "tn" : 1756460219834558457,
      "q" : "100000",
      "p" : "0.000020382",
      "s" : "buy",
      "i" : "BONKUSD-PERP",
      "m" : "4611686018430530499"
    }, {
      "d" : "1756460217087031075",
      "t" : 1756460217087,
      "tn" : 1756460217087031075,
      "q" : "100000",
      "p" : "0.000020378",
      "s" : "buy",
      "i" : "BONKUSD-PERP",
      "m" : "4611686018430530498"
    }, {
      "d" : "1756460211626984499",
      "t" : 1756460211626,
      "tn" : 1756460211626984499,
      "q" : "100000",
      "p" : "0.000020378",
      "s" : "buy",
      "i" : "BONKUSD-PERP",
      "m" : "4611686018430530497"
    }, {
      "d" : "1756460210361014315",
      "t" : 1756460210361,
      "tn" : 1756460210361014315,
      "q" : "100000",
      "p" : "0.000020376",
      "s" : "buy",
      "i" : "BONKUSD-PERP",
      "m" : "4611686018430530496"
    }, {
      "d" : "1756460208046144134",
      "t" : 1756460208046,
      "tn" : 1756460208046144134,
      "q" : "100000",
      "p" : "0.000020381",
      "s" : "sell",
      "i" : "BONKUSD-PERP",
      "m" : "4611686018430530495"
    }, {
      "d" : "1756460207510976037",
      "t" : 1756460207510,
      "tn" : 1756460207510976037,
      "q" : "100000",
      "p" : "0.000020380",
      "s" : "buy",
      "i" : "BONKUSD-PERP",
      "m" : "4611686018430530494"
    }, {
      "d" : "1756460206891488926",
      "t" : 1756460206891,
      "tn" : 1756460206891488926,
      "q" : "100000",
      "p" : "0.000020390",
      "s" : "sell",
      "i" : "BONKUSD-PERP",
      "m" : "4611686018430530493"
    }, {
      "d" : "1756460206891486882",
      "t" : 1756460206891,
      "tn" : 1756460206891486882,
      "q" : "100000",
      "p" : "0.000020391",
      "s" : "sell",
      "i" : "BONKUSD-PERP",
      "m" : "4611686018430530492"
    }, {
      "d" : "1756460204093466290",
      "t" : 1756460204093,
      "tn" : 1756460204093466290,
      "q" : "100000",
      "p" : "0.000020386",
      "s" : "buy",
      "i" : "BONKUSD-PERP",
      "m" : "4611686018430530491"
    }, {
      "d" : "1756460203728101422",
      "t" : 1756460203728,
      "tn" : 1756460203728101422,
      "q" : "100000",
      "p" : "0.000020391",
      "s" : "sell",
      "i" : "BONKUSD-PERP",
      "m" : "4611686018430530490"
    }, {
      "d" : "1756460203133778076",
      "t" : 1756460203133,
      "tn" : 1756460203133778076,
      "q" : "100000",
      "p" : "0.000020394",
      "s" : "sell",
      "i" : "BONKUSD-PERP",
      "m" : "4611686018430530489"
    }, {
      "d" : "1756460201554033981",
      "t" : 1756460201554,
      "tn" : 1756460201554033981,
      "q" : "100000",
      "p" : "0.000020402",
      "s" : "sell",
      "i" : "BONKUSD-PERP",
      "m" : "4611686018430530488"
    }, {
      "d" : "1756460192794752300",
      "t" : 1756460192794,
      "tn" : 1756460192794752300,
      "q" : "100000",
      "p" : "0.000020411",
      "s" : "sell",
      "i" : "BONKUSD-PERP",
      "m" : "4611686018430530487"
    }, {
      "d" : "1756460192532537685",
      "t" : 1756460192532,
      "tn" : 1756460192532537685,
      "q" : "100000",
      "p" : "0.000020408",
      "s" : "buy",
      "i" : "BONKUSD-PERP",
      "m" : "4611686018430530486"
    }, {
      "d" : "1756460191485732851",
      "t" : 1756460191485,
      "tn" : 1756460191485732851,
      "q" : "100000",
      "p" : "0.000020410",
      "s" : "sell",
      "i" : "BONKUSD-PERP",
      "m" : "4611686018430530485"
    }, {
      "d" : "1756460185387727928",
      "t" : 1756460185387,
      "tn" : 1756460185387727928,
      "q" : "100000",
      "p" : "0.000020390",
      "s" : "buy",
      "i" : "BONKUSD-PERP",
      "m" : "4611686018430530484"
    }, {
      "d" : "1756460184436436127",
      "t" : 1756460184436,
      "tn" : 1756460184436436127,
      "q" : "100000",
      "p" : "0.000020382",
      "s" : "buy",
      "i" : "BONKUSD-PERP",
      "m" : "4611686018430530483"
    }, {
      "d" : "1756460183903712539",
      "t" : 1756460183903,
      "tn" : 1756460183903712539,
      "q" : "100000",
      "p" : "0.000020383",
      "s" : "sell",
      "i" : "BONKUSD-PERP",
      "m" : "4611686018430530482"
    }, {
      "d" : "1756460182405702822",
      "t" : 1756460182405,
      "tn" : 1756460182405702822,
      "q" : "100000",
      "p" : "0.000020378",
      "s" : "buy",
      "i" : "BONKUSD-PERP",
      "m" : "4611686018430530481"
    }, {
      "d" : "1756460181552558786",
      "t" : 1756460181552,
      "tn" : 1756460181552558786,
      "q" : "100000",
      "p" : "0.000020371",
      "s" : "buy",
      "i" : "BONKUSD-PERP",
      "m" : "4611686018430530480"
    }, {
      "d" : "1756460181322523751",
      "t" : 1756460181322,
      "tn" : 1756460181322523751,
      "q" : "100000",
      "p" : "0.000020374",
      "s" : "sell",
      "i" : "BONKUSD-PERP",
      "m" : "4611686018430530479"
    }, {
      "d" : "1756460177825133501",
      "t" : 1756460177825,
      "tn" : 1756460177825133501,
      "q" : "100000",
      "p" : "0.000020375",
      "s" : "buy",
      "i" : "BONKUSD-PERP",
      "m" : "4611686018430530478"
    }, {
      "d" : "1756460175259417169",
      "t" : 1756460175259,
      "tn" : 1756460175259417169,
      "q" : "100000",
      "p" : "0.000020370",
      "s" : "sell",
      "i" : "BONKUSD-PERP",
      "m" : "4611686018430530477"
    }, {
      "d" : "1756460175259414912",
      "t" : 1756460175259,
      "tn" : 1756460175259414912,
      "q" : "100000",
      "p" : "0.000020372",
      "s" : "sell",
      "i" : "BONKUSD-PERP",
      "m" : "4611686018430530476"
    }, {
      "d" : "1756460172127741321",
      "t" : 1756460172127,
      "tn" : 1756460172127741321,
      "q" : "100000",
      "p" : "0.000020379",
      "s" : "sell",
      "i" : "BONKUSD-PERP",
      "m" : "4611686018430530475"
    }, {
      "d" : "1756460170286451437",
      "t" : 1756460170286,
      "tn" : 1756460170286451437,
      "q" : "100000",
      "p" : "0.000020380",
      "s" : "sell",
      "i" : "BONKUSD-PERP",
      "m" : "4611686018430530474"
    }, {
      "d" : "1756460169211644265",
      "t" : 1756460169211,
      "tn" : 1756460169211644265,
      "q" : "100000",
      "p" : "0.000020380",
      "s" : "sell",
      "i" : "BONKUSD-PERP",
      "m" : "4611686018430530473"
    }, {
      "d" : "1756460153012509108",
      "t" : 1756460153012,
      "tn" : 1756460153012509108,
      "q" : "100000",
      "p" : "0.000020392",
      "s" : "buy",
      "i" : "BONKUSD-PERP",
      "m" : "4611686018430530472"
    }, {
      "d" : "1756460152180036809",
      "t" : 1756460152180,
      "tn" : 1756460152180036809,
      "q" : "100000",
      "p" : "0.000020389",
      "s" : "buy",
      "i" : "BONKUSD-PERP",
      "m" : "4611686018430530471"
    }, {
      "d" : "1756460150967553597",
      "t" : 1756460150967,
      "tn" : 1756460150967553597,
      "q" : "100000",
      "p" : "0.000020390",
      "s" : "sell",
      "i" : "BONKUSD-PERP",
      "m" : "4611686018430530470"
    }, {
      "d" : "1756460146292273887",
      "t" : 1756460146292,
      "tn" : 1756460146292273887,
      "q" : "100000",
      "p" : "0.000020390",
      "s" : "sell",
      "i" : "BONKUSD-PERP",
      "m" : "4611686018430530469"
    }, {
      "d" : "1756460137434071899",
      "t" : 1756460137434,
      "tn" : 1756460137434071899,
      "q" : "100000",
      "p" : "0.000020393",
      "s" : "buy",
      "i" : "BONKUSD-PERP",
      "m" : "4611686018430530468"
    }, {
      "d" : "1756460136560192534",
      "t" : 1756460136560,
      "tn" : 1756460136560192534,
      "q" : "100000",
      "p" : "0.000020402",
      "s" : "sell",
      "i" : "BONKUSD-PERP",
      "m" : "4611686018430530467"
    }, {
      "d" : "1756460132291056178",
      "t" : 1756460132291,
      "tn" : 1756460132291056178,
      "q" : "100000",
      "p" : "0.000020400",
      "s" : "buy",
      "i" : "BONKUSD-PERP",
      "m" : "4611686018430530466"
    }, {
      "d" : "1756460126473911308",
      "t" : 1756460126473,
      "tn" : 1756460126473911308,
      "q" : "100000",
      "p" : "0.000020401",
      "s" : "sell",
      "i" : "BONKUSD-PERP",
      "m" : "4611686018430530465"
    }, {
      "d" : "1756460091166210147",
      "t" : 1756460091166,
      "tn" : 1756460091166210147,
      "q" : "100000",
      "p" : "0.000020391",
      "s" : "buy",
      "i" : "BONKUSD-PERP",
      "m" : "4611686018430530464"
    }, {
      "d" : "1756460089924673082",
      "t" : 1756460089924,
      "tn" : 1756460089924673082,
      "q" : "100000",
      "p" : "0.000020392",
      "s" : "sell",
      "i" : "BONKUSD-PERP",
      "m" : "4611686018430530463"
    }, {
      "d" : "1756460087285965897",
      "t" : 1756460087285,
      "tn" : 1756460087285965897,
      "q" : "100000",
      "p" : "0.000020389",
      "s" : "buy",
      "i" : "BONKUSD-PERP",
      "m" : "4611686018430530462"
    }, {
      "d" : "1756460087117574814",
      "t" : 1756460087117,
      "tn" : 1756460087117574814,
      "q" : "100000",
      "p" : "0.000020385",
      "s" : "buy",
      "i" : "BONKUSD-PERP",
      "m" : "4611686018430530461"
    }, {
      "d" : "1756460080600909681",
      "t" : 1756460080600,
      "tn" : 1756460080600909681,
      "q" : "100000",
      "p" : "0.000020389",
      "s" : "sell",
      "i" : "BONKUSD-PERP",
      "m" : "4611686018430530460"
    }, {
      "d" : "1756460062010099745",
      "t" : 1756460062010,
      "tn" : 1756460062010099745,
      "q" : "100000",
      "p" : "0.000020397",
      "s" : "buy",
      "i" : "BONKUSD-PERP",
      "m" : "4611686018430530459"
    }, {
      "d" : "1756460061854050206",
      "t" : 1756460061854,
      "tn" : 1756460061854050206,
      "q" : "100000",
      "p" : "0.000020393",
      "s" : "buy",
      "i" : "BONKUSD-PERP",
      "m" : "4611686018430530458"
    }, {
      "d" : "1756460058463731076",
      "t" : 1756460058463,
      "tn" : 1756460058463731076,
      "q" : "100000",
      "p" : "0.000020390",
      "s" : "sell",
      "i" : "BONKUSD-PERP",
      "m" : "4611686018430530457"
    }, {
      "d" : "1756460056029734045",
      "t" : 1756460056029,
      "tn" : 1756460056029734045,
      "q" : "100000",
      "p" : "0.000020391",
      "s" : "buy",
      "i" : "BONKUSD-PERP",
      "m" : "4611686018430530456"
    }, {
      "d" : "1756460055473665595",
      "t" : 1756460055473,
      "tn" : 1756460055473665595,
      "q" : "100000",
      "p" : "0.000020390",
      "s" : "sell",
      "i" : "BONKUSD-PERP",
      "m" : "4611686018430530455"
    }, {
      "d" : "1756460055453021186",
      "t" : 1756460055453,
      "tn" : 1756460055453021186,
      "q" : "100000",
      "p" : "0.000020398",
      "s" : "sell",
      "i" : "BONKUSD-PERP",
      "m" : "4611686018430530454"
    }, {
      "d" : "1756460052554036395",
      "t" : 1756460052554,
      "tn" : 1756460052554036395,
      "q" : "100000",
      "p" : "0.000020416",
      "s" : "sell",
      "i" : "BONKUSD-PERP",
      "m" : "4611686018430530453"
    }, {
      "d" : "1756460051664039707",
      "t" : 1756460051664,
      "tn" : 1756460051664039707,
      "q" : "100000",
      "p" : "0.000020418",
      "s" : "buy",
      "i" : "BONKUSD-PERP",
      "m" : "4611686018430530452"
    }, {
      "d" : "1756460045786501211",
      "t" : 1756460045786,
      "tn" : 1756460045786501211,
      "q" : "100000",
      "p" : "0.000020423",
      "s" : "buy",
      "i" : "BONKUSD-PERP",
      "m" : "4611686018430530451"
    }, {
      "d" : "1756460045525383269",
      "t" : 1756460045525,
      "tn" : 1756460045525383269,
      "q" : "100000",
      "p" : "0.000020420",
      "s" : "buy",
      "i" : "BONKUSD-PERP",
      "m" : "4611686018430530450"
    }, {
      "d" : "1756460043300588476",
      "t" : 1756460043300,
      "tn" : 1756460043300588476,
      "q" : "100000",
      "p" : "0.000020422",
      "s" : "buy",
      "i" : "BONKUSD-PERP",
      "m" : "4611686018430530449"
    }, {
      "d" : "1756460043024637388",
      "t" : 1756460043024,
      "tn" : 1756460043024637388,
      "q" : "100000",
      "p" : "0.000020425",
      "s" : "sell",
      "i" : "BONKUSD-PERP",
      "m" : "4611686018430530448"
    }, {
      "d" : "1756460041688552946",
      "t" : 1756460041688,
      "tn" : 1756460041688552946,
      "q" : "100000",
      "p" : "0.000020427",
      "s" : "sell",
      "i" : "BONKUSD-PERP",
      "m" : "4611686018430530447"
    }, {
      "d" : "1756460040960684454",
      "t" : 1756460040960,
      "tn" : 1756460040960684454,
      "q" : "100000",
      "p" : "0.000020420",
      "s" : "buy",
      "i" : "BONKUSD-PERP",
      "m" : "4611686018430530446"
    }, {
      "d" : "1756460040412951051",
      "t" : 1756460040412,
      "tn" : 1756460040412951051,
      "q" : "100000",
      "p" : "0.000020421",
      "s" : "sell",
      "i" : "BONKUSD-PERP",
      "m" : "4611686018430530445"
    }, {
      "d" : "1756460040401635666",
      "t" : 1756460040401,
      "tn" : 1756460040401635666,
      "q" : "3500000",
      "p" : "0.000020423",
      "s" : "sell",
      "i" : "BONKUSD-PERP",
      "m" : "4611686018430530444"
    }, {
      "d" : "1756460040401116580",
      "t" : 1756460040401,
      "tn" : 1756460040401116580,
      "q" : "9500000",
      "p" : "0.000020423",
      "s" : "sell",
      "i" : "BONKUSD-PERP",
      "m" : "4611686018430530443"
    }, {
      "d" : "1756460040284395542",
      "t" : 1756460040284,
      "tn" : 1756460040284395542,
      "q" : "100000",
      "p" : "0.000020426",
      "s" : "sell",
      "i" : "BONKUSD-PERP",
      "m" : "4611686018430530442"
    }, {
      "d" : "1756460039780069353",
      "t" : 1756460039780,
      "tn" : 1756460039780069353,
      "q" : "100000",
      "p" : "0.000020432",
      "s" : "sell",
      "i" : "BONKUSD-PERP",
      "m" : "4611686018430530441"
    }, {
      "d" : "1756460037640895090",
      "t" : 1756460037640,
      "tn" : 1756460037640895090,
      "q" : "100000",
      "p" : "0.000020431",
      "s" : "buy",
      "i" : "BONKUSD-PERP",
      "m" : "4611686018430530440"
    }, {
      "d" : "1756460037382658316",
      "t" : 1756460037382,
      "tn" : 1756460037382658316,
      "q" : "100000",
      "p" : "0.000020428",
      "s" : "buy",
      "i" : "BONKUSD-PERP",
      "m" : "4611686018430530439"
    }, {
      "d" : "1756460026262251315",
      "t" : 1756460026262,
      "tn" : 1756460026262251315,
      "q" : "100000",
      "p" : "0.000020431",
      "s" : "sell",
      "i" : "BONKUSD-PERP",
      "m" : "4611686018430530438"
    }, {
      "d" : "1756460026009619021",
      "t" : 1756460026009,
      "tn" : 1756460026009619021,
      "q" : "100000",
      "p" : "0.000020428",
      "s" : "sell",
      "i" : "BONKUSD-PERP",
      "m" : "4611686018430530437"
    }, {
      "d" : "1756460026009617607",
      "t" : 1756460026009,
      "tn" : 1756460026009617607,
      "q" : "100000",
      "p" : "0.000020432",
      "s" : "sell",
      "i" : "BONKUSD-PERP",
      "m" : "4611686018430530436"
    }, {
      "d" : "1756460018802380240",
      "t" : 1756460018802,
      "tn" : 1756460018802380240,
      "q" : "100000",
      "p" : "0.000020422",
      "s" : "buy",
      "i" : "BONKUSD-PERP",
      "m" : "4611686018430530435"
    }, {
      "d" : "1756460014254362088",
      "t" : 1756460014254,
      "tn" : 1756460014254362088,
      "q" : "100000",
      "p" : "0.000020423",
      "s" : "sell",
      "i" : "BONKUSD-PERP",
      "m" : "4611686018430530434"
    }, {
      "d" : "1756460014140805746",
      "t" : 1756460014140,
      "tn" : 1756460014140805746,
      "q" : "100000",
      "p" : "0.000020415",
      "s" : "buy",
      "i" : "BONKUSD-PERP",
      "m" : "4611686018430530433"
    }, {
      "d" : "1756460012566080525",
      "t" : 1756460012566,
      "tn" : 1756460012566080525,
      "q" : "100000",
      "p" : "0.000020418",
      "s" : "sell",
      "i" : "BONKUSD-PERP",
      "m" : "4611686018430530432"
    }, {
      "d" : "1756460012416280027",
      "t" : 1756460012416,
      "tn" : 1756460012416280027,
      "q" : "100000",
      "p" : "0.000020420",
      "s" : "sell",
      "i" : "BONKUSD-PERP",
      "m" : "4611686018430530431"
    }, {
      "d" : "1756460008742875607",
      "t" : 1756460008742,
      "tn" : 1756460008742875607,
      "q" : "100000",
      "p" : "0.000020427",
      "s" : "buy",
      "i" : "BONKUSD-PERP",
      "m" : "4611686018430530430"
    }, {
      "d" : "1756460002968775409",
      "t" : 1756460002968,
      "tn" : 1756460002968775409,
      "q" : "100000",
      "p" : "0.000020427",
      "s" : "buy",
      "i" : "BONKUSD-PERP",
      "m" : "4611686018430530429"
    }, {
      "d" : "1756459993784713701",
      "t" : 1756459993784,
      "tn" : 1756459993784713701,
      "q" : "100000",
      "p" : "0.000020434",
      "s" : "sell",
      "i" : "BONKUSD-PERP",
      "m" : "4611686018430530428"
    }, {
      "d" : "1756459991282925968",
      "t" : 1756459991282,
      "tn" : 1756459991282925968,
      "q" : "100000",
      "p" : "0.000020440",
      "s" : "sell",
      "i" : "BONKUSD-PERP",
      "m" : "4611686018430530427"
    }, {
      "d" : "1756459974249342924",
      "t" : 1756459974249,
      "tn" : 1756459974249342924,
      "q" : "100000",
      "p" : "0.000020429",
      "s" : "sell",
      "i" : "BONKUSD-PERP",
      "m" : "4611686018430530426"
    }, {
      "d" : "1756459967934737387",
      "t" : 1756459967934,
      "tn" : 1756459967934737387,
      "q" : "100000",
      "p" : "0.000020433",
      "s" : "buy",
      "i" : "BONKUSD-PERP",
      "m" : "4611686018430530425"
    }, {
      "d" : "1756459940270137669",
      "t" : 1756459940270,
      "tn" : 1756459940270137669,
      "q" : "100000",
      "p" : "0.000020436",
      "s" : "sell",
      "i" : "BONKUSD-PERP",
      "m" : "4611686018430530424"
    }, {
      "d" : "1756459940108339132",
      "t" : 1756459940108,
      "tn" : 1756459940108339132,
      "q" : "100000",
      "p" : "0.000020441",
      "s" : "sell",
      "i" : "BONKUSD-PERP",
      "m" : "4611686018430530423"
    }, {
      "d" : "1756459935830542336",
      "t" : 1756459935830,
      "tn" : 1756459935830542336,
      "q" : "100000",
      "p" : "0.000020444",
      "s" : "buy",
      "i" : "BONKUSD-PERP",
      "m" : "4611686018430530422"
    }, {
      "d" : "1756459935830539954",
      "t" : 1756459935830,
      "tn" : 1756459935830539954,
      "q" : "100000",
      "p" : "0.000020442",
      "s" : "buy",
      "i" : "BONKUSD-PERP",
      "m" : "4611686018430530421"
    }, {
      "d" : "1756459935035084456",
      "t" : 1756459935035,
      "tn" : 1756459935035084456,
      "q" : "5600000",
      "p" : "0.000020450",
      "s" : "buy",
      "i" : "BONKUSD-PERP",
      "m" : "4611686018430530420"
    }, {
      "d" : "1756459935035081044",
      "t" : 1756459935035,
      "tn" : 1756459935035081044,
      "q" : "100000",
      "p" : "0.000020445",
      "s" : "buy",
      "i" : "BONKUSD-PERP",
      "m" : "4611686018430530419"
    }, {
      "d" : "1756459913247918287",
      "t" : 1756459913247,
      "tn" : 1756459913247918287,
      "q" : "100000",
      "p" : "0.000020448",
      "s" : "buy",
      "i" : "BONKUSD-PERP",
      "m" : "4611686018430530418"
    }, {
      "d" : "1756459911671690880",
      "t" : 1756459911671,
      "tn" : 1756459911671690880,
      "q" : "100000",
      "p" : "0.000020438",
      "s" : "buy",
      "i" : "BONKUSD-PERP",
      "m" : "4611686018430530417"
    }, {
      "d" : "1756459908831161036",
      "t" : 1756459908831,
      "tn" : 1756459908831161036,
      "q" : "100000",
      "p" : "0.000020442",
      "s" : "sell",
      "i" : "BONKUSD-PERP",
      "m" : "4611686018430530416"
    }, {
      "d" : "1756459907209031628",
      "t" : 1756459907209,
      "tn" : 1756459907209031628,
      "q" : "100000",
      "p" : "0.000020443",
      "s" : "buy",
      "i" : "BONKUSD-PERP",
      "m" : "4611686018430530415"
    }, {
      "d" : "1756459889168966533",
      "t" : 1756459889168,
      "tn" : 1756459889168966533,
      "q" : "100000",
      "p" : "0.000020474",
      "s" : "buy",
      "i" : "BONKUSD-PERP",
      "m" : "4611686018430530414"
    }, {
      "d" : "1756459887864761975",
      "t" : 1756459887864,
      "tn" : 1756459887864761975,
      "q" : "100000",
      "p" : "0.000020471",
      "s" : "buy",
      "i" : "BONKUSD-PERP",
      "m" : "4611686018430530413"
    }, {
      "d" : "1756459887214669175",
      "t" : 1756459887214,
      "tn" : 1756459887214669175,
      "q" : "100000",
      "p" : "0.000020475",
      "s" : "sell",
      "i" : "BONKUSD-PERP",
      "m" : "4611686018430530412"
    }, {
      "d" : "1756459885129611724",
      "t" : 1756459885129,
      "tn" : 1756459885129611724,
      "q" : "100000",
      "p" : "0.000020483",
      "s" : "sell",
      "i" : "BONKUSD-PERP",
      "m" : "4611686018430530411"
    }, {
      "d" : "1756459880622679733",
      "t" : 1756459880622,
      "tn" : 1756459880622679733,
      "q" : "100000",
      "p" : "0.000020480",
      "s" : "sell",
      "i" : "BONKUSD-PERP",
      "m" : "4611686018430530410"
    }, {
      "d" : "1756459879899144745",
      "t" : 1756459879899,
      "tn" : 1756459879899144745,
      "q" : "100000",
      "p" : "0.000020473",
      "s" : "buy",
      "i" : "BONKUSD-PERP",
      "m" : "4611686018430530409"
    }, {
      "d" : "1756459879503028638",
      "t" : 1756459879503,
      "tn" : 1756459879503028638,
      "q" : "100000",
      "p" : "0.000020469",
      "s" : "buy",
      "i" : "BONKUSD-PERP",
      "m" : "4611686018430530408"
    }, {
      "d" : "1756459877296089520",
      "t" : 1756459877296,
      "tn" : 1756459877296089520,
      "q" : "100000",
      "p" : "0.000020467",
      "s" : "sell",
      "i" : "BONKUSD-PERP",
      "m" : "4611686018430530407"
    }, {
      "d" : "1756459876433897767",
      "t" : 1756459876433,
      "tn" : 1756459876433897767,
      "q" : "100000",
      "p" : "0.000020479",
      "s" : "sell",
      "i" : "BONKUSD-PERP",
      "m" : "4611686018430530406"
    }, {
      "d" : "1756459875957934242",
      "t" : 1756459875957,
      "tn" : 1756459875957934242,
      "q" : "100000",
      "p" : "0.000020481",
      "s" : "sell",
      "i" : "BONKUSD-PERP",
      "m" : "4611686018430530405"
    }, {
      "d" : "1756459862906247558",
      "t" : 1756459862906,
      "tn" : 1756459862906247558,
      "q" : "100000",
      "p" : "0.000020514",
      "s" : "buy",
      "i" : "BONKUSD-PERP",
      "m" : "4611686018430530404"
    }, {
      "d" : "1756459861004382576",
      "t" : 1756459861004,
      "tn" : 1756459861004382576,
      "q" : "100000",
      "p" : "0.000020511",
      "s" : "buy",
      "i" : "BONKUSD-PERP",
      "m" : "4611686018430530403"
    }, {
      "d" : "1756459859831767472",
      "t" : 1756459859831,
      "tn" : 1756459859831767472,
      "q" : "100000",
      "p" : "0.000020514",
      "s" : "sell",
      "i" : "BONKUSD-PERP",
      "m" : "4611686018430530402"
    }, {
      "d" : "1756459854561256597",
      "t" : 1756459854561,
      "tn" : 1756459854561256597,
      "q" : "100000",
      "p" : "0.000020511",
      "s" : "sell",
      "i" : "BONKUSD-PERP",
      "m" : "4611686018430530401"
    }, {
      "d" : "1756459833633659964",
      "t" : 1756459833633,
      "tn" : 1756459833633659964,
      "q" : "100000",
      "p" : "0.000020495",
      "s" : "buy",
      "i" : "BONKUSD-PERP",
      "m" : "4611686018430530400"
    }, {
      "d" : "1756459825594683132",
      "t" : 1756459825594,
      "tn" : 1756459825594683132,
      "q" : "100000",
      "p" : "0.000020489",
      "s" : "buy",
      "i" : "BONKUSD-PERP",
      "m" : "4611686018430530399"
    }, {
      "d" : "1756459825252454554",
      "t" : 1756459825252,
      "tn" : 1756459825252454554,
      "q" : "100000",
      "p" : "0.000020487",
      "s" : "buy",
      "i" : "BONKUSD-PERP",
      "m" : "4611686018430530398"
    }, {
      "d" : "1756459824986800597",
      "t" : 1756459824986,
      "tn" : 1756459824986800597,
      "q" : "100000",
      "p" : "0.000020481",
      "s" : "buy",
      "i" : "BONKUSD-PERP",
      "m" : "4611686018430530397"
    }, {
      "d" : "1756459816354792594",
      "t" : 1756459816354,
      "tn" : 1756459816354792594,
      "q" : "100000",
      "p" : "0.000020482",
      "s" : "sell",
      "i" : "BONKUSD-PERP",
      "m" : "4611686018430530396"
    }, {
      "d" : "1756459814749320006",
      "t" : 1756459814749,
      "tn" : 1756459814749320006,
      "q" : "100000",
      "p" : "0.000020482",
      "s" : "buy",
      "i" : "BONKUSD-PERP",
      "m" : "4611686018430530395"
    }, {
      "d" : "1756459813487410082",
      "t" : 1756459813487,
      "tn" : 1756459813487410082,
      "q" : "100000",
      "p" : "0.000020491",
      "s" : "sell",
      "i" : "BONKUSD-PERP",
      "m" : "4611686018430530394"
    }, {
      "d" : "1756459813338033650",
      "t" : 1756459813338,
      "tn" : 1756459813338033650,
      "q" : "100000",
      "p" : "0.000020495",
      "s" : "sell",
      "i" : "BONKUSD-PERP",
      "m" : "4611686018430530393"
    }, {
      "d" : "1756459811843672884",
      "t" : 1756459811843,
      "tn" : 1756459811843672884,
      "q" : "100000",
      "p" : "0.000020495",
      "s" : "buy",
      "i" : "BONKUSD-PERP",
      "m" : "4611686018430530392"
    }, {
      "d" : "1756459809469949554",
      "t" : 1756459809469,
      "tn" : 1756459809469949554,
      "q" : "100000",
      "p" : "0.000020490",
      "s" : "sell",
      "i" : "BONKUSD-PERP",
      "m" : "4611686018430530391"
    }, {
      "d" : "1756459809469946734",
      "t" : 1756459809469,
      "tn" : 1756459809469946734,
      "q" : "100000",
      "p" : "0.000020492",
      "s" : "sell",
      "i" : "BONKUSD-PERP",
      "m" : "4611686018430530390"
    }, {
      "d" : "1756459807067306321",
      "t" : 1756459807067,
      "tn" : 1756459807067306321,
      "q" : "100000",
      "p" : "0.000020501",
      "s" : "sell",
      "i" : "BONKUSD-PERP",
      "m" : "4611686018430530389"
    }, {
      "d" : "1756459805567057134",
      "t" : 1756459805567,
      "tn" : 1756459805567057134,
      "q" : "100000",
      "p" : "0.000020503",
      "s" : "buy",
      "i" : "BONKUSD-PERP",
      "m" : "4611686018430530388"
    }, {
      "d" : "1756459800110756497",
      "t" : 1756459800110,
      "tn" : 1756459800110756497,
      "q" : "100000",
      "p" : "0.000020512",
      "s" : "sell",
      "i" : "BONKUSD-PERP",
      "m" : "4611686018430530387"
    }, {
      "d" : "1756459783513039853",
      "t" : 1756459783513,
      "tn" : 1756459783513039853,
      "q" : "100000",
      "p" : "0.000020511",
      "s" : "buy",
      "i" : "BONKUSD-PERP",
      "m" : "4611686018430530386"
    }, {
      "d" : "1756459777923850327",
      "t" : 1756459777923,
      "tn" : 1756459777923850327,
      "q" : "100000",
      "p" : "0.000020510",
      "s" : "buy",
      "i" : "BONKUSD-PERP",
      "m" : "4611686018430530385"
    }, {
      "d" : "1756459777182022821",
      "t" : 1756459777182,
      "tn" : 1756459777182022821,
      "q" : "100000",
      "p" : "0.000020507",
      "s" : "buy",
      "i" : "BONKUSD-PERP",
      "m" : "4611686018430530384"
    }, {
      "d" : "1756459773073157931",
      "t" : 1756459773073,
      "tn" : 1756459773073157931,
      "q" : "100000",
      "p" : "0.000020504",
      "s" : "sell",
      "i" : "BONKUSD-PERP",
      "m" : "4611686018430530383"
    } ]
  }
}