{
  "id" : -1,
  "method" : "public/get-trades",
  "code" : 0,
  "result" : {
    "data" : [ {
      "d" : "1756458186340899493",
      "t" : 1756458186340,
      "tn" : 1756458186340899493,
      "q" : "60000",
      "p" : "0.000017354",
      "s" : "sell",
      "i" : "BONK_EUR",
      "m" : "4611686018427405497"
    }, {
      "d" : "1756458186305844500",
      "t" : 1756458186305,
      "tn" : 1756458186305844500,
      "q" : "60000",
      "p" : "0.000017354",
      "s" : "sell",
      "i" : "BONK_EUR",
      "m" : "4611686018427405496"
    }, {
      "d" : "1756458186290833123",
      "t" : 1756458186290,
      "tn" : 1756458186290833123,
      "q" : "60000",
      "p" : "0.000017354",
      "s" : "sell",
      "i" : "BONK_EUR",
      "m" : "4611686018427405495"
    }, {
      "d" : "1756458186280852177",
      "t" : 1756458186280,
      "tn" : 1756458186280852177,
      "q" : "60000",
      "p" : "0.000017354",
      "s" : "sell",
      "i" : "BONK_EUR",
      "m" : "4611686018427405494"
    }, {
      "d" : "1756458186210730634",
      "t" : 1756458186210,
      "tn" : 1756458186210730634,
      "q" : "60000",
      "p" : "0.000017354",
      "s" : "sell",
      "i" : "BONK_EUR",
      "m" : "4611686018427405493"
    }, {
      "d" : "1756458186195751147",
      "t" : 1756458186195,
      "tn" : 1756458186195751147,
      "q" : "60000",
      "p" : "0.000017354",
      "s" : "sell",
      "i" : "BONK_EUR",
      "m" : "4611686018427405492"
    }, {
      "d" : "1756458186135708471",
      "t" : 1756458186135,
      "tn" : 1756458186135708471,
      "q" : "60000",
      "p" : "0.000017354",
      "s" : "sell",
      "i" : "BONK_EUR",
      "m" : "4611686018427405491"
    }, {
      "d" : "1756458186105565411",
      "t" : 1756458186105,
      "tn" : 1756458186105565411,
      "q" : "60000",
      "p" : "0.000017354",
      "s" : "sell",
      "i" : "BONK_EUR",
      "m" : "4611686018427405490"
    }, {
      "d" : "1756458186090618483",
      "t" : 1756458186090,
      "tn" : 1756458186090618483,
      "q" : "60000",
      "p" : "0.000017354",
      "s" : "sell",
      "i" : "BONK_EUR",
      "m" : "4611686018427405489"
    }, {
      "d" : "1756458186080604518",
      "t" : 1756458186080,
      "tn" : 1756458186080604518,
      "q" : "60000",
      "p" : "0.000017354",
      "s" : "sell",
      "i" : "BONK_EUR",
      "m" : "4611686018427405488"
    }, {
      "d" : "1756458186055537634",
      "t" : 1756458186055,
      "tn" : 1756458186055537634,
      "q" : "60000",
      "p" : "0.000017354",
      "s" : "sell",
      "i" : "BONK_EUR",
      "m" : "4611686018427405487"
    }, {
      "d" : "1756458186035451920",
      "t" : 1756458186035,
      "tn" : 1756458186035451920,
      "q" : "60000",
      "p" : "0.000017354",
      "s" : "sell",
      "i" : "BONK_EUR",
      "m" : "4611686018427405486"
    }, {
      "d" : "1756458186010502004",
      "t" : 1756458186010,
      "tn" : 1756458186010502004,
      "q" : "60000",
      "p" : "0.000017354",
      "s" : "sell",
      "i" : "BONK_EUR",
      "m" : "4611686018427405485"
    }, {
      "d" : "1756458185935328937",
      "t" : 1756458185935,
      "tn" : 1756458185935328937,
      "q" : "60000",
      "p" : "0.000017354",
      "s" : "sell",
      "i" : "BONK_EUR",
      "m" : "4611686018427405484"
    }, {
      "d" : "1756458185915266328",
      "t" : 1756458185915,
      "tn" : 1756458185915266328,
      "q" : "60000",
      "p" : "0.000017354",
      "s" : "sell",
      "i" : "BONK_EUR",
      "m" : "4611686018427405483"
    }, {
      "d" : "1756458185885262249",
      "t" : 1756458185885,
      "tn" : 1756458185885262249,
      "q" : "60000",
      "p" : "0.000017354",
      "s" : "sell",
      "i" : "BONK_EUR",
      "m" : "4611686018427405482"
    }, {
      "d" : "1756458185840110902",
      "t" : 1756458185840,
      "tn" : 1756458185840110902,
      "q" : "60000",
      "p" : "0.000017354",
      "s" : "sell",
      "i" : "BONK_EUR",
      "m" : "4611686018427405481"
    }, {
      "d" : "1756458185734862505",
      "t" : 1756458185734,
      "tn" : 1756458185734862505,
      "q" : "60000",
      "p" : "0.000017354",
      "s" : "sell",
      "i" : "BONK_EUR",
      "m" : "4611686018427405480"
    }, {
      "d" : "1756458185634271861",
      "t" : 1756458185634,
      "tn" : 1756458185634271861,
      "q" : "60000",
      "p" : "0.000017354",
      "s" : "sell",
      "i" : "BONK_EUR",
      "m" : "4611686018427405479"
    }, {
      "d" : "1756458185563508304",
      "t" : 1756458185563,
      "tn" : 1756458185563508304,
      "q" : "60000",
      "p" : "0.000017354",
      "s" : "sell",
      "i" : "BONK_EUR",
      "m" : "4611686018427405478"
    }, {
      "d" : "1756458185533474057",
      "t" : 1756458185533,
      "tn" : 1756458185533474057,
      "q" : "60000",
      "p" : "0.000017354",
      "s" : "sell",
      "i" : "BONK_EUR",
      "m" : "4611686018427405477"
    }, {
      "d" : "1756458185518658264",
      "t" : 1756458185518,
      "tn" : 1756458185518658264,
      "q" : "60000",
      "p" : "0.000017354",
      "s" : "sell",
      "i" : "BONK_EUR",
      "m" : "4611686018427405476"
    }, {
      "d" : "1756458185433281435",
      "t" : 1756458185433,
      "tn" : 1756458185433281435,
      "q" : "60000",
      "p" : "0.000017354",
      "s" : "sell",
      "i" : "BONK_EUR",
      "m" : "4611686018427405475"
    }, {
      "d" : "1756458185408259660",
      "t" : 1756458185408,
      "tn" : 1756458185408259660,
      "q" : "60000",
      "p" : "0.000017354",
      "s" : "sell",
      "i" : "BONK_EUR",
      "m" : "4611686018427405474"
    }, {
      "d" : "1756458185403304685",
      "t" : 1756458185403,
      "tn" : 1756458185403304685,
      "q" : "60000",
      "p" : "0.000017354",
      "s" : "sell",
      "i" : "BONK_EUR",
      "m" : "4611686018427405473"
    }, {
      "d" : "1756458185358060719",
      "t" : 1756458185358,
      "tn" : 1756458185358060719,
      "q" : "60000",
      "p" : "0.000017354",
      "s" : "sell",
      "i" : "BONK_EUR",
      "m" : "4611686018427405472"
    }, {
      "d" : "1756458185338287039",
      "t" : 1756458185338,
      "tn" : 1756458185338287039,
      "q" : "60000",
      "p" : "0.000017354",
      "s" : "sell",
      "i" : "BONK_EUR",
      "m" : "4611686018427405471"
    }, {
      "d" : "1756458185318078490",
      "t" : 1756458185318,
      "tn" : 1756458185318078490,
      "q" : "60000",
      "p" : "0.000017354",
      "s" : "sell",
      "i" : "BONK_EUR",
      "m" : "4611686018427405470"
    }, {
      "d" : "1756458185278067196",
      "t" : 1756458185278,
      "tn" : 1756458185278067196,
      "q" : "60000",
      "p" : "0.000017354",
      "s" : "sell",
      "i" : "BONK_EUR",
      "m" : "4611686018427405469"
    }, {
      "d" : "1756458185112744710",
      "t" : 1756458185112,
      "tn" : 1756458185112744710,
      "q" : "60000",
      "p" : "0.000017354",
      "s" : "sell",
      "i" : "BONK_EUR",
      "m" : "4611686018427405468"
    }, {
      "d" : "1756458185097863283",
      "t" : 1756458185097,
      "tn" : 1756458185097863283,
      "q" : "60000",
      "p" : "0.000017354",
      "s" : "sell",
      "i" : "BONK_EUR",
      "m" : "4611686018427405467"
    }, {
      "d" : "1756458184962535743",
      "t" : 1756458184962,
      "tn" : 1756458184962535743,
      "q" : "60000",
      "p" : "0.000017354",
      "s" : "sell",
      "i" : "BONK_EUR",
      "m" : "4611686018427405466"
    }, {
      "d" : "1756458184942555916",
      "t" : 1756458184942,
      "tn" : 1756458184942555916,
      "q" : "60000",
      "p" : "0.000017354",
      "s" : "sell",
      "i" : "BONK_EUR",
      "m" : "4611686018427405465"
    }, {
      "d" : "1756458184937532029",
      "t" : 1756458184937,
      "tn" : 1756458184937532029,
      "q" : "60000",
      "p" : "0.000017354",
      "s" : "sell",
      "i" : "BONK_EUR",
      "m" : "4611686018427405464"
    }, {
      "d" : "1756458184907527101",
      "t" : 1756458184907,
      "tn" : 1756458184907527101,
      "q" : "60000",
      "p" : "0.000017354",
      "s" : "sell",
      "i" : "BONK_EUR",
      "m" : "4611686018427405463"
    }, {
      "d" : "1756458184882403972",
      "t" : 1756458184882,
      "tn" : 1756458184882403972,
      "q" : "60000",
      "p" : "0.000017354",
      "s" : "sell",
      "i" : "BONK_EUR",
      "m" : "4611686018427405462"
    }, {
      "d" : "1756458184867240741",
      "t" : 1756458184867,
      "tn" : 1756458184867240741,
      "q" : "60000",
      "p" : "0.000017354",
      "s" : "sell",
      "i" : "BONK_EUR",
      "m" : "4611686018427405461"
    }, {
      "d" : "1756458184787040444",
      "t" : 1756458184787,
      "tn" : 1756458184787040444,
      "q" : "60000",
      "p" : "0.000017354",
      "s" : "sell",
      "i" : "BONK_EUR",
      "m" : "4611686018427405460"
    }, {
      "d" : "1756458184736903734",
      "t" : 1756458184736,
      "tn" : 1756458184736903734,
      "q" : "60000",
      "p" : "0.000017354",
      "s" : "sell",
      "i" : "BONK_EUR",
      "m" : "4611686018427405459"
    }, {
      "d" : "1756458184560794391",
      "t" : 1756458184560,
      "tn" : 1756458184560794391,
      "q" : "60000",
      "p" : "0.000017354",
      "s" : "sell",
      "i" : "BONK_EUR",
      "m" : "4611686018427405458"
    }, {
      "d" : "1756458184535754566",
      "t" : 1756458184535,
      "tn" : 1756458184535754566,
      "q" : "60000",
      "p" : "0.000017354",
      "s" : "sell",
      "i" : "BONK_EUR",
      "m" : "4611686018427405457"
    }, {
      "d" : "1756458184520795322",
      "t" : 1756458184520,
      "tn" : 1756458184520795322,
      "q" : "60000",
      "p" : "0.000017354",
      "s" : "sell",
      "i" : "BONK_EUR",
      "m" : "4611686018427405456"
    }, {
      "d" : "1756458184460585884",
      "t" : 1756458184460,
      "tn" : 1756458184460585884,
      "q" : "60000",
      "p" : "0.000017354",
      "s" : "sell",
      "i" : "BONK_EUR",
      "m" : "4611686018427405455"
    }, {
      "d" : "1756458184435565222",
      "t" : 1756458184435,
      "tn" : 1756458184435565222,
      "q" : "60000",
      "p" : "0.000017354",
      "s" : "sell",
      "i" : "BONK_EUR",
      "m" : "4611686018427405454"
    }, {
      "d" : "1756458184420541787",
      "t" : 1756458184420,
      "tn" : 1756458184420541787,
      "q" : "60000",
      "p" : "0.000017354",
      "s" : "sell",
      "i" : "BONK_EUR",
      "m" : "4611686018427405453"
    }, {
      "d" : "1756458184335857627",
      "t" : 1756458184335,
      "tn" : 1756458184335857627,
      "q" : "60000",
      "p" : "0.000017354",
      "s" : "sell",
      "i" : "BONK_EUR",
      "m" : "4611686018427405452"
    }, {
      "d" : "1756458184295404230",
      "t" : 1756458184295,
      "tn" : 1756458184295404230,
      "q" : "60000",
      "p" : "0.000017354",
      "s" : "sell",
      "i" : "BONK_EUR",
      "m" : "4611686018427405451"
    }, {
      "d" : "1756458184265409441",
      "t" : 1756458184265,
      "tn" : 1756458184265409441,
      "q" : "60000",
      "p" : "0.000017354",
      "s" : "sell",
      "i" : "BONK_EUR",
      "m" : "4611686018427405450"
    }, {
      "d" : "1756458184230219548",
      "t" : 1756458184230,
      "tn" : 1756458184230219548,
      "q" : "60000",
      "p" : "0.000017354",
      "s" : "sell",
      "i" : "BONK_EUR",
      "m" : "4611686018427405449"
    }, {
      "d" : "1756458184220291544",
      "t" : 1756458184220,
      "tn" : 1756458184220291544,
      "q" : "60000",
      "p" : "0.000017354",
      "s" : "sell",
      "i" : "BONK_EUR",
      "m" : "4611686018427405448"
    }, {
      "d" : "1756458184200235846",
      "t" : 1756458184200,
      "tn" : 1756458184200235846,
      "q" : "60000",
      "p" : "0.000017354",
      "s" : "sell",
      "i" : "BONK_EUR",
      "m" : "4611686018427405447"
    }, {
      "d" : "1756458184135107798",
      "t" : 1756458184135,
      "tn" : 1756458184135107798,
      "q" : "60000",
      "p" : "0.000017354",
      "s" : "sell",
      "i" : "BONK_EUR",
      "m" : "4611686018427405446"
    }, {
      "d" : "1756458184080042324",
      "t" : 1756458184080,
      "tn" : 1756458184080042324,
      "q" : "60000",
      "p" : "0.000017354",
      "s" : "sell",
      "i" : "BONK_EUR",
      "m" : "4611686018427405445"
    }, {
      "d" : "1756458184040104719",
      "t" : 1756458184040,
      "tn" : 1756458184040104719,
      "q" : "60000",
      "p" : "0.000017354",
      "s" : "sell",
      "i" : "BONK_EUR",
      "m" : "4611686018427405444"
    }, {
      "d" : "1756458184019950868",
      "t" : 1756458184019,
      "tn" : 1756458184019950868,
      "q" : "60000",
      "p" : "0.000017354",
      "s" : "sell",
      "i" : "BONK_EUR",
      "m" : "4611686018427405443"
    }, {
      "d" : "1756458184009947225",
      "t" : 1756458184009,
      "tn" : 1756458184009947225,
      "q" : "60000",
      "p" : "0.000017354",
      "s" : "sell",
      "i" : "BONK_EUR",
      "m" : "4611686018427405442"
    }, {
      "d" : "1756458183994934091",
      "t" : 1756458183994,
      "tn" : 1756458183994934091,
      "q" : "60000",
      "p" : "0.000017354",
      "s" : "sell",
      "i" : "BONK_EUR",
      "m" : "4611686018427405441"
    }, {
      "d" : "1756458183964880166",
      "t" : 1756458183964,
      "tn" : 1756458183964880166,
      "q" : "60000",
      "p" : "0.000017354",
      "s" : "sell",
      "i" : "BONK_EUR",
      "m" : "4611686018427405440"
    }, {
      "d" : "1756458183954931240",
      "t" : 1756458183954,
      "tn" : 1756458183954931240,
      "q" : "60000",
      "p" : "0.000017354",
      "s" : "sell",
      "i" : "BONK_EUR",
      "m" : "4611686018427405439"
    }, {
      "d" : "1756458183934916158",
      "t" : 1756458183934,
      "tn" : 1756458183934916158,
      "q" : "60000",
      "p" : "0.000017354",
      "s" : "sell",
      "i" : "BONK_EUR",
      "m" : "4611686018427405438"
    }, {
      "d" : "1756458183924873639",
      "t" : 1756458183924,
      "tn" : 1756458183924873639,
      "q" : "60000",
      "p" : "0.000017354",
      "s" : "sell",
      "i" : "BONK_EUR",
      "m" : "4611686018427405437"
    }, {
      "d" : "1756458183904855962",
      "t" : 1756458183904,
      "tn" : 1756458183904855962,
      "q" : "60000",
      "p" : "0.000017354",
      "s" : "sell",
      "i" : "BONK_EUR",
      "m" : "4611686018427405436"
    }, {
      "d" : "1756458183834595076",
      "t" : 1756458183834,
      "tn" : 1756458183834595076,
      "q" : "60000",
      "p" : "0.000017354",
      "s" : "sell",
      "i" : "BONK_EUR",
      "m" : "4611686018427405435"
    }, {
      "d" : "1756458183799545935",
      "t" : 1756458183799,
      "tn" : 1756458183799545935,
      "q" : "60000",
      "p" : "0.000017354",
      "s" : "sell",
      "i" : "BONK_EUR",
      "m" : "4611686018427405434"
    }, {
      "d" : "1756458183789553107",
      "t" : 1756458183789,
      "tn" : 1756458183789553107,
      "q" : "60000",
      "p" : "0.000017354",
      "s" : "sell",
      "i" : "BONK_EUR",
      "m" : "4611686018427405433"
    }, {
      "d" : "1756458183739398449",
      "t" : 1756458183739,
      "tn" : 1756458183739398449,
      "q" : "60000",
      "p" : "0.000017354",
      "s" : "sell",
      "i" : "BONK_EUR",
      "m" : "4611686018427405432"
    }, {
      "d" : "1756458183704109421",
      "t" : 1756458183704,
      "tn" : 1756458183704109421,
      "q" : "60000",
      "p" : "0.000017354",
      "s" : "sell",
      "i" : "BONK_EUR",
      "m" : "4611686018427405431"
    }, {
      "d" : "1756458183648999628",
      "t" : 1756458183648,
      "tn" : 1756458183648999628,
      "q" : "60000",
      "p" : "0.000017354",
      "s" : "sell",
      "i" : "BONK_EUR",
      "m" : "4611686018427405430"
    }, {
      "d" : "1756458183578136218",
      "t" : 1756458183578,
      "tn" : 1756458183578136218,
      "q" : "60000",
      "p" : "0.000017354",
      "s" : "sell",
      "i" : "BONK_EUR",
      "m" : "4611686018427405429"
    }, {
      "d" : "1756458183533041036",
      "t" : 1756458183533,
      "tn" : 1756458183533041036,
      "q" : "60000",
      "p" : "0.000017354",
      "s" : "sell",
      "i" : "BONK_EUR",
      "m" : "4611686018427405428"
    }, {
      "d" : "1756458183518205278",
      "t" : 1756458183518,
      "tn" : 1756458183518205278,
      "q" : "60000",
      "p" : "0.000017354",
      "s" : "sell",
      "i" : "BONK_EUR",
      "m" : "4611686018427405427"
    }, {
      "d" : "1756454321122383453",
      "t" : 1756454321122,
      "tn" : 1756454321122383453,
      "q" : "60000",
      "p" : "0.000017782",
      "s" : "sell",
      "i" : "BONK_EUR",
      "m" : "4611686018427405426"
    }, {
      "d" : "1756454321103789181",
      "t" : 1756454321103,
      "tn" : 1756454321103789181,
      "q" : "5500000",
      "p" : "0.000017782",
      "s" : "sell",
      "i" : "BONK_EUR",
      "m" : "4611686018427405425"
    }, {
      "d" : "1756454321098952208",
      "t" : 1756454321098,
      "tn" : 1756454321098952208,
      "q" : "60000",
      "p" : "0.000017782",
      "s" : "sell",
      "i" : "BONK_EUR",
      "m" : "4611686018427405424"
    }, {
      "d" : "1756434422805714403",
      "t" : 1756434422805,
      "tn" : 1756434422805714403,
      "q" : "5100000",
      "p" : "0.000018526",
      "s" : "buy",
      "i" : "BONK_EUR",
      "m" : "4611686018427405423"
    }, {
      "d" : "1756413209792286005",
      "t" : 1756413209792,
      "tn" : 1756413209792286005,
      "q" : "50000",
      "p" : "0.000018118",
      "s" : "buy",
      "i" : "BONK_EUR",
      "m" : "4611686018427405422"
    }, {
      "d" : "1756400065536813853",
      "t" : 1756400065536,
      "tn" : 1756400065536813853,
      "q" : "5480000",
      "p" : "0.000018218",
      "s" : "sell",
      "i" : "BONK_EUR",
      "m" : "4611686018427405421"
    } ]
  }
}