{
  "id" : -1,
  "method" : "public/get-trades",
  "code" : 0,
  "result" : {
    "data" : [ {
      "d" : "1756460444776017602",
      "t" : 1756460444776,
      "tn" : 1756460444776017602,
      "q" : "60000",
      "p" : "0.000020444",
      "s" : "sell",
      "i" : "BONK_USDT",
      "m" : "4611686018429083938"
    }, {
      "d" : "1756460381831326660",
      "t" : 1756460381831,
      "tn" : 1756460381831326660,
      "q" : "60000",
      "p" : "0.000020414",
      "s" : "sell",
      "i" : "BONK_USDT",
      "m" : "4611686018429083937"
    }, {
      "d" : "1756460248306934677",
      "t" : 1756460248306,
      "tn" : 1756460248306934677,
      "q" : "60000",
      "p" : "0.000020422",
      "s" : "sell",
      "i" : "BONK_USDT",
      "m" : "4611686018429083936"
    }, {
      "d" : "1756460234802793196",
      "t" : 1756460234802,
      "tn" : 1756460234802793196,
      "q" : "60000",
      "p" : "0.000020404",
      "s" : "sell",
      "i" : "BONK_USDT",
      "m" : "4611686018429083935"
    }, {
      "d" : "1756460100371569096",
      "t" : 1756460100371,
      "tn" : 1756460100371569096,
      "q" : "60000",
      "p" : "0.000020402",
      "s" : "sell",
      "i" : "BONK_USDT",
      "m" : "4611686018429083934"
    }, {
      "d" : "1756460055219498652",
      "t" : 1756460055219,
      "tn" : 1756460055219498652,
      "q" : "60000",
      "p" : "0.000020414",
      "s" : "sell",
      "i" : "BONK_USDT",
      "m" : "4611686018429083933"
    }, {
      "d" : "1756459967934803129",
      "t" : 1756459967934,
      "tn" : 1756459967934803129,
      "q" : "60000",
      "p" : "0.000020435",
      "s" : "buy",
      "i" : "BONK_USDT",
      "m" : "4611686018429083932"
    }, {
      "d" : "1756459958987332909",
      "t" : 1756459958987,
      "tn" : 1756459958987332909,
      "q" : "60000",
      "p" : "0.000020434",
      "s" : "sell",
      "i" : "BONK_USDT",
      "m" : "4611686018429083931"
    }, {
      "d" : "1756459955777751586",
      "t" : 1756459955777,
      "tn" : 1756459955777751586,
      "q" : "60000",
      "p" : "0.000020434",
      "s" : "sell",
      "i" : "BONK_USDT",
      "m" : "4611686018429083930"
    }, {
      "d" : "1756459883267475656",
      "t" : 1756459883267,
      "tn" : 1756459883267475656,
      "q" : "60000",
      "p" : "0.000020488",
      "s" : "sell",
      "i" : "BONK_USDT",
      "m" : "4611686018429083929"
    }, {
      "d" : "1756459854314834752",
      "t" : 1756459854314,
      "tn" : 1756459854314834752,
      "q" : "12190000",
      "p" : "0.000020505",
      "s" : "buy",
      "i" : "BONK_USDT",
      "m" : "4611686018429083928"
    }, {
      "d" : "1756459853321121792",
      "t" : 1756459853321,
      "tn" : 1756459853321121792,
      "q" : "60000",
      "p" : "0.000020504",
      "s" : "sell",
      "i" : "BONK_USDT",
      "m" : "4611686018429083927"
    }, {
      "d" : "1756459842315440996",
      "t" : 1756459842315,
      "tn" : 1756459842315440996,
      "q" : "60000",
      "p" : "0.000020504",
      "s" : "sell",
      "i" : "BONK_USDT",
      "m" : "4611686018429083926"
    }, {
      "d" : "1756459746588922643",
      "t" : 1756459746588,
      "tn" : 1756459746588922643,
      "q" : "60000",
      "p" : "0.000020494",
      "s" : "sell",
      "i" : "BONK_USDT",
      "m" : "4611686018429083925"
    }, {
      "d" : "1756459722194286416",
      "t" : 1756459722194,
      "tn" : 1756459722194286416,
      "q" : "60000",
      "p" : "0.000020484",
      "s" : "sell",
      "i" : "BONK_USDT",
      "m" : "4611686018429083924"
    }, {
      "d" : "1756459720539748970",
      "t" : 1756459720539,
      "tn" : 1756459720539748970,
      "q" : "60000",
      "p" : "0.000020484",
      "s" : "sell",
      "i" : "BONK_USDT",
      "m" : "4611686018429083923"
    }, {
      "d" : "1756459693220999083",
      "t" : 1756459693220,
      "tn" : 1756459693220999083,
      "q" : "60000",
      "p" : "0.000020474",
      "s" : "sell",
      "i" : "BONK_USDT",
      "m" : "4611686018429083922"
    }, {
      "d" : "1756459693088959374",
      "t" : 1756459693088,
      "tn" : 1756459693088959374,
      "q" : "12840000",
      "p" : "0.000020462",
      "s" : "buy",
      "i" : "BONK_USDT",
      "m" : "4611686018429083921"
    }, {
      "d" : "1756459551503181801",
      "t" : 1756459551503,
      "tn" : 1756459551503181801,
      "q" : "60000",
      "p" : "0.000020534",
      "s" : "sell",
      "i" : "BONK_USDT",
      "m" : "4611686018429083920"
    }, {
      "d" : "1756459545555738800",
      "t" : 1756459545555,
      "tn" : 1756459545555738800,
      "q" : "60000",
      "p" : "0.000020514",
      "s" : "sell",
      "i" : "BONK_USDT",
      "m" : "4611686018429083919"
    }, {
      "d" : "1756459530793001756",
      "t" : 1756459530793,
      "tn" : 1756459530793001756,
      "q" : "60000",
      "p" : "0.000020504",
      "s" : "sell",
      "i" : "BONK_USDT",
      "m" : "4611686018429083918"
    }, {
      "d" : "1756459527467802127",
      "t" : 1756459527467,
      "tn" : 1756459527467802127,
      "q" : "60000",
      "p" : "0.000020504",
      "s" : "sell",
      "i" : "BONK_USDT",
      "m" : "4611686018429083917"
    }, {
      "d" : "1756459513156404344",
      "t" : 1756459513156,
      "tn" : 1756459513156404344,
      "q" : "12890000",
      "p" : "0.000020485",
      "s" : "buy",
      "i" : "BONK_USDT",
      "m" : "4611686018429083916"
    }, {
      "d" : "1756459502241361775",
      "t" : 1756459502241,
      "tn" : 1756459502241361775,
      "q" : "60000",
      "p" : "0.000020504",
      "s" : "sell",
      "i" : "BONK_USDT",
      "m" : "4611686018429083915"
    }, {
      "d" : "1756459491559271337",
      "t" : 1756459491559,
      "tn" : 1756459491559271337,
      "q" : "60000",
      "p" : "0.000020494",
      "s" : "sell",
      "i" : "BONK_USDT",
      "m" : "4611686018429083914"
    }, {
      "d" : "1756459490903755503",
      "t" : 1756459490903,
      "tn" : 1756459490903755503,
      "q" : "940000",
      "p" : "0.000020485",
      "s" : "buy",
      "i" : "BONK_USDT",
      "m" : "4611686018429083913"
    }, {
      "d" : "1756459487308668374",
      "t" : 1756459487308,
      "tn" : 1756459487308668374,
      "q" : "12040000",
      "p" : "0.000020485",
      "s" : "buy",
      "i" : "BONK_USDT",
      "m" : "4611686018429083912"
    }, {
      "d" : "1756459472656639453",
      "t" : 1756459472656,
      "tn" : 1756459472656639453,
      "q" : "60000",
      "p" : "0.000020494",
      "s" : "sell",
      "i" : "BONK_USDT",
      "m" : "4611686018429083911"
    }, {
      "d" : "1756459465747130904",
      "t" : 1756459465747,
      "tn" : 1756459465747130904,
      "q" : "48800000",
      "p" : "0.000020490",
      "s" : "buy",
      "i" : "BONK_USDT",
      "m" : "4611686018429083910"
    }, {
      "d" : "1756459430202942583",
      "t" : 1756459430202,
      "tn" : 1756459430202942583,
      "q" : "2550000",
      "p" : "0.000020506",
      "s" : "sell",
      "i" : "BONK_USDT",
      "m" : "4611686018429083909"
    }, {
      "d" : "1756459430191800364",
      "t" : 1756459430191,
      "tn" : 1756459430191800364,
      "q" : "60000",
      "p" : "0.000020495",
      "s" : "buy",
      "i" : "BONK_USDT",
      "m" : "4611686018429083908"
    }, {
      "d" : "1756459244031747266",
      "t" : 1756459244031,
      "tn" : 1756459244031747266,
      "q" : "60000",
      "p" : "0.000020495",
      "s" : "buy",
      "i" : "BONK_USDT",
      "m" : "4611686018429083907"
    }, {
      "d" : "1756459235384942381",
      "t" : 1756459235384,
      "tn" : 1756459235384942381,
      "q" : "60000",
      "p" : "0.000020485",
      "s" : "buy",
      "i" : "BONK_USDT",
      "m" : "4611686018429083906"
    }, {
      "d" : "1756459235382829642",
      "t" : 1756459235382,
      "tn" : 1756459235382829642,
      "q" : "48800000",
      "p" : "0.000020490",
      "s" : "buy",
      "i" : "BONK_USDT",
      "m" : "4611686018429083905"
    }, {
      "d" : "1756459235381900339",
      "t" : 1756459235381,
      "tn" : 1756459235381900339,
      "q" : "60000",
      "p" : "0.000020485",
      "s" : "buy",
      "i" : "BONK_USDT",
      "m" : "4611686018429083904"
    }, {
      "d" : "1756459013311928724",
      "t" : 1756459013311,
      "tn" : 1756459013311928724,
      "q" : "60000",
      "p" : "0.000020414",
      "s" : "sell",
      "i" : "BONK_USDT",
      "m" : "4611686018429083903"
    }, {
      "d" : "1756458945452112143",
      "t" : 1756458945452,
      "tn" : 1756458945452112142,
      "q" : "60000",
      "p" : "0.000020355",
      "s" : "buy",
      "i" : "BONK_USDT",
      "m" : "4611686018429083902"
    }, {
      "d" : "1756458945452112142",
      "t" : 1756458945452,
      "tn" : 1756458945452112142,
      "q" : "13050000",
      "p" : "0.000020355",
      "s" : "buy",
      "i" : "BONK_USDT",
      "m" : "4611686018429083902"
    }, {
      "d" : "1756458876239656228",
      "t" : 1756458876239,
      "tn" : 1756458876239656227,
      "q" : "60000",
      "p" : "0.000020355",
      "s" : "buy",
      "i" : "BONK_USDT",
      "m" : "4611686018429083901"
    }, {
      "d" : "1756458876239656227",
      "t" : 1756458876239,
      "tn" : 1756458876239656227,
      "q" : "13120000",
      "p" : "0.000020355",
      "s" : "buy",
      "i" : "BONK_USDT",
      "m" : "4611686018429083901"
    }, {
      "d" : "1756458427700668574",
      "t" : 1756458427700,
      "tn" : 1756458427700668574,
      "q" : "210000",
      "p" : "0.000020310",
      "s" : "buy",
      "i" : "BONK_USDT",
      "m" : "4611686018429083900"
    }, {
      "d" : "1756458427700666957",
      "t" : 1756458427700,
      "tn" : 1756458427700666957,
      "q" : "60000",
      "p" : "0.000020305",
      "s" : "buy",
      "i" : "BONK_USDT",
      "m" : "4611686018429083899"
    }, {
      "d" : "1756458427517174520",
      "t" : 1756458427517,
      "tn" : 1756458427517174520,
      "q" : "60000",
      "p" : "0.000020305",
      "s" : "buy",
      "i" : "BONK_USDT",
      "m" : "4611686018429083898"
    }, {
      "d" : "1756458426732344197",
      "t" : 1756458426732,
      "tn" : 1756458426732344197,
      "q" : "60000",
      "p" : "0.000020315",
      "s" : "buy",
      "i" : "BONK_USDT",
      "m" : "4611686018429083897"
    }, {
      "d" : "1756458426180704143",
      "t" : 1756458426180,
      "tn" : 1756458426180704143,
      "q" : "60000",
      "p" : "0.000020315",
      "s" : "buy",
      "i" : "BONK_USDT",
      "m" : "4611686018429083896"
    }, {
      "d" : "1756458373050573003",
      "t" : 1756458373050,
      "tn" : 1756458373050573003,
      "q" : "60000",
      "p" : "0.000020315",
      "s" : "buy",
      "i" : "BONK_USDT",
      "m" : "4611686018429083895"
    }, {
      "d" : "1756458372716788936",
      "t" : 1756458372716,
      "tn" : 1756458372716788936,
      "q" : "60000",
      "p" : "0.000020315",
      "s" : "buy",
      "i" : "BONK_USDT",
      "m" : "4611686018429083894"
    }, {
      "d" : "1756458372635051163",
      "t" : 1756458372635,
      "tn" : 1756458372635051163,
      "q" : "60000",
      "p" : "0.000020315",
      "s" : "buy",
      "i" : "BONK_USDT",
      "m" : "4611686018429083893"
    }, {
      "d" : "1756458372534948283",
      "t" : 1756458372534,
      "tn" : 1756458372534948283,
      "q" : "60000",
      "p" : "0.000020315",
      "s" : "buy",
      "i" : "BONK_USDT",
      "m" : "4611686018429083892"
    }, {
      "d" : "1756458372435803564",
      "t" : 1756458372435,
      "tn" : 1756458372435803564,
      "q" : "60000",
      "p" : "0.000020315",
      "s" : "buy",
      "i" : "BONK_USDT",
      "m" : "4611686018429083891"
    }, {
      "d" : "1756458372315541205",
      "t" : 1756458372315,
      "tn" : 1756458372315541205,
      "q" : "60000",
      "p" : "0.000020315",
      "s" : "buy",
      "i" : "BONK_USDT",
      "m" : "4611686018429083890"
    }, {
      "d" : "1756458372262019899",
      "t" : 1756458372262,
      "tn" : 1756458372262019899,
      "q" : "60000",
      "p" : "0.000020315",
      "s" : "buy",
      "i" : "BONK_USDT",
      "m" : "4611686018429083889"
    }, {
      "d" : "1756458372237024054",
      "t" : 1756458372237,
      "tn" : 1756458372237024054,
      "q" : "60000",
      "p" : "0.000020315",
      "s" : "buy",
      "i" : "BONK_USDT",
      "m" : "4611686018429083888"
    }, {
      "d" : "1756458371819891465",
      "t" : 1756458371819,
      "tn" : 1756458371819891465,
      "q" : "60000",
      "p" : "0.000020315",
      "s" : "buy",
      "i" : "BONK_USDT",
      "m" : "4611686018429083887"
    }, {
      "d" : "1756458346092701406",
      "t" : 1756458346092,
      "tn" : 1756458346092701406,
      "q" : "60000",
      "p" : "0.000020345",
      "s" : "buy",
      "i" : "BONK_USDT",
      "m" : "4611686018429083886"
    }, {
      "d" : "1756458186340902319",
      "t" : 1756458186340,
      "tn" : 1756458186340902319,
      "q" : "60000",
      "p" : "0.000020235",
      "s" : "buy",
      "i" : "BONK_USDT",
      "m" : "4611686018429083885"
    }, {
      "d" : "1756458186290857912",
      "t" : 1756458186290,
      "tn" : 1756458186290857912,
      "q" : "60000",
      "p" : "0.000020235",
      "s" : "buy",
      "i" : "BONK_USDT",
      "m" : "4611686018429083884"
    }, {
      "d" : "1756458186280882685",
      "t" : 1756458186280,
      "tn" : 1756458186280882685,
      "q" : "60000",
      "p" : "0.000020235",
      "s" : "buy",
      "i" : "BONK_USDT",
      "m" : "4611686018429083883"
    }, {
      "d" : "1756458186195782695",
      "t" : 1756458186195,
      "tn" : 1756458186195782695,
      "q" : "60000",
      "p" : "0.000020235",
      "s" : "buy",
      "i" : "BONK_USDT",
      "m" : "4611686018429083882"
    }, {
      "d" : "1756458186135711506",
      "t" : 1756458186135,
      "tn" : 1756458186135711506,
      "q" : "60000",
      "p" : "0.000020235",
      "s" : "buy",
      "i" : "BONK_USDT",
      "m" : "4611686018429083881"
    }, {
      "d" : "1756458186105586941",
      "t" : 1756458186105,
      "tn" : 1756458186105586941,
      "q" : "60000",
      "p" : "0.000020235",
      "s" : "buy",
      "i" : "BONK_USDT",
      "m" : "4611686018429083880"
    }, {
      "d" : "1756458186090649288",
      "t" : 1756458186090,
      "tn" : 1756458186090649288,
      "q" : "60000",
      "p" : "0.000020235",
      "s" : "buy",
      "i" : "BONK_USDT",
      "m" : "4611686018429083879"
    }, {
      "d" : "1756458186080607899",
      "t" : 1756458186080,
      "tn" : 1756458186080607899,
      "q" : "60000",
      "p" : "0.000020235",
      "s" : "buy",
      "i" : "BONK_USDT",
      "m" : "4611686018429083878"
    }, {
      "d" : "1756458186055610635",
      "t" : 1756458186055,
      "tn" : 1756458186055610635,
      "q" : "60000",
      "p" : "0.000020235",
      "s" : "buy",
      "i" : "BONK_USDT",
      "m" : "4611686018429083877"
    }, {
      "d" : "1756458186036468662",
      "t" : 1756458186036,
      "tn" : 1756458186036468662,
      "q" : "60000",
      "p" : "0.000020235",
      "s" : "buy",
      "i" : "BONK_USDT",
      "m" : "4611686018429083876"
    }, {
      "d" : "1756458186011624540",
      "t" : 1756458186011,
      "tn" : 1756458186011624540,
      "q" : "60000",
      "p" : "0.000020235",
      "s" : "buy",
      "i" : "BONK_USDT",
      "m" : "4611686018429083875"
    }, {
      "d" : "1756458185916092027",
      "t" : 1756458185916,
      "tn" : 1756458185916092027,
      "q" : "60000",
      "p" : "0.000020235",
      "s" : "buy",
      "i" : "BONK_USDT",
      "m" : "4611686018429083874"
    }, {
      "d" : "1756458185840963301",
      "t" : 1756458185840,
      "tn" : 1756458185840963301,
      "q" : "60000",
      "p" : "0.000020235",
      "s" : "buy",
      "i" : "BONK_USDT",
      "m" : "4611686018429083873"
    }, {
      "d" : "1756458185734865812",
      "t" : 1756458185734,
      "tn" : 1756458185734865812,
      "q" : "60000",
      "p" : "0.000020235",
      "s" : "buy",
      "i" : "BONK_USDT",
      "m" : "4611686018429083872"
    }, {
      "d" : "1756458185634294407",
      "t" : 1756458185634,
      "tn" : 1756458185634294407,
      "q" : "60000",
      "p" : "0.000020235",
      "s" : "buy",
      "i" : "BONK_USDT",
      "m" : "4611686018429083871"
    }, {
      "d" : "1756458185563510801",
      "t" : 1756458185563,
      "tn" : 1756458185563510801,
      "q" : "60000",
      "p" : "0.000020235",
      "s" : "buy",
      "i" : "BONK_USDT",
      "m" : "4611686018429083870"
    }, {
      "d" : "1756458185533477130",
      "t" : 1756458185533,
      "tn" : 1756458185533477130,
      "q" : "60000",
      "p" : "0.000020235",
      "s" : "buy",
      "i" : "BONK_USDT",
      "m" : "4611686018429083869"
    }, {
      "d" : "1756458185518694140",
      "t" : 1756458185518,
      "tn" : 1756458185518694140,
      "q" : "60000",
      "p" : "0.000020235",
      "s" : "buy",
      "i" : "BONK_USDT",
      "m" : "4611686018429083868"
    }, {
      "d" : "1756458185434212230",
      "t" : 1756458185434,
      "tn" : 1756458185434212230,
      "q" : "60000",
      "p" : "0.000020235",
      "s" : "buy",
      "i" : "BONK_USDT",
      "m" : "4611686018429083867"
    }, {
      "d" : "1756458185409104700",
      "t" : 1756458185409,
      "tn" : 1756458185409104700,
      "q" : "60000",
      "p" : "0.000020235",
      "s" : "buy",
      "i" : "BONK_USDT",
      "m" : "4611686018429083866"
    }, {
      "d" : "1756458185358979371",
      "t" : 1756458185358,
      "tn" : 1756458185358979371,
      "q" : "60000",
      "p" : "0.000020235",
      "s" : "buy",
      "i" : "BONK_USDT",
      "m" : "4611686018429083865"
    }, {
      "d" : "1756458185339310239",
      "t" : 1756458185339,
      "tn" : 1756458185339310239,
      "q" : "60000",
      "p" : "0.000020235",
      "s" : "buy",
      "i" : "BONK_USDT",
      "m" : "4611686018429083864"
    }, {
      "d" : "1756458185318935804",
      "t" : 1756458185318,
      "tn" : 1756458185318935804,
      "q" : "60000",
      "p" : "0.000020235",
      "s" : "buy",
      "i" : "BONK_USDT",
      "m" : "4611686018429083863"
    }, {
      "d" : "1756458185278975741",
      "t" : 1756458185278,
      "tn" : 1756458185278975741,
      "q" : "60000",
      "p" : "0.000020235",
      "s" : "buy",
      "i" : "BONK_USDT",
      "m" : "4611686018429083862"
    }, {
      "d" : "1756458185098728852",
      "t" : 1756458185098,
      "tn" : 1756458185098728852,
      "q" : "60000",
      "p" : "0.000020235",
      "s" : "buy",
      "i" : "BONK_USDT",
      "m" : "4611686018429083861"
    }, {
      "d" : "1756458184962546200",
      "t" : 1756458184962,
      "tn" : 1756458184962546200,
      "q" : "60000",
      "p" : "0.000020235",
      "s" : "buy",
      "i" : "BONK_USDT",
      "m" : "4611686018429083860"
    }, {
      "d" : "1756458184942558806",
      "t" : 1756458184942,
      "tn" : 1756458184942558806,
      "q" : "60000",
      "p" : "0.000020235",
      "s" : "buy",
      "i" : "BONK_USDT",
      "m" : "4611686018429083859"
    }, {
      "d" : "1756458184907530481",
      "t" : 1756458184907,
      "tn" : 1756458184907530481,
      "q" : "60000",
      "p" : "0.000020235",
      "s" : "buy",
      "i" : "BONK_USDT",
      "m" : "4611686018429083858"
    }, {
      "d" : "1756458184882489672",
      "t" : 1756458184882,
      "tn" : 1756458184882489672,
      "q" : "60000",
      "p" : "0.000020235",
      "s" : "buy",
      "i" : "BONK_USDT",
      "m" : "4611686018429083857"
    }, {
      "d" : "1756458184867308678",
      "t" : 1756458184867,
      "tn" : 1756458184867308678,
      "q" : "60000",
      "p" : "0.000020235",
      "s" : "buy",
      "i" : "BONK_USDT",
      "m" : "4611686018429083856"
    }, {
      "d" : "1756458184787825619",
      "t" : 1756458184787,
      "tn" : 1756458184787825619,
      "q" : "60000",
      "p" : "0.000020235",
      "s" : "buy",
      "i" : "BONK_USDT",
      "m" : "4611686018429083855"
    }, {
      "d" : "1756458184737694436",
      "t" : 1756458184737,
      "tn" : 1756458184737694436,
      "q" : "60000",
      "p" : "0.000020235",
      "s" : "buy",
      "i" : "BONK_USDT",
      "m" : "4611686018429083854"
    }, {
      "d" : "1756458184561722007",
      "t" : 1756458184561,
      "tn" : 1756458184561722007,
      "q" : "60000",
      "p" : "0.000020235",
      "s" : "buy",
      "i" : "BONK_USDT",
      "m" : "4611686018429083853"
    }, {
      "d" : "1756458184536540409",
      "t" : 1756458184536,
      "tn" : 1756458184536540409,
      "q" : "60000",
      "p" : "0.000020235",
      "s" : "buy",
      "i" : "BONK_USDT",
      "m" : "4611686018429083852"
    }, {
      "d" : "1756458184521676197",
      "t" : 1756458184521,
      "tn" : 1756458184521676197,
      "q" : "60000",
      "p" : "0.000020235",
      "s" : "buy",
      "i" : "BONK_USDT",
      "m" : "4611686018429083851"
    }, {
      "d" : "1756458184461463410",
      "t" : 1756458184461,
      "tn" : 1756458184461463410,
      "q" : "60000",
      "p" : "0.000020235",
      "s" : "buy",
      "i" : "BONK_USDT",
      "m" : "4611686018429083850"
    }, {
      "d" : "1756458184421365139",
      "t" : 1756458184421,
      "tn" : 1756458184421365139,
      "q" : "60000",
      "p" : "0.000020235",
      "s" : "buy",
      "i" : "BONK_USDT",
      "m" : "4611686018429083849"
    }, {
      "d" : "1756458184296272821",
      "t" : 1756458184296,
      "tn" : 1756458184296272821,
      "q" : "60000",
      "p" : "0.000020235",
      "s" : "buy",
      "i" : "BONK_USDT",
      "m" : "4611686018429083848"
    }, {
      "d" : "1756458184266252752",
      "t" : 1756458184266,
      "tn" : 1756458184266252752,
      "q" : "60000",
      "p" : "0.000020235",
      "s" : "buy",
      "i" : "BONK_USDT",
      "m" : "4611686018429083847"
    }, {
      "d" : "1756458184231007514",
      "t" : 1756458184231,
      "tn" : 1756458184231007514,
      "q" : "60000",
      "p" : "0.000020235",
      "s" : "buy",
      "i" : "BONK_USDT",
      "m" : "4611686018429083846"
    }, {
      "d" : "1756458184221283367",
      "t" : 1756458184221,
      "tn" : 1756458184221283367,
      "q" : "60000",
      "p" : "0.000020235",
      "s" : "buy",
      "i" : "BONK_USDT",
      "m" : "4611686018429083845"
    }, {
      "d" : "1756458184201081848",
      "t" : 1756458184201,
      "tn" : 1756458184201081848,
      "q" : "60000",
      "p" : "0.000020235",
      "s" : "buy",
      "i" : "BONK_USDT",
      "m" : "4611686018429083844"
    }, {
      "d" : "1756458184041066160",
      "t" : 1756458184041,
      "tn" : 1756458184041066160,
      "q" : "60000",
      "p" : "0.000020235",
      "s" : "buy",
      "i" : "BONK_USDT",
      "m" : "4611686018429083843"
    }, {
      "d" : "1756458184020943025",
      "t" : 1756458184020,
      "tn" : 1756458184020943025,
      "q" : "60000",
      "p" : "0.000020235",
      "s" : "buy",
      "i" : "BONK_USDT",
      "m" : "4611686018429083842"
    }, {
      "d" : "1756458184010756462",
      "t" : 1756458184010,
      "tn" : 1756458184010756462,
      "q" : "60000",
      "p" : "0.000020235",
      "s" : "buy",
      "i" : "BONK_USDT",
      "m" : "4611686018429083841"
    }, {
      "d" : "1756458183995940867",
      "t" : 1756458183995,
      "tn" : 1756458183995940867,
      "q" : "60000",
      "p" : "0.000020235",
      "s" : "buy",
      "i" : "BONK_USDT",
      "m" : "4611686018429083840"
    }, {
      "d" : "1756458183965729648",
      "t" : 1756458183965,
      "tn" : 1756458183965729648,
      "q" : "60000",
      "p" : "0.000020235",
      "s" : "buy",
      "i" : "BONK_USDT",
      "m" : "4611686018429083839"
    }, {
      "d" : "1756458183954963373",
      "t" : 1756458183954,
      "tn" : 1756458183954963373,
      "q" : "60000",
      "p" : "0.000020235",
      "s" : "buy",
      "i" : "BONK_USDT",
      "m" : "4611686018429083838"
    }, {
      "d" : "1756458183934963408",
      "t" : 1756458183934,
      "tn" : 1756458183934963408,
      "q" : "60000",
      "p" : "0.000020235",
      "s" : "buy",
      "i" : "BONK_USDT",
      "m" : "4611686018429083837"
    }, {
      "d" : "1756458183904858698",
      "t" : 1756458183904,
      "tn" : 1756458183904858698,
      "q" : "60000",
      "p" : "0.000020235",
      "s" : "buy",
      "i" : "BONK_USDT",
      "m" : "4611686018429083836"
    }, {
      "d" : "1756458183834625256",
      "t" : 1756458183834,
      "tn" : 1756458183834625256,
      "q" : "60000",
      "p" : "0.000020235",
      "s" : "buy",
      "i" : "BONK_USDT",
      "m" : "4611686018429083835"
    }, {
      "d" : "1756458183799611019",
      "t" : 1756458183799,
      "tn" : 1756458183799611019,
      "q" : "60000",
      "p" : "0.000020235",
      "s" : "buy",
      "i" : "BONK_USDT",
      "m" : "4611686018429083834"
    }, {
      "d" : "1756458183789635429",
      "t" : 1756458183789,
      "tn" : 1756458183789635429,
      "q" : "60000",
      "p" : "0.000020235",
      "s" : "buy",
      "i" : "BONK_USDT",
      "m" : "4611686018429083833"
    }, {
      "d" : "1756458183739402507",
      "t" : 1756458183739,
      "tn" : 1756458183739402507,
      "q" : "60000",
      "p" : "0.000020235",
      "s" : "buy",
      "i" : "BONK_USDT",
      "m" : "4611686018429083832"
    }, {
      "d" : "1756458183704170356",
      "t" : 1756458183704,
      "tn" : 1756458183704170356,
      "q" : "60000",
      "p" : "0.000020235",
      "s" : "buy",
      "i" : "BONK_USDT",
      "m" : "4611686018429083831"
    }, {
      "d" : "1756458183649882848",
      "t" : 1756458183649,
      "tn" : 1756458183649882848,
      "q" : "60000",
      "p" : "0.000020235",
      "s" : "buy",
      "i" : "BONK_USDT",
      "m" : "4611686018429083830"
    }, {
      "d" : "1756458183579016181",
      "t" : 1756458183579,
      "tn" : 1756458183579016181,
      "q" : "60000",
      "p" : "0.000020235",
      "s" : "buy",
      "i" : "BONK_USDT",
      "m" : "4611686018429083829"
    }, {
      "d" : "1756458183533875764",
      "t" : 1756458183533,
      "tn" : 1756458183533875764,
      "q" : "60000",
      "p" : "0.000020235",
      "s" : "buy",
      "i" : "BONK_USDT",
      "m" : "4611686018429083828"
    }, {
      "d" : "1756458183519150460",
      "t" : 1756458183519,
      "tn" : 1756458183519150460,
      "q" : "60000",
      "p" : "0.000020235",
      "s" : "buy",
      "i" : "BONK_USDT",
      "m" : "4611686018429083827"
    }, {
      "d" : "1756458182454825956",
      "t" : 1756458182454,
      "tn" : 1756458182454825956,
      "q" : "70000",
      "p" : "0.000020255",
      "s" : "sell",
      "i" : "BONK_USDT",
      "m" : "4611686018429083826"
    }, {
      "d" : "1756458169889312198",
      "t" : 1756458169889,
      "tn" : 1756458169889312198,
      "q" : "60000",
      "p" : "0.000020304",
      "s" : "sell",
      "i" : "BONK_USDT",
      "m" : "4611686018429083825"
    }, {
      "d" : "1756458144449668709",
      "t" : 1756458144449,
      "tn" : 1756458144449668709,
      "q" : "60000",
      "p" : "0.000020324",
      "s" : "sell",
      "i" : "BONK_USDT",
      "m" : "4611686018429083824"
    }, {
      "d" : "1756458144353402541",
      "t" : 1756458144353,
      "tn" : 1756458144353402541,
      "q" : "60000",
      "p" : "0.000020334",
      "s" : "sell",
      "i" : "BONK_USDT",
      "m" : "4611686018429083823"
    }, {
      "d" : "1756458095207131018",
      "t" : 1756458095207,
      "tn" : 1756458095207131018,
      "q" : "60000",
      "p" : "0.000020374",
      "s" : "sell",
      "i" : "BONK_USDT",
      "m" : "4611686018429083822"
    }, {
      "d" : "1756457974120179685",
      "t" : 1756457974120,
      "tn" : 1756457974120179685,
      "q" : "60000",
      "p" : "0.000020413",
      "s" : "sell",
      "i" : "BONK_USDT",
      "m" : "4611686018429083821"
    }, {
      "d" : "1756457938864931788",
      "t" : 1756457938864,
      "tn" : 1756457938864931788,
      "q" : "60000",
      "p" : "0.000020414",
      "s" : "sell",
      "i" : "BONK_USDT",
      "m" : "4611686018429083820"
    }, {
      "d" : "1756457938353994339",
      "t" : 1756457938353,
      "tn" : 1756457938353994339,
      "q" : "60000",
      "p" : "0.000020414",
      "s" : "sell",
      "i" : "BONK_USDT",
      "m" : "4611686018429083819"
    }, {
      "d" : "1756457935639993283",
      "t" : 1756457935639,
      "tn" : 1756457935639993283,
      "q" : "60000",
      "p" : "0.000020414",
      "s" : "sell",
      "i" : "BONK_USDT",
      "m" : "4611686018429083818"
    }, {
      "d" : "1756457935034569197",
      "t" : 1756457935034,
      "tn" : 1756457935034569197,
      "q" : "60000",
      "p" : "0.000020414",
      "s" : "sell",
      "i" : "BONK_USDT",
      "m" : "4611686018429083817"
    }, {
      "d" : "1756457934004516776",
      "t" : 1756457934004,
      "tn" : 1756457934004516776,
      "q" : "60000",
      "p" : "0.000020414",
      "s" : "sell",
      "i" : "BONK_USDT",
      "m" : "4611686018429083816"
    }, {
      "d" : "1756457931518620526",
      "t" : 1756457931518,
      "tn" : 1756457931518620526,
      "q" : "60000",
      "p" : "0.000020414",
      "s" : "sell",
      "i" : "BONK_USDT",
      "m" : "4611686018429083815"
    }, {
      "d" : "1756457931264996685",
      "t" : 1756457931264,
      "tn" : 1756457931264996685,
      "q" : "60000",
      "p" : "0.000020414",
      "s" : "sell",
      "i" : "BONK_USDT",
      "m" : "4611686018429083814"
    }, {
      "d" : "1756457927280034302",
      "t" : 1756457927280,
      "tn" : 1756457927280034302,
      "q" : "60000",
      "p" : "0.000020414",
      "s" : "sell",
      "i" : "BONK_USDT",
      "m" : "4611686018429083813"
    }, {
      "d" : "1756457927029935723",
      "t" : 1756457927029,
      "tn" : 1756457927029935723,
      "q" : "60000",
      "p" : "0.000020414",
      "s" : "sell",
      "i" : "BONK_USDT",
      "m" : "4611686018429083812"
    }, {
      "d" : "1756457922426051362",
      "t" : 1756457922426,
      "tn" : 1756457922426051362,
      "q" : "20210000",
      "p" : "0.000020403",
      "s" : "sell",
      "i" : "BONK_USDT",
      "m" : "4611686018429083811"
    }, {
      "d" : "1756457922425841329",
      "t" : 1756457922425,
      "tn" : 1756457922425841329,
      "q" : "60000",
      "p" : "0.000020414",
      "s" : "sell",
      "i" : "BONK_USDT",
      "m" : "4611686018429083810"
    }, {
      "d" : "1756457901586849657",
      "t" : 1756457901586,
      "tn" : 1756457901586849657,
      "q" : "2150000",
      "p" : "0.000020425",
      "s" : "buy",
      "i" : "BONK_USDT",
      "m" : "4611686018429083809"
    }, {
      "d" : "1756457848815586007",
      "t" : 1756457848815,
      "tn" : 1756457848815586007,
      "q" : "60000",
      "p" : "0.000020394",
      "s" : "sell",
      "i" : "BONK_USDT",
      "m" : "4611686018429083808"
    }, {
      "d" : "1756457839678163558",
      "t" : 1756457839678,
      "tn" : 1756457839678163558,
      "q" : "48980000",
      "p" : "0.000020414",
      "s" : "sell",
      "i" : "BONK_USDT",
      "m" : "4611686018429083807"
    }, {
      "d" : "1756457839677798520",
      "t" : 1756457839677,
      "tn" : 1756457839677798520,
      "q" : "60000",
      "p" : "0.000020424",
      "s" : "sell",
      "i" : "BONK_USDT",
      "m" : "4611686018429083806"
    }, {
      "d" : "1756457626937715822",
      "t" : 1756457626937,
      "tn" : 1756457626937715822,
      "q" : "60000",
      "p" : "0.000020484",
      "s" : "sell",
      "i" : "BONK_USDT",
      "m" : "4611686018429083805"
    }, {
      "d" : "1756457353403966795",
      "t" : 1756457353403,
      "tn" : 1756457353403966795,
      "q" : "60000",
      "p" : "0.000020504",
      "s" : "sell",
      "i" : "BONK_USDT",
      "m" : "4611686018429083804"
    }, {
      "d" : "1756457353134544621",
      "t" : 1756457353134,
      "tn" : 1756457353134544621,
      "q" : "60000",
      "p" : "0.000020504",
      "s" : "sell",
      "i" : "BONK_USDT",
      "m" : "4611686018429083803"
    }, {
      "d" : "1756457351554411167",
      "t" : 1756457351554,
      "tn" : 1756457351554411167,
      "q" : "60000",
      "p" : "0.000020514",
      "s" : "sell",
      "i" : "BONK_USDT",
      "m" : "4611686018429083802"
    }, {
      "d" : "1756457351018724111",
      "t" : 1756457351018,
      "tn" : 1756457351018724111,
      "q" : "60000",
      "p" : "0.000020514",
      "s" : "sell",
      "i" : "BONK_USDT",
      "m" : "4611686018429083801"
    }, {
      "d" : "1756457350762123405",
      "t" : 1756457350762,
      "tn" : 1756457350762123405,
      "q" : "60000",
      "p" : "0.000020514",
      "s" : "sell",
      "i" : "BONK_USDT",
      "m" : "4611686018429083800"
    }, {
      "d" : "1756457349971206412",
      "t" : 1756457349971,
      "tn" : 1756457349971206412,
      "q" : "60000",
      "p" : "0.000020524",
      "s" : "sell",
      "i" : "BONK_USDT",
      "m" : "4611686018429083799"
    }, {
      "d" : "1756457324386865371",
      "t" : 1756457324386,
      "tn" : 1756457324386865371,
      "q" : "5040000",
      "p" : "0.000020481",
      "s" : "sell",
      "i" : "BONK_USDT",
      "m" : "4611686018429083798"
    }, {
      "d" : "1756457324386863581",
      "t" : 1756457324386,
      "tn" : 1756457324386863581,
      "q" : "60000",
      "p" : "0.000020504",
      "s" : "sell",
      "i" : "BONK_USDT",
      "m" : "4611686018429083797"
    }, {
      "d" : "1756457303001946878",
      "t" : 1756457303001,
      "tn" : 1756457303001946878,
      "q" : "8940000",
      "p" : "0.000020474",
      "s" : "sell",
      "i" : "BONK_USDT",
      "m" : "4611686018429083796"
    }, {
      "d" : "1756457303001944696",
      "t" : 1756457303001,
      "tn" : 1756457303001944696,
      "q" : "60000",
      "p" : "0.000020494",
      "s" : "sell",
      "i" : "BONK_USDT",
      "m" : "4611686018429083795"
    }, {
      "d" : "1756457155700799406",
      "t" : 1756457155700,
      "tn" : 1756457155700799406,
      "q" : "60000",
      "p" : "0.000020574",
      "s" : "sell",
      "i" : "BONK_USDT",
      "m" : "4611686018429083794"
    }, {
      "d" : "1756457155447956785",
      "t" : 1756457155447,
      "tn" : 1756457155447956785,
      "q" : "60000",
      "p" : "0.000020574",
      "s" : "sell",
      "i" : "BONK_USDT",
      "m" : "4611686018429083793"
    }, {
      "d" : "1756457079640083652",
      "t" : 1756457079640,
      "tn" : 1756457079640083652,
      "q" : "60000",
      "p" : "0.000020554",
      "s" : "sell",
      "i" : "BONK_USDT",
      "m" : "4611686018429083792"
    }, {
      "d" : "1756457079262226682",
      "t" : 1756457079262,
      "tn" : 1756457079262226682,
      "q" : "60000",
      "p" : "0.000020554",
      "s" : "sell",
      "i" : "BONK_USDT",
      "m" : "4611686018429083791"
    } ]
  }
}