{
  "id" : -1,
  "method" : "public/get-trades",
  "code" : 0,
  "result" : {
    "data" : [ {
      "d" : "1756459500623268578",
      "t" : 1756459500623,
      "tn" : 1756459500623268578,
      "q" : "873",
      "p" : "0.08000",
      "s" : "buy",
      "i" : "BOSON_USD",
      "m" : "4611686018429292665"
    }, {
      "d" : "1756459447296689707",
      "t" : 1756459447296,
      "tn" : 1756459447296689707,
      "q" : "55",
      "p" : "0.07996",
      "s" : "sell",
      "i" : "BOSON_USD",
      "m" : "4611686018429292664"
    }, {
      "d" : "1756459447296687778",
      "t" : 1756459447296,
      "tn" : 1756459447296687778,
      "q" : "56",
      "p" : "0.08001",
      "s" : "sell",
      "i" : "BOSON_USD",
      "m" : "4611686018429292663"
    }, {
      "d" : "1756459447296685405",
      "t" : 1756459447296,
      "tn" : 1756459447296685405,
      "q" : "56",
      "p" : "0.08006",
      "s" : "sell",
      "i" : "BOSON_USD",
      "m" : "4611686018429292662"
    }, {
      "d" : "1756459447296682313",
      "t" : 1756459447296,
      "tn" : 1756459447296682313,
      "q" : "56",
      "p" : "0.08011",
      "s" : "sell",
      "i" : "BOSON_USD",
      "m" : "4611686018429292661"
    }, {
      "d" : "1756459447296679661",
      "t" : 1756459447296,
      "tn" : 1756459447296679661,
      "q" : "56",
      "p" : "0.08016",
      "s" : "sell",
      "i" : "BOSON_USD",
      "m" : "4611686018429292660"
    }, {
      "d" : "1756459447296677290",
      "t" : 1756459447296,
      "tn" : 1756459447296677290,
      "q" : "56",
      "p" : "0.08021",
      "s" : "sell",
      "i" : "BOSON_USD",
      "m" : "4611686018429292659"
    }, {
      "d" : "1756459447296674602",
      "t" : 1756459447296,
      "tn" : 1756459447296674602,
      "q" : "55",
      "p" : "0.08026",
      "s" : "sell",
      "i" : "BOSON_USD",
      "m" : "4611686018429292658"
    }, {
      "d" : "1756459447296671613",
      "t" : 1756459447296,
      "tn" : 1756459447296671612,
      "q" : "55",
      "p" : "0.08031",
      "s" : "sell",
      "i" : "BOSON_USD",
      "m" : "4611686018429292657"
    }, {
      "d" : "1756459447296671612",
      "t" : 1756459447296,
      "tn" : 1756459447296671612,
      "q" : "55",
      "p" : "0.08031",
      "s" : "sell",
      "i" : "BOSON_USD",
      "m" : "4611686018429292657"
    }, {
      "d" : "1756456425327949145",
      "t" : 1756456425327,
      "tn" : 1756456425327949145,
      "q" : "130",
      "p" : "0.08045",
      "s" : "buy",
      "i" : "BOSON_USD",
      "m" : "4611686018429292656"
    }, {
      "d" : "1756456205088477246",
      "t" : 1756456205088,
      "tn" : 1756456205088477246,
      "q" : "332",
      "p" : "0.08045",
      "s" : "buy",
      "i" : "BOSON_USD",
      "m" : "4611686018429292655"
    }, {
      "d" : "1756455259154893533",
      "t" : 1756455259154,
      "tn" : 1756455259154893533,
      "q" : "29",
      "p" : "0.08046",
      "s" : "sell",
      "i" : "BOSON_USD",
      "m" : "4611686018429292654"
    }, {
      "d" : "1756455259154891408",
      "t" : 1756455259154,
      "tn" : 1756455259154891407,
      "q" : "55",
      "p" : "0.08051",
      "s" : "sell",
      "i" : "BOSON_USD",
      "m" : "4611686018429292653"
    }, {
      "d" : "1756455259154891407",
      "t" : 1756455259154,
      "tn" : 1756455259154891407,
      "q" : "55",
      "p" : "0.08051",
      "s" : "sell",
      "i" : "BOSON_USD",
      "m" : "4611686018429292653"
    }, {
      "d" : "1756455259154887239",
      "t" : 1756455259154,
      "tn" : 1756455259154887239,
      "q" : "55",
      "p" : "0.08055",
      "s" : "sell",
      "i" : "BOSON_USD",
      "m" : "4611686018429292652"
    }, {
      "d" : "1756455259154885533",
      "t" : 1756455259154,
      "tn" : 1756455259154885533,
      "q" : "55",
      "p" : "0.08060",
      "s" : "sell",
      "i" : "BOSON_USD",
      "m" : "4611686018429292651"
    }, {
      "d" : "1756454362982504744",
      "t" : 1756454362982,
      "tn" : 1756454362982504744,
      "q" : "28",
      "p" : "0.08060",
      "s" : "sell",
      "i" : "BOSON_USD",
      "m" : "4611686018429292650"
    }, {
      "d" : "1756454362982502451",
      "t" : 1756454362982,
      "tn" : 1756454362982502451,
      "q" : "55",
      "p" : "0.08064",
      "s" : "sell",
      "i" : "BOSON_USD",
      "m" : "4611686018429292649"
    }, {
      "d" : "1756454362982499984",
      "t" : 1756454362982,
      "tn" : 1756454362982499984,
      "q" : "55",
      "p" : "0.08069",
      "s" : "sell",
      "i" : "BOSON_USD",
      "m" : "4611686018429292648"
    }, {
      "d" : "1756454362982497195",
      "t" : 1756454362982,
      "tn" : 1756454362982497195,
      "q" : "55",
      "p" : "0.08074",
      "s" : "sell",
      "i" : "BOSON_USD",
      "m" : "4611686018429292647"
    }, {
      "d" : "1756454362982494925",
      "t" : 1756454362982,
      "tn" : 1756454362982494925,
      "q" : "55",
      "p" : "0.08079",
      "s" : "sell",
      "i" : "BOSON_USD",
      "m" : "4611686018429292646"
    }, {
      "d" : "1756452979554245325",
      "t" : 1756452979554,
      "tn" : 1756452979554245325,
      "q" : "27",
      "p" : "0.08083",
      "s" : "sell",
      "i" : "BOSON_USD",
      "m" : "4611686018429292645"
    }, {
      "d" : "1756452979554243423",
      "t" : 1756452979554,
      "tn" : 1756452979554243423,
      "q" : "55",
      "p" : "0.08087",
      "s" : "sell",
      "i" : "BOSON_USD",
      "m" : "4611686018429292644"
    }, {
      "d" : "1756452979554240649",
      "t" : 1756452979554,
      "tn" : 1756452979554240649,
      "q" : "55",
      "p" : "0.08091",
      "s" : "sell",
      "i" : "BOSON_USD",
      "m" : "4611686018429292643"
    }, {
      "d" : "1756452979554238076",
      "t" : 1756452979554,
      "tn" : 1756452979554238076,
      "q" : "55",
      "p" : "0.08095",
      "s" : "sell",
      "i" : "BOSON_USD",
      "m" : "4611686018429292642"
    }, {
      "d" : "1756452979554235160",
      "t" : 1756452979554,
      "tn" : 1756452979554235160,
      "q" : "55",
      "p" : "0.08099",
      "s" : "sell",
      "i" : "BOSON_USD",
      "m" : "4611686018429292641"
    }, {
      "d" : "1756451871975287793",
      "t" : 1756451871975,
      "tn" : 1756451871975287793,
      "q" : "49",
      "p" : "0.08103",
      "s" : "sell",
      "i" : "BOSON_USD",
      "m" : "4611686018429292640"
    }, {
      "d" : "1756451651559796115",
      "t" : 1756451651559,
      "tn" : 1756451651559796115,
      "q" : "55",
      "p" : "0.08107",
      "s" : "sell",
      "i" : "BOSON_USD",
      "m" : "4611686018429292639"
    }, {
      "d" : "1756451624000127689",
      "t" : 1756451624000,
      "tn" : 1756451624000127689,
      "q" : "55",
      "p" : "0.08112",
      "s" : "sell",
      "i" : "BOSON_USD",
      "m" : "4611686018429292638"
    }, {
      "d" : "1756449380881886370",
      "t" : 1756449380881,
      "tn" : 1756449380881886370,
      "q" : "55",
      "p" : "0.08116",
      "s" : "sell",
      "i" : "BOSON_USD",
      "m" : "4611686018429292637"
    }, {
      "d" : "1756449377602951444",
      "t" : 1756449377602,
      "tn" : 1756449377602951444,
      "q" : "55",
      "p" : "0.08121",
      "s" : "sell",
      "i" : "BOSON_USD",
      "m" : "4611686018429292636"
    }, {
      "d" : "1756449374321342121",
      "t" : 1756449374321,
      "tn" : 1756449374321342121,
      "q" : "55",
      "p" : "0.08126",
      "s" : "sell",
      "i" : "BOSON_USD",
      "m" : "4611686018429292635"
    }, {
      "d" : "1756449211061359969",
      "t" : 1756449211061,
      "tn" : 1756449211061359969,
      "q" : "132",
      "p" : "0.08127",
      "s" : "buy",
      "i" : "BOSON_USD",
      "m" : "4611686018429292634"
    }, {
      "d" : "1756447814567816871",
      "t" : 1756447814567,
      "tn" : 1756447814567816871,
      "q" : "406",
      "p" : "0.08135",
      "s" : "buy",
      "i" : "BOSON_USD",
      "m" : "4611686018429292633"
    }, {
      "d" : "1756446598113642320",
      "t" : 1756446598113,
      "tn" : 1756446598113642320,
      "q" : "212",
      "p" : "0.08135",
      "s" : "buy",
      "i" : "BOSON_USD",
      "m" : "4611686018429292632"
    }, {
      "d" : "1756446594948095276",
      "t" : 1756446594948,
      "tn" : 1756446594948095276,
      "q" : "55",
      "p" : "0.08131",
      "s" : "buy",
      "i" : "BOSON_USD",
      "m" : "4611686018429292631"
    }, {
      "d" : "1756445297577155023",
      "t" : 1756445297577,
      "tn" : 1756445297577155023,
      "q" : "55",
      "p" : "0.08126",
      "s" : "sell",
      "i" : "BOSON_USD",
      "m" : "4611686018429292630"
    }, {
      "d" : "1756444224133505386",
      "t" : 1756444224133,
      "tn" : 1756444224133505386,
      "q" : "828",
      "p" : "0.08135",
      "s" : "buy",
      "i" : "BOSON_USD",
      "m" : "4611686018429292629"
    }, {
      "d" : "1756444165985788978",
      "t" : 1756444165985,
      "tn" : 1756444165985788978,
      "q" : "275",
      "p" : "0.08135",
      "s" : "buy",
      "i" : "BOSON_USD",
      "m" : "4611686018429292628"
    }, {
      "d" : "1756443770900118178",
      "t" : 1756443770900,
      "tn" : 1756443770900118178,
      "q" : "33",
      "p" : "0.08126",
      "s" : "sell",
      "i" : "BOSON_USD",
      "m" : "4611686018429292627"
    }, {
      "d" : "1756443767953996958",
      "t" : 1756443767953,
      "tn" : 1756443767953996958,
      "q" : "55",
      "p" : "0.08131",
      "s" : "sell",
      "i" : "BOSON_USD",
      "m" : "4611686018429292626"
    }, {
      "d" : "1756442469283459453",
      "t" : 1756442469283,
      "tn" : 1756442469283459453,
      "q" : "55",
      "p" : "0.08136",
      "s" : "buy",
      "i" : "BOSON_USD",
      "m" : "4611686018429292625"
    }, {
      "d" : "1756442465891055737",
      "t" : 1756442465891,
      "tn" : 1756442465891055737,
      "q" : "55",
      "p" : "0.08131",
      "s" : "buy",
      "i" : "BOSON_USD",
      "m" : "4611686018429292624"
    }, {
      "d" : "1756440705408452800",
      "t" : 1756440705408,
      "tn" : 1756440705408452800,
      "q" : "55",
      "p" : "0.08126",
      "s" : "sell",
      "i" : "BOSON_USD",
      "m" : "4611686018429292623"
    }, {
      "d" : "1756440702164310717",
      "t" : 1756440702164,
      "tn" : 1756440702164310717,
      "q" : "55",
      "p" : "0.08131",
      "s" : "sell",
      "i" : "BOSON_USD",
      "m" : "4611686018429292622"
    }, {
      "d" : "1756440280129772819",
      "t" : 1756440280129,
      "tn" : 1756440280129772819,
      "q" : "377",
      "p" : "0.08139",
      "s" : "sell",
      "i" : "BOSON_USD",
      "m" : "4611686018429292621"
    }, {
      "d" : "1756440280129770192",
      "t" : 1756440280129,
      "tn" : 1756440280129770192,
      "q" : "510",
      "p" : "0.08140",
      "s" : "sell",
      "i" : "BOSON_USD",
      "m" : "4611686018429292620"
    }, {
      "d" : "1756439635208779576",
      "t" : 1756439635208,
      "tn" : 1756439635208779576,
      "q" : "885",
      "p" : "0.08135",
      "s" : "sell",
      "i" : "BOSON_USD",
      "m" : "4611686018429292619"
    }, {
      "d" : "1756439330093294178",
      "t" : 1756439330093,
      "tn" : 1756439330093294178,
      "q" : "883",
      "p" : "0.08135",
      "s" : "sell",
      "i" : "BOSON_USD",
      "m" : "4611686018429292618"
    }, {
      "d" : "1756438515500157964",
      "t" : 1756438515500,
      "tn" : 1756438515500157963,
      "q" : "792",
      "p" : "0.08140",
      "s" : "sell",
      "i" : "BOSON_USD",
      "m" : "4611686018429292617"
    }, {
      "d" : "1756438515500157963",
      "t" : 1756438515500,
      "tn" : 1756438515500157963,
      "q" : "88",
      "p" : "0.08140",
      "s" : "sell",
      "i" : "BOSON_USD",
      "m" : "4611686018429292617"
    }, {
      "d" : "1756438308842876925",
      "t" : 1756438308842,
      "tn" : 1756438308842876925,
      "q" : "658",
      "p" : "0.08134",
      "s" : "sell",
      "i" : "BOSON_USD",
      "m" : "4611686018429292616"
    }, {
      "d" : "1756438308842874577",
      "t" : 1756438308842,
      "tn" : 1756438308842874577,
      "q" : "55",
      "p" : "0.08136",
      "s" : "sell",
      "i" : "BOSON_USD",
      "m" : "4611686018429292615"
    }, {
      "d" : "1756438308842871713",
      "t" : 1756438308842,
      "tn" : 1756438308842871713,
      "q" : "55",
      "p" : "0.08141",
      "s" : "sell",
      "i" : "BOSON_USD",
      "m" : "4611686018429292614"
    }, {
      "d" : "1756438308842869171",
      "t" : 1756438308842,
      "tn" : 1756438308842869171,
      "q" : "55",
      "p" : "0.08146",
      "s" : "sell",
      "i" : "BOSON_USD",
      "m" : "4611686018429292613"
    }, {
      "d" : "1756438308842866332",
      "t" : 1756438308842,
      "tn" : 1756438308842866332,
      "q" : "55",
      "p" : "0.08151",
      "s" : "sell",
      "i" : "BOSON_USD",
      "m" : "4611686018429292612"
    }, {
      "d" : "1756436820867973317",
      "t" : 1756436820867,
      "tn" : 1756436820867973317,
      "q" : "55",
      "p" : "0.08156",
      "s" : "sell",
      "i" : "BOSON_USD",
      "m" : "4611686018429292611"
    }, {
      "d" : "1756436817746597468",
      "t" : 1756436817746,
      "tn" : 1756436817746597468,
      "q" : "55",
      "p" : "0.08161",
      "s" : "sell",
      "i" : "BOSON_USD",
      "m" : "4611686018429292610"
    }, {
      "d" : "1756435793751224064",
      "t" : 1756435793751,
      "tn" : 1756435793751224064,
      "q" : "115",
      "p" : "0.08168",
      "s" : "buy",
      "i" : "BOSON_USD",
      "m" : "4611686018429292609"
    }, {
      "d" : "1756435790485916233",
      "t" : 1756435790485,
      "tn" : 1756435790485916233,
      "q" : "55",
      "p" : "0.08166",
      "s" : "buy",
      "i" : "BOSON_USD",
      "m" : "4611686018429292608"
    }, {
      "d" : "1756435787285106617",
      "t" : 1756435787285,
      "tn" : 1756435787285106617,
      "q" : "1020",
      "p" : "0.08165",
      "s" : "buy",
      "i" : "BOSON_USD",
      "m" : "4611686018429292607"
    }, {
      "d" : "1756435042034620379",
      "t" : 1756435042034,
      "tn" : 1756435042034620379,
      "q" : "586",
      "p" : "0.08165",
      "s" : "buy",
      "i" : "BOSON_USD",
      "m" : "4611686018429292606"
    }, {
      "d" : "1756435036740152840",
      "t" : 1756435036740,
      "tn" : 1756435036740152840,
      "q" : "55",
      "p" : "0.08161",
      "s" : "buy",
      "i" : "BOSON_USD",
      "m" : "4611686018429292605"
    }, {
      "d" : "1756435031587586042",
      "t" : 1756435031587,
      "tn" : 1756435031587586042,
      "q" : "55",
      "p" : "0.08156",
      "s" : "buy",
      "i" : "BOSON_USD",
      "m" : "4611686018429292604"
    }, {
      "d" : "1756435026275474325",
      "t" : 1756435026275,
      "tn" : 1756435026275474325,
      "q" : "55",
      "p" : "0.08151",
      "s" : "buy",
      "i" : "BOSON_USD",
      "m" : "4611686018429292603"
    }, {
      "d" : "1756435021226474878",
      "t" : 1756435021226,
      "tn" : 1756435021226474878,
      "q" : "55",
      "p" : "0.08146",
      "s" : "buy",
      "i" : "BOSON_USD",
      "m" : "4611686018429292602"
    }, {
      "d" : "1756435016287250389",
      "t" : 1756435016287,
      "tn" : 1756435016287250388,
      "q" : "88",
      "p" : "0.08141",
      "s" : "buy",
      "i" : "BOSON_USD",
      "m" : "4611686018429292601"
    }, {
      "d" : "1756435016287250388",
      "t" : 1756435016287,
      "tn" : 1756435016287250388,
      "q" : "55",
      "p" : "0.08141",
      "s" : "buy",
      "i" : "BOSON_USD",
      "m" : "4611686018429292601"
    }, {
      "d" : "1756435012283242952",
      "t" : 1756435012283,
      "tn" : 1756435012283242952,
      "q" : "55",
      "p" : "0.08136",
      "s" : "buy",
      "i" : "BOSON_USD",
      "m" : "4611686018429292600"
    }, {
      "d" : "1756435008848548033",
      "t" : 1756435008848,
      "tn" : 1756435008848548033,
      "q" : "55",
      "p" : "0.08131",
      "s" : "buy",
      "i" : "BOSON_USD",
      "m" : "4611686018429292599"
    }, {
      "d" : "1756435005517556225",
      "t" : 1756435005517,
      "tn" : 1756435005517556225,
      "q" : "55",
      "p" : "0.08126",
      "s" : "buy",
      "i" : "BOSON_USD",
      "m" : "4611686018429292598"
    }, {
      "d" : "1756435002279378681",
      "t" : 1756435002279,
      "tn" : 1756435002279378681,
      "q" : "55",
      "p" : "0.08121",
      "s" : "buy",
      "i" : "BOSON_USD",
      "m" : "4611686018429292597"
    }, {
      "d" : "1756434999119587511",
      "t" : 1756434999119,
      "tn" : 1756434999119587511,
      "q" : "55",
      "p" : "0.08116",
      "s" : "buy",
      "i" : "BOSON_USD",
      "m" : "4611686018429292596"
    }, {
      "d" : "1756434301065396488",
      "t" : 1756434301065,
      "tn" : 1756434301065396488,
      "q" : "876",
      "p" : "0.08115",
      "s" : "sell",
      "i" : "BOSON_USD",
      "m" : "4611686018429292595"
    }, {
      "d" : "1756434166114009708",
      "t" : 1756434166114,
      "tn" : 1756434166114009708,
      "q" : "874",
      "p" : "0.08115",
      "s" : "sell",
      "i" : "BOSON_USD",
      "m" : "4611686018429292594"
    }, {
      "d" : "1756433536700335033",
      "t" : 1756433536700,
      "tn" : 1756433536700335033,
      "q" : "55",
      "p" : "0.08112",
      "s" : "buy",
      "i" : "BOSON_USD",
      "m" : "4611686018429292593"
    }, {
      "d" : "1756431255961769970",
      "t" : 1756431255961,
      "tn" : 1756431255961769970,
      "q" : "57",
      "p" : "0.08104",
      "s" : "sell",
      "i" : "BOSON_USD",
      "m" : "4611686018429292592"
    }, {
      "d" : "1756431044210408035",
      "t" : 1756431044210,
      "tn" : 1756431044210408035,
      "q" : "312",
      "p" : "0.08105",
      "s" : "sell",
      "i" : "BOSON_USD",
      "m" : "4611686018429292591"
    }, {
      "d" : "1756431040319271050",
      "t" : 1756431040319,
      "tn" : 1756431040319271049,
      "q" : "1233",
      "p" : "0.08107",
      "s" : "sell",
      "i" : "BOSON_USD",
      "m" : "4611686018429292590"
    }, {
      "d" : "1756431040319271049",
      "t" : 1756431040319,
      "tn" : 1756431040319271049,
      "q" : "55",
      "p" : "0.08107",
      "s" : "sell",
      "i" : "BOSON_USD",
      "m" : "4611686018429292590"
    }, {
      "d" : "1756430393918547584",
      "t" : 1756430393918,
      "tn" : 1756430393918547584,
      "q" : "303",
      "p" : "0.08108",
      "s" : "sell",
      "i" : "BOSON_USD",
      "m" : "4611686018429292589"
    }, {
      "d" : "1756430393918545848",
      "t" : 1756430393918,
      "tn" : 1756430393918545848,
      "q" : "238",
      "p" : "0.08109",
      "s" : "sell",
      "i" : "BOSON_USD",
      "m" : "4611686018429292588"
    }, {
      "d" : "1756430393918543007",
      "t" : 1756430393918,
      "tn" : 1756430393918543007,
      "q" : "55",
      "p" : "0.08112",
      "s" : "sell",
      "i" : "BOSON_USD",
      "m" : "4611686018429292587"
    }, {
      "d" : "1756430393918540454",
      "t" : 1756430393918,
      "tn" : 1756430393918540454,
      "q" : "55",
      "p" : "0.08116",
      "s" : "sell",
      "i" : "BOSON_USD",
      "m" : "4611686018429292586"
    }, {
      "d" : "1756430393918537521",
      "t" : 1756430393918,
      "tn" : 1756430393918537521,
      "q" : "55",
      "p" : "0.08121",
      "s" : "sell",
      "i" : "BOSON_USD",
      "m" : "4611686018429292585"
    }, {
      "d" : "1756430393918535241",
      "t" : 1756430393918,
      "tn" : 1756430393918535241,
      "q" : "55",
      "p" : "0.08126",
      "s" : "sell",
      "i" : "BOSON_USD",
      "m" : "4611686018429292584"
    }, {
      "d" : "1756430393918532174",
      "t" : 1756430393918,
      "tn" : 1756430393918532174,
      "q" : "55",
      "p" : "0.08131",
      "s" : "sell",
      "i" : "BOSON_USD",
      "m" : "4611686018429292583"
    }, {
      "d" : "1756430393918529077",
      "t" : 1756430393918,
      "tn" : 1756430393918529077,
      "q" : "55",
      "p" : "0.08136",
      "s" : "sell",
      "i" : "BOSON_USD",
      "m" : "4611686018429292582"
    }, {
      "d" : "1756429382017935858",
      "t" : 1756429382017,
      "tn" : 1756429382017935858,
      "q" : "55",
      "p" : "0.08141",
      "s" : "buy",
      "i" : "BOSON_USD",
      "m" : "4611686018429292581"
    }, {
      "d" : "1756429327517177342",
      "t" : 1756429327517,
      "tn" : 1756429327517177342,
      "q" : "55",
      "p" : "0.08136",
      "s" : "sell",
      "i" : "BOSON_USD",
      "m" : "4611686018429292580"
    }, {
      "d" : "1756429324357789629",
      "t" : 1756429324357,
      "tn" : 1756429324357789629,
      "q" : "33",
      "p" : "0.08137",
      "s" : "sell",
      "i" : "BOSON_USD",
      "m" : "4611686018429292579"
    }, {
      "d" : "1756427528185511172",
      "t" : 1756427528185,
      "tn" : 1756427528185511172,
      "q" : "55",
      "p" : "0.08141",
      "s" : "buy",
      "i" : "BOSON_USD",
      "m" : "4611686018429292578"
    }, {
      "d" : "1756427506797213150",
      "t" : 1756427506797,
      "tn" : 1756427506797213150,
      "q" : "160",
      "p" : "0.08133",
      "s" : "sell",
      "i" : "BOSON_USD",
      "m" : "4611686018429292577"
    }, {
      "d" : "1756427506797210599",
      "t" : 1756427506797,
      "tn" : 1756427506797210599,
      "q" : "55",
      "p" : "0.08136",
      "s" : "sell",
      "i" : "BOSON_USD",
      "m" : "4611686018429292576"
    }, {
      "d" : "1756427506797208997",
      "t" : 1756427506797,
      "tn" : 1756427506797208997,
      "q" : "55",
      "p" : "0.08141",
      "s" : "sell",
      "i" : "BOSON_USD",
      "m" : "4611686018429292575"
    }, {
      "d" : "1756427506797207384",
      "t" : 1756427506797,
      "tn" : 1756427506797207384,
      "q" : "55",
      "p" : "0.08146",
      "s" : "sell",
      "i" : "BOSON_USD",
      "m" : "4611686018429292574"
    }, {
      "d" : "1756427506797203170",
      "t" : 1756427506797,
      "tn" : 1756427506797203170,
      "q" : "55",
      "p" : "0.08151",
      "s" : "sell",
      "i" : "BOSON_USD",
      "m" : "4611686018429292573"
    }, {
      "d" : "1756427506797200617",
      "t" : 1756427506797,
      "tn" : 1756427506797200617,
      "q" : "55",
      "p" : "0.08156",
      "s" : "sell",
      "i" : "BOSON_USD",
      "m" : "4611686018429292572"
    }, {
      "d" : "1756427506797198241",
      "t" : 1756427506797,
      "tn" : 1756427506797198241,
      "q" : "55",
      "p" : "0.08161",
      "s" : "sell",
      "i" : "BOSON_USD",
      "m" : "4611686018429292571"
    }, {
      "d" : "1756427506797196712",
      "t" : 1756427506797,
      "tn" : 1756427506797196712,
      "q" : "55",
      "p" : "0.08166",
      "s" : "sell",
      "i" : "BOSON_USD",
      "m" : "4611686018429292570"
    }, {
      "d" : "1756427506797193061",
      "t" : 1756427506797,
      "tn" : 1756427506797193061,
      "q" : "54",
      "p" : "0.08171",
      "s" : "sell",
      "i" : "BOSON_USD",
      "m" : "4611686018429292569"
    }, {
      "d" : "1756427506797190620",
      "t" : 1756427506797,
      "tn" : 1756427506797190620,
      "q" : "54",
      "p" : "0.08176",
      "s" : "sell",
      "i" : "BOSON_USD",
      "m" : "4611686018429292568"
    }, {
      "d" : "1756427506797188473",
      "t" : 1756427506797,
      "tn" : 1756427506797188473,
      "q" : "54",
      "p" : "0.08181",
      "s" : "sell",
      "i" : "BOSON_USD",
      "m" : "4611686018429292567"
    }, {
      "d" : "1756427506797185685",
      "t" : 1756427506797,
      "tn" : 1756427506797185685,
      "q" : "54",
      "p" : "0.08186",
      "s" : "sell",
      "i" : "BOSON_USD",
      "m" : "4611686018429292566"
    }, {
      "d" : "1756427506797182595",
      "t" : 1756427506797,
      "tn" : 1756427506797182595,
      "q" : "54",
      "p" : "0.08191",
      "s" : "sell",
      "i" : "BOSON_USD",
      "m" : "4611686018429292565"
    }, {
      "d" : "1756427506797179510",
      "t" : 1756427506797,
      "tn" : 1756427506797179510,
      "q" : "54",
      "p" : "0.08196",
      "s" : "sell",
      "i" : "BOSON_USD",
      "m" : "4611686018429292564"
    }, {
      "d" : "1756427419819847451",
      "t" : 1756427419819,
      "tn" : 1756427419819847451,
      "q" : "106",
      "p" : "0.08197",
      "s" : "buy",
      "i" : "BOSON_USD",
      "m" : "4611686018429292563"
    }, {
      "d" : "1756423699949590696",
      "t" : 1756423699949,
      "tn" : 1756423699949590696,
      "q" : "35",
      "p" : "0.08201",
      "s" : "sell",
      "i" : "BOSON_USD",
      "m" : "4611686018429292562"
    }, {
      "d" : "1756423699949588144",
      "t" : 1756423699949,
      "tn" : 1756423699949588144,
      "q" : "54",
      "p" : "0.08206",
      "s" : "sell",
      "i" : "BOSON_USD",
      "m" : "4611686018429292561"
    }, {
      "d" : "1756423699949585353",
      "t" : 1756423699949,
      "tn" : 1756423699949585353,
      "q" : "54",
      "p" : "0.08211",
      "s" : "sell",
      "i" : "BOSON_USD",
      "m" : "4611686018429292560"
    }, {
      "d" : "1756423699949583063",
      "t" : 1756423699949,
      "tn" : 1756423699949583063,
      "q" : "54",
      "p" : "0.08216",
      "s" : "sell",
      "i" : "BOSON_USD",
      "m" : "4611686018429292559"
    }, {
      "d" : "1756423699949580139",
      "t" : 1756423699949,
      "tn" : 1756423699949580139,
      "q" : "54",
      "p" : "0.08221",
      "s" : "sell",
      "i" : "BOSON_USD",
      "m" : "4611686018429292558"
    }, {
      "d" : "1756423699949577715",
      "t" : 1756423699949,
      "tn" : 1756423699949577715,
      "q" : "54",
      "p" : "0.08226",
      "s" : "sell",
      "i" : "BOSON_USD",
      "m" : "4611686018429292557"
    }, {
      "d" : "1756422677799671659",
      "t" : 1756422677799,
      "tn" : 1756422677799671659,
      "q" : "873",
      "p" : "0.08229",
      "s" : "buy",
      "i" : "BOSON_USD",
      "m" : "4611686018429292556"
    }, {
      "d" : "1756422508148262984",
      "t" : 1756422508148,
      "tn" : 1756422508148262984,
      "q" : "876",
      "p" : "0.08229",
      "s" : "buy",
      "i" : "BOSON_USD",
      "m" : "4611686018429292555"
    }, {
      "d" : "1756422270973096933",
      "t" : 1756422270973,
      "tn" : 1756422270973096933,
      "q" : "879",
      "p" : "0.08229",
      "s" : "buy",
      "i" : "BOSON_USD",
      "m" : "4611686018429292554"
    }, {
      "d" : "1756422101082707425",
      "t" : 1756422101082,
      "tn" : 1756422101082707425,
      "q" : "828",
      "p" : "0.08234",
      "s" : "buy",
      "i" : "BOSON_USD",
      "m" : "4611686018429292553"
    }, {
      "d" : "1756422101082705283",
      "t" : 1756422101082,
      "tn" : 1756422101082705283,
      "q" : "54",
      "p" : "0.08231",
      "s" : "buy",
      "i" : "BOSON_USD",
      "m" : "4611686018429292552"
    }, {
      "d" : "1756421119948295815",
      "t" : 1756421119948,
      "tn" : 1756421119948295815,
      "q" : "3230",
      "p" : "0.08229",
      "s" : "buy",
      "i" : "BOSON_USD",
      "m" : "4611686018429292551"
    }, {
      "d" : "1756421116142322922",
      "t" : 1756421116142,
      "tn" : 1756421116142322922,
      "q" : "54",
      "p" : "0.08226",
      "s" : "buy",
      "i" : "BOSON_USD",
      "m" : "4611686018429292550"
    }, {
      "d" : "1756421112858211843",
      "t" : 1756421112858,
      "tn" : 1756421112858211843,
      "q" : "54",
      "p" : "0.08221",
      "s" : "buy",
      "i" : "BOSON_USD",
      "m" : "4611686018429292549"
    }, {
      "d" : "1756421109720255969",
      "t" : 1756421109720,
      "tn" : 1756421109720255969,
      "q" : "54",
      "p" : "0.08216",
      "s" : "buy",
      "i" : "BOSON_USD",
      "m" : "4611686018429292548"
    }, {
      "d" : "1756421106470325615",
      "t" : 1756421106470,
      "tn" : 1756421106470325615,
      "q" : "54",
      "p" : "0.08211",
      "s" : "buy",
      "i" : "BOSON_USD",
      "m" : "4611686018429292547"
    }, {
      "d" : "1756418894727416429",
      "t" : 1756418894727,
      "tn" : 1756418894727416429,
      "q" : "723",
      "p" : "0.08209",
      "s" : "buy",
      "i" : "BOSON_USD",
      "m" : "4611686018429292546"
    }, {
      "d" : "1756418894727414491",
      "t" : 1756418894727,
      "tn" : 1756418894727414491,
      "q" : "54",
      "p" : "0.08206",
      "s" : "buy",
      "i" : "BOSON_USD",
      "m" : "4611686018429292545"
    }, {
      "d" : "1756418894727412103",
      "t" : 1756418894727,
      "tn" : 1756418894727412103,
      "q" : "54",
      "p" : "0.08201",
      "s" : "buy",
      "i" : "BOSON_USD",
      "m" : "4611686018429292544"
    }, {
      "d" : "1756418894727408989",
      "t" : 1756418894727,
      "tn" : 1756418894727408989,
      "q" : "54",
      "p" : "0.08196",
      "s" : "buy",
      "i" : "BOSON_USD",
      "m" : "4611686018429292543"
    }, {
      "d" : "1756418657281019287",
      "t" : 1756418657281,
      "tn" : 1756418657281019287,
      "q" : "672",
      "p" : "0.08193",
      "s" : "buy",
      "i" : "BOSON_USD",
      "m" : "4611686018429292542"
    }, {
      "d" : "1756418657281017350",
      "t" : 1756418657281,
      "tn" : 1756418657281017350,
      "q" : "54",
      "p" : "0.08191",
      "s" : "buy",
      "i" : "BOSON_USD",
      "m" : "4611686018429292541"
    }, {
      "d" : "1756418657281014972",
      "t" : 1756418657281,
      "tn" : 1756418657281014972,
      "q" : "54",
      "p" : "0.08186",
      "s" : "buy",
      "i" : "BOSON_USD",
      "m" : "4611686018429292540"
    }, {
      "d" : "1756418657281011111",
      "t" : 1756418657281,
      "tn" : 1756418657281011111,
      "q" : "54",
      "p" : "0.08181",
      "s" : "buy",
      "i" : "BOSON_USD",
      "m" : "4611686018429292539"
    }, {
      "d" : "1756418657281008078",
      "t" : 1756418657281,
      "tn" : 1756418657281008078,
      "q" : "54",
      "p" : "0.08176",
      "s" : "buy",
      "i" : "BOSON_USD",
      "m" : "4611686018429292538"
    }, {
      "d" : "1756418461500883744",
      "t" : 1756418461500,
      "tn" : 1756418461500883744,
      "q" : "54",
      "p" : "0.08171",
      "s" : "sell",
      "i" : "BOSON_USD",
      "m" : "4611686018429292537"
    }, {
      "d" : "1756418458399384422",
      "t" : 1756418458399,
      "tn" : 1756418458399384422,
      "q" : "54",
      "p" : "0.08176",
      "s" : "sell",
      "i" : "BOSON_USD",
      "m" : "4611686018429292536"
    }, {
      "d" : "1756418455304641455",
      "t" : 1756418455304,
      "tn" : 1756418455304641455,
      "q" : "54",
      "p" : "0.08181",
      "s" : "sell",
      "i" : "BOSON_USD",
      "m" : "4611686018429292535"
    }, {
      "d" : "1756417531411821550",
      "t" : 1756417531411,
      "tn" : 1756417531411821550,
      "q" : "601",
      "p" : "0.08188",
      "s" : "buy",
      "i" : "BOSON_USD",
      "m" : "4611686018429292534"
    }, {
      "d" : "1756417531411819427",
      "t" : 1756417531411,
      "tn" : 1756417531411819427,
      "q" : "54",
      "p" : "0.08186",
      "s" : "buy",
      "i" : "BOSON_USD",
      "m" : "4611686018429292533"
    }, {
      "d" : "1756417531411816280",
      "t" : 1756417531411,
      "tn" : 1756417531411816280,
      "q" : "236",
      "p" : "0.08185",
      "s" : "buy",
      "i" : "BOSON_USD",
      "m" : "4611686018429292532"
    }, {
      "d" : "1756417293334905224",
      "t" : 1756417293334,
      "tn" : 1756417293334905224,
      "q" : "118",
      "p" : "0.08183",
      "s" : "buy",
      "i" : "BOSON_USD",
      "m" : "4611686018429292531"
    }, {
      "d" : "1756417293334903443",
      "t" : 1756417293334,
      "tn" : 1756417293334903443,
      "q" : "236",
      "p" : "0.08182",
      "s" : "buy",
      "i" : "BOSON_USD",
      "m" : "4611686018429292530"
    }, {
      "d" : "1756417293334900415",
      "t" : 1756417293334,
      "tn" : 1756417293334900415,
      "q" : "54",
      "p" : "0.08181",
      "s" : "buy",
      "i" : "BOSON_USD",
      "m" : "4611686018429292529"
    }, {
      "d" : "1756417293334897704",
      "t" : 1756417293334,
      "tn" : 1756417293334897704,
      "q" : "54",
      "p" : "0.08176",
      "s" : "buy",
      "i" : "BOSON_USD",
      "m" : "4611686018429292528"
    }, {
      "d" : "1756412901940862030",
      "t" : 1756412901940,
      "tn" : 1756412901940862030,
      "q" : "648",
      "p" : "0.08173",
      "s" : "buy",
      "i" : "BOSON_USD",
      "m" : "4611686018429292527"
    }, {
      "d" : "1756412898684745130",
      "t" : 1756412898684,
      "tn" : 1756412898684745130,
      "q" : "54",
      "p" : "0.08171",
      "s" : "buy",
      "i" : "BOSON_USD",
      "m" : "4611686018429292526"
    }, {
      "d" : "1756412894904738128",
      "t" : 1756412894904,
      "tn" : 1756412894904738128,
      "q" : "55",
      "p" : "0.08166",
      "s" : "buy",
      "i" : "BOSON_USD",
      "m" : "4611686018429292525"
    }, {
      "d" : "1756412891677900629",
      "t" : 1756412891677,
      "tn" : 1756412891677900629,
      "q" : "55",
      "p" : "0.08161",
      "s" : "buy",
      "i" : "BOSON_USD",
      "m" : "4611686018429292524"
    }, {
      "d" : "1756412888517444395",
      "t" : 1756412888517,
      "tn" : 1756412888517444395,
      "q" : "810",
      "p" : "0.08160",
      "s" : "buy",
      "i" : "BOSON_USD",
      "m" : "4611686018429292523"
    }, {
      "d" : "1756411978723137678",
      "t" : 1756411978723,
      "tn" : 1756411978723137678,
      "q" : "33",
      "p" : "0.08151",
      "s" : "sell",
      "i" : "BOSON_USD",
      "m" : "4611686018429292522"
    }, {
      "d" : "1756411192521271056",
      "t" : 1756411192521,
      "tn" : 1756411192521271056,
      "q" : "55",
      "p" : "0.08156",
      "s" : "sell",
      "i" : "BOSON_USD",
      "m" : "4611686018429292521"
    } ]
  }
}