{
  "id" : -1,
  "method" : "public/get-trades",
  "code" : 0,
  "result" : {
    "data" : [ {
      "d" : "1756460455261607629",
      "t" : 1756460455261,
      "tn" : 1756460455261607629,
      "q" : "0.00068",
      "p" : "94035.64",
      "s" : "buy",
      "i" : "BTC_EUR",
      "m" : "4611686018434388888"
    }, {
      "d" : "1756460455214928584",
      "t" : 1756460455214,
      "tn" : 1756460455214928584,
      "q" : "0.00002",
      "p" : "94035.63",
      "s" : "buy",
      "i" : "BTC_EUR",
      "m" : "4611686018434388887"
    }, {
      "d" : "1756460442090506085",
      "t" : 1756460442090,
      "tn" : 1756460442090506085,
      "q" : "0.00060",
      "p" : "94007.94",
      "s" : "buy",
      "i" : "BTC_EUR",
      "m" : "4611686018434388886"
    }, {
      "d" : "1756460442090503033",
      "t" : 1756460442090,
      "tn" : 1756460442090503033,
      "q" : "0.00002",
      "p" : "94007.93",
      "s" : "buy",
      "i" : "BTC_EUR",
      "m" : "4611686018434388885"
    }, {
      "d" : "1756460402522203746",
      "t" : 1756460402522,
      "tn" : 1756460402522203746,
      "q" : "0.00353",
      "p" : "93983.12",
      "s" : "buy",
      "i" : "BTC_EUR",
      "m" : "4611686018434388884"
    }, {
      "d" : "1756460402501340709",
      "t" : 1756460402501,
      "tn" : 1756460402501340709,
      "q" : "0.00383",
      "p" : "93983.12",
      "s" : "buy",
      "i" : "BTC_EUR",
      "m" : "4611686018434388883"
    }, {
      "d" : "1756460402360103193",
      "t" : 1756460402360,
      "tn" : 1756460402360103193,
      "q" : "0.02198",
      "p" : "93983.12",
      "s" : "buy",
      "i" : "BTC_EUR",
      "m" : "4611686018434388882"
    }, {
      "d" : "1756460402317164978",
      "t" : 1756460402317,
      "tn" : 1756460402317164978,
      "q" : "0.00059",
      "p" : "93982.99",
      "s" : "buy",
      "i" : "BTC_EUR",
      "m" : "4611686018434388881"
    }, {
      "d" : "1756460383625469906",
      "t" : 1756460383625,
      "tn" : 1756460383625469906,
      "q" : "0.00002",
      "p" : "93977.46",
      "s" : "buy",
      "i" : "BTC_EUR",
      "m" : "4611686018434388880"
    }, {
      "d" : "1756460383625467680",
      "t" : 1756460383625,
      "tn" : 1756460383625467680,
      "q" : "0.00002",
      "p" : "93977.45",
      "s" : "buy",
      "i" : "BTC_EUR",
      "m" : "4611686018434388879"
    }, {
      "d" : "1756460326960139383",
      "t" : 1756460326960,
      "tn" : 1756460326960139383,
      "q" : "0.00005",
      "p" : "93991.76",
      "s" : "sell",
      "i" : "BTC_EUR",
      "m" : "4611686018434388878"
    }, {
      "d" : "1756460317360991650",
      "t" : 1756460317360,
      "tn" : 1756460317360991650,
      "q" : "0.00091",
      "p" : "93991.76",
      "s" : "sell",
      "i" : "BTC_EUR",
      "m" : "4611686018434388877"
    }, {
      "d" : "1756460315952415261",
      "t" : 1756460315952,
      "tn" : 1756460315952415261,
      "q" : "0.00096",
      "p" : "93991.77",
      "s" : "sell",
      "i" : "BTC_EUR",
      "m" : "4611686018434388876"
    }, {
      "d" : "1756460284479939082",
      "t" : 1756460284479,
      "tn" : 1756460284479939082,
      "q" : "0.00002",
      "p" : "93997.23",
      "s" : "buy",
      "i" : "BTC_EUR",
      "m" : "4611686018434388875"
    }, {
      "d" : "1756460284477905435",
      "t" : 1756460284477,
      "tn" : 1756460284477905435,
      "q" : "0.00002",
      "p" : "93997.22",
      "s" : "buy",
      "i" : "BTC_EUR",
      "m" : "4611686018434388874"
    }, {
      "d" : "1756460268903296039",
      "t" : 1756460268903,
      "tn" : 1756460268903296039,
      "q" : "0.00099",
      "p" : "93991.77",
      "s" : "sell",
      "i" : "BTC_EUR",
      "m" : "4611686018434388873"
    }, {
      "d" : "1756460268527425785",
      "t" : 1756460268527,
      "tn" : 1756460268527425785,
      "q" : "0.00095",
      "p" : "93991.77",
      "s" : "sell",
      "i" : "BTC_EUR",
      "m" : "4611686018434388872"
    }, {
      "d" : "1756460264572878315",
      "t" : 1756460264572,
      "tn" : 1756460264572878315,
      "q" : "0.00096",
      "p" : "93991.77",
      "s" : "sell",
      "i" : "BTC_EUR",
      "m" : "4611686018434388871"
    }, {
      "d" : "1756460264411327763",
      "t" : 1756460264411,
      "tn" : 1756460264411327763,
      "q" : "0.00105",
      "p" : "93991.76",
      "s" : "sell",
      "i" : "BTC_EUR",
      "m" : "4611686018434388870"
    }, {
      "d" : "1756460261180240829",
      "t" : 1756460261180,
      "tn" : 1756460261180240829,
      "q" : "0.00094",
      "p" : "93991.77",
      "s" : "sell",
      "i" : "BTC_EUR",
      "m" : "4611686018434388869"
    }, {
      "d" : "1756460257094292950",
      "t" : 1756460257094,
      "tn" : 1756460257094292950,
      "q" : "0.00122",
      "p" : "93991.77",
      "s" : "sell",
      "i" : "BTC_EUR",
      "m" : "4611686018434388868"
    }, {
      "d" : "1756460254371065289",
      "t" : 1756460254371,
      "tn" : 1756460254371065289,
      "q" : "0.00105",
      "p" : "93991.77",
      "s" : "sell",
      "i" : "BTC_EUR",
      "m" : "4611686018434388867"
    }, {
      "d" : "1756460235035411519",
      "t" : 1756460235035,
      "tn" : 1756460235035411519,
      "q" : "0.00058",
      "p" : "93975.10",
      "s" : "buy",
      "i" : "BTC_EUR",
      "m" : "4611686018434388866"
    }, {
      "d" : "1756460216616408437",
      "t" : 1756460216616,
      "tn" : 1756460216616408437,
      "q" : "0.00097",
      "p" : "93963.12",
      "s" : "sell",
      "i" : "BTC_EUR",
      "m" : "4611686018434388865"
    }, {
      "d" : "1756460189721682857",
      "t" : 1756460189721,
      "tn" : 1756460189721682857,
      "q" : "0.00094",
      "p" : "94008.34",
      "s" : "sell",
      "i" : "BTC_EUR",
      "m" : "4611686018434388864"
    }, {
      "d" : "1756460187811972760",
      "t" : 1756460187811,
      "tn" : 1756460187811972760,
      "q" : "0.00002",
      "p" : "93994.43",
      "s" : "buy",
      "i" : "BTC_EUR",
      "m" : "4611686018434388863"
    }, {
      "d" : "1756460187811969414",
      "t" : 1756460187811,
      "tn" : 1756460187811969414,
      "q" : "0.00076",
      "p" : "93994.42",
      "s" : "buy",
      "i" : "BTC_EUR",
      "m" : "4611686018434388862"
    }, {
      "d" : "1756460176121843458",
      "t" : 1756460176121,
      "tn" : 1756460176121843458,
      "q" : "0.00002",
      "p" : "93985.47",
      "s" : "sell",
      "i" : "BTC_EUR",
      "m" : "4611686018434388861"
    }, {
      "d" : "1756460170571368630",
      "t" : 1756460170571,
      "tn" : 1756460170571368630,
      "q" : "0.00028",
      "p" : "93985.46",
      "s" : "sell",
      "i" : "BTC_EUR",
      "m" : "4611686018434388860"
    }, {
      "d" : "1756460170368350586",
      "t" : 1756460170368,
      "tn" : 1756460170368350586,
      "q" : "0.00056",
      "p" : "93985.46",
      "s" : "sell",
      "i" : "BTC_EUR",
      "m" : "4611686018434388859"
    }, {
      "d" : "1756460170165209652",
      "t" : 1756460170165,
      "tn" : 1756460170165209652,
      "q" : "0.00087",
      "p" : "93985.46",
      "s" : "sell",
      "i" : "BTC_EUR",
      "m" : "4611686018434388858"
    }, {
      "d" : "1756460169962075203",
      "t" : 1756460169962,
      "tn" : 1756460169962075203,
      "q" : "0.00109",
      "p" : "93985.46",
      "s" : "sell",
      "i" : "BTC_EUR",
      "m" : "4611686018434388857"
    }, {
      "d" : "1756460169758611074",
      "t" : 1756460169758,
      "tn" : 1756460169758611074,
      "q" : "0.00171",
      "p" : "93985.46",
      "s" : "sell",
      "i" : "BTC_EUR",
      "m" : "4611686018434388856"
    }, {
      "d" : "1756460168492445400",
      "t" : 1756460168492,
      "tn" : 1756460168492445400,
      "q" : "0.00213",
      "p" : "94000.00",
      "s" : "sell",
      "i" : "BTC_EUR",
      "m" : "4611686018434388855"
    }, {
      "d" : "1756460167914337007",
      "t" : 1756460167914,
      "tn" : 1756460167914337007,
      "q" : "0.00002",
      "p" : "94006.49",
      "s" : "sell",
      "i" : "BTC_EUR",
      "m" : "4611686018434388854"
    }, {
      "d" : "1756460132243405086",
      "t" : 1756460132243,
      "tn" : 1756460132243405086,
      "q" : "0.00212",
      "p" : "94043.87",
      "s" : "buy",
      "i" : "BTC_EUR",
      "m" : "4611686018434388853"
    }, {
      "d" : "1756460118822589896",
      "t" : 1756460118822,
      "tn" : 1756460118822589896,
      "q" : "0.00004",
      "p" : "94029.37",
      "s" : "sell",
      "i" : "BTC_EUR",
      "m" : "4611686018434388852"
    }, {
      "d" : "1756460116809715046",
      "t" : 1756460116809,
      "tn" : 1756460116809715046,
      "q" : "0.00003",
      "p" : "94033.14",
      "s" : "buy",
      "i" : "BTC_EUR",
      "m" : "4611686018434388851"
    }, {
      "d" : "1756460109594681369",
      "t" : 1756460109594,
      "tn" : 1756460109594681369,
      "q" : "0.00029",
      "p" : "94047.00",
      "s" : "buy",
      "i" : "BTC_EUR",
      "m" : "4611686018434388850"
    }, {
      "d" : "1756460098336854722",
      "t" : 1756460098336,
      "tn" : 1756460098336854722,
      "q" : "0.00309",
      "p" : "94039.20",
      "s" : "buy",
      "i" : "BTC_EUR",
      "m" : "4611686018434388849"
    }, {
      "d" : "1756460076735021447",
      "t" : 1756460076735,
      "tn" : 1756460076735021447,
      "q" : "0.01418",
      "p" : "94099.34",
      "s" : "buy",
      "i" : "BTC_EUR",
      "m" : "4611686018434388848"
    }, {
      "d" : "1756460076735020092",
      "t" : 1756460076735,
      "tn" : 1756460076735020092,
      "q" : "0.00032",
      "p" : "94091.39",
      "s" : "buy",
      "i" : "BTC_EUR",
      "m" : "4611686018434388847"
    }, {
      "d" : "1756460076735017045",
      "t" : 1756460076735,
      "tn" : 1756460076735017045,
      "q" : "0.00002",
      "p" : "94064.68",
      "s" : "buy",
      "i" : "BTC_EUR",
      "m" : "4611686018434388846"
    }, {
      "d" : "1756460076735015497",
      "t" : 1756460076735,
      "tn" : 1756460076735015497,
      "q" : "0.00082",
      "p" : "94060.10",
      "s" : "buy",
      "i" : "BTC_EUR",
      "m" : "4611686018434388845"
    }, {
      "d" : "1756460076735013332",
      "t" : 1756460076735,
      "tn" : 1756460076735013332,
      "q" : "0.00455",
      "p" : "94052.26",
      "s" : "buy",
      "i" : "BTC_EUR",
      "m" : "4611686018434388844"
    }, {
      "d" : "1756460076735011018",
      "t" : 1756460076735,
      "tn" : 1756460076735011018,
      "q" : "0.00054",
      "p" : "94042.36",
      "s" : "buy",
      "i" : "BTC_EUR",
      "m" : "4611686018434388843"
    }, {
      "d" : "1756460076735008034",
      "t" : 1756460076735,
      "tn" : 1756460076735008034,
      "q" : "0.00002",
      "p" : "94040.44",
      "s" : "buy",
      "i" : "BTC_EUR",
      "m" : "4611686018434388842"
    }, {
      "d" : "1756460076735004666",
      "t" : 1756460076735,
      "tn" : 1756460076735004666,
      "q" : "0.00002",
      "p" : "94040.43",
      "s" : "buy",
      "i" : "BTC_EUR",
      "m" : "4611686018434388841"
    }, {
      "d" : "1756460066038051418",
      "t" : 1756460066038,
      "tn" : 1756460066038051418,
      "q" : "0.04421",
      "p" : "94126.28",
      "s" : "buy",
      "i" : "BTC_EUR",
      "m" : "4611686018434388840"
    }, {
      "d" : "1756460066038050627",
      "t" : 1756460066038,
      "tn" : 1756460066038050627,
      "q" : "0.16402",
      "p" : "94077.90",
      "s" : "buy",
      "i" : "BTC_EUR",
      "m" : "4611686018434388839"
    }, {
      "d" : "1756460066038046655",
      "t" : 1756460066038,
      "tn" : 1756460066038046655,
      "q" : "0.00345",
      "p" : "94070.92",
      "s" : "buy",
      "i" : "BTC_EUR",
      "m" : "4611686018434388838"
    }, {
      "d" : "1756460066038044267",
      "t" : 1756460066038,
      "tn" : 1756460066038044267,
      "q" : "0.00002",
      "p" : "94047.15",
      "s" : "buy",
      "i" : "BTC_EUR",
      "m" : "4611686018434388837"
    }, {
      "d" : "1756460066038041747",
      "t" : 1756460066038,
      "tn" : 1756460066038041747,
      "q" : "0.00002",
      "p" : "94042.40",
      "s" : "buy",
      "i" : "BTC_EUR",
      "m" : "4611686018434388836"
    }, {
      "d" : "1756460066038039427",
      "t" : 1756460066038,
      "tn" : 1756460066038039427,
      "q" : "0.01367",
      "p" : "94042.39",
      "s" : "buy",
      "i" : "BTC_EUR",
      "m" : "4611686018434388835"
    }, {
      "d" : "1756460066038037108",
      "t" : 1756460066038,
      "tn" : 1756460066038037108,
      "q" : "0.00002",
      "p" : "94042.37",
      "s" : "buy",
      "i" : "BTC_EUR",
      "m" : "4611686018434388834"
    }, {
      "d" : "1756460066038034471",
      "t" : 1756460066038,
      "tn" : 1756460066038034470,
      "q" : "0.00082",
      "p" : "94040.45",
      "s" : "buy",
      "i" : "BTC_EUR",
      "m" : "4611686018434388833"
    }, {
      "d" : "1756460066038034470",
      "t" : 1756460066038,
      "tn" : 1756460066038034470,
      "q" : "0.00053",
      "p" : "94040.45",
      "s" : "buy",
      "i" : "BTC_EUR",
      "m" : "4611686018434388833"
    }, {
      "d" : "1756459983386457606",
      "t" : 1756459983386,
      "tn" : 1756459983386457606,
      "q" : "0.00006",
      "p" : "94021.38",
      "s" : "buy",
      "i" : "BTC_EUR",
      "m" : "4611686018434388832"
    }, {
      "d" : "1756459975496383726",
      "t" : 1756459975496,
      "tn" : 1756459975496383726,
      "q" : "0.00061",
      "p" : "94001.06",
      "s" : "buy",
      "i" : "BTC_EUR",
      "m" : "4611686018434388831"
    }, {
      "d" : "1756459975496381346",
      "t" : 1756459975496,
      "tn" : 1756459975496381346,
      "q" : "0.00002",
      "p" : "94001.05",
      "s" : "buy",
      "i" : "BTC_EUR",
      "m" : "4611686018434388830"
    }, {
      "d" : "1756459975496378368",
      "t" : 1756459975496,
      "tn" : 1756459975496378368,
      "q" : "0.00002",
      "p" : "94001.04",
      "s" : "buy",
      "i" : "BTC_EUR",
      "m" : "4611686018434388829"
    }, {
      "d" : "1756459948344160408",
      "t" : 1756459948344,
      "tn" : 1756459948344160408,
      "q" : "0.00098",
      "p" : "94003.03",
      "s" : "buy",
      "i" : "BTC_EUR",
      "m" : "4611686018434388828"
    }, {
      "d" : "1756459948344158384",
      "t" : 1756459948344,
      "tn" : 1756459948344158384,
      "q" : "0.00060",
      "p" : "94003.02",
      "s" : "buy",
      "i" : "BTC_EUR",
      "m" : "4611686018434388827"
    }, {
      "d" : "1756459948344155430",
      "t" : 1756459948344,
      "tn" : 1756459948344155430,
      "q" : "0.00002",
      "p" : "94000.27",
      "s" : "buy",
      "i" : "BTC_EUR",
      "m" : "4611686018434388826"
    }, {
      "d" : "1756459918096159424",
      "t" : 1756459918096,
      "tn" : 1756459918096159424,
      "q" : "0.00059",
      "p" : "93987.36",
      "s" : "buy",
      "i" : "BTC_EUR",
      "m" : "4611686018434388825"
    }, {
      "d" : "1756459882743682339",
      "t" : 1756459882743,
      "tn" : 1756459882743682339,
      "q" : "0.00058",
      "p" : "93979.49",
      "s" : "buy",
      "i" : "BTC_EUR",
      "m" : "4611686018434388824"
    }, {
      "d" : "1756459854388315679",
      "t" : 1756459854388,
      "tn" : 1756459854388315679,
      "q" : "0.00059",
      "p" : "93973.25",
      "s" : "buy",
      "i" : "BTC_EUR",
      "m" : "4611686018434388823"
    }, {
      "d" : "1756459785703380239",
      "t" : 1756459785703,
      "tn" : 1756459785703380239,
      "q" : "0.00002",
      "p" : "93987.76",
      "s" : "buy",
      "i" : "BTC_EUR",
      "m" : "4611686018434388822"
    }, {
      "d" : "1756459785570186658",
      "t" : 1756459785570,
      "tn" : 1756459785570186658,
      "q" : "0.00002",
      "p" : "93987.75",
      "s" : "buy",
      "i" : "BTC_EUR",
      "m" : "4611686018434388821"
    }, {
      "d" : "1756459773945662538",
      "t" : 1756459773945,
      "tn" : 1756459773945662538,
      "q" : "0.00068",
      "p" : "93968.68",
      "s" : "buy",
      "i" : "BTC_EUR",
      "m" : "4611686018434388820"
    }, {
      "d" : "1756459769410095340",
      "t" : 1756459769410,
      "tn" : 1756459769410095340,
      "q" : "0.00002",
      "p" : "93957.90",
      "s" : "buy",
      "i" : "BTC_EUR",
      "m" : "4611686018434388819"
    }, {
      "d" : "1756459729184284811",
      "t" : 1756459729184,
      "tn" : 1756459729184284811,
      "q" : "0.00047",
      "p" : "93933.18",
      "s" : "buy",
      "i" : "BTC_EUR",
      "m" : "4611686018434388818"
    }, {
      "d" : "1756459601784137221",
      "t" : 1756459601784,
      "tn" : 1756459601784137221,
      "q" : "0.00002",
      "p" : "93979.29",
      "s" : "sell",
      "i" : "BTC_EUR",
      "m" : "4611686018434388817"
    }, {
      "d" : "1756459601215620501",
      "t" : 1756459601215,
      "tn" : 1756459601215620501,
      "q" : "0.00002",
      "p" : "93984.15",
      "s" : "sell",
      "i" : "BTC_EUR",
      "m" : "4611686018434388816"
    }, {
      "d" : "1756459600601277653",
      "t" : 1756459600601,
      "tn" : 1756459600601277653,
      "q" : "0.00126",
      "p" : "93984.95",
      "s" : "sell",
      "i" : "BTC_EUR",
      "m" : "4611686018434388815"
    }, {
      "d" : "1756459600512383960",
      "t" : 1756459600512,
      "tn" : 1756459600512383960,
      "q" : "0.00002",
      "p" : "93987.84",
      "s" : "sell",
      "i" : "BTC_EUR",
      "m" : "4611686018434388814"
    }, {
      "d" : "1756459573576079716",
      "t" : 1756459573576,
      "tn" : 1756459573576079716,
      "q" : "0.00097",
      "p" : "93992.89",
      "s" : "sell",
      "i" : "BTC_EUR",
      "m" : "4611686018434388813"
    }, {
      "d" : "1756459548221708197",
      "t" : 1756459548221,
      "tn" : 1756459548221708197,
      "q" : "0.00203",
      "p" : "94000.47",
      "s" : "buy",
      "i" : "BTC_EUR",
      "m" : "4611686018434388812"
    }, {
      "d" : "1756459547964906443",
      "t" : 1756459547964,
      "tn" : 1756459547964906443,
      "q" : "0.00256",
      "p" : "94000.47",
      "s" : "buy",
      "i" : "BTC_EUR",
      "m" : "4611686018434388811"
    }, {
      "d" : "1756459547812016171",
      "t" : 1756459547812,
      "tn" : 1756459547812016171,
      "q" : "0.00371",
      "p" : "94000.47",
      "s" : "buy",
      "i" : "BTC_EUR",
      "m" : "4611686018434388810"
    }, {
      "d" : "1756459547609742591",
      "t" : 1756459547609,
      "tn" : 1756459547609742591,
      "q" : "0.00318",
      "p" : "94000.47",
      "s" : "buy",
      "i" : "BTC_EUR",
      "m" : "4611686018434388809"
    }, {
      "d" : "1756459547408646597",
      "t" : 1756459547408,
      "tn" : 1756459547408646597,
      "q" : "0.00377",
      "p" : "94000.47",
      "s" : "buy",
      "i" : "BTC_EUR",
      "m" : "4611686018434388808"
    }, {
      "d" : "1756459528017131646",
      "t" : 1756459528017,
      "tn" : 1756459528017131646,
      "q" : "0.00057",
      "p" : "93981.71",
      "s" : "buy",
      "i" : "BTC_EUR",
      "m" : "4611686018434388807"
    }, {
      "d" : "1756459487611364259",
      "t" : 1756459487611,
      "tn" : 1756459487611364259,
      "q" : "0.00047",
      "p" : "93959.75",
      "s" : "buy",
      "i" : "BTC_EUR",
      "m" : "4611686018434388806"
    }, {
      "d" : "1756459487611361924",
      "t" : 1756459487611,
      "tn" : 1756459487611361924,
      "q" : "0.00002",
      "p" : "93959.73",
      "s" : "buy",
      "i" : "BTC_EUR",
      "m" : "4611686018434388805"
    }, {
      "d" : "1756459440836772976",
      "t" : 1756459440836,
      "tn" : 1756459440836772976,
      "q" : "0.00036",
      "p" : "93947.05",
      "s" : "buy",
      "i" : "BTC_EUR",
      "m" : "4611686018434388804"
    }, {
      "d" : "1756459412168765081",
      "t" : 1756459412168,
      "tn" : 1756459412168765081,
      "q" : "0.00044",
      "p" : "93945.55",
      "s" : "buy",
      "i" : "BTC_EUR",
      "m" : "4611686018434388803"
    }, {
      "d" : "1756459358306448579",
      "t" : 1756459358306,
      "tn" : 1756459358306448579,
      "q" : "0.00002",
      "p" : "93992.44",
      "s" : "buy",
      "i" : "BTC_EUR",
      "m" : "4611686018434388802"
    }, {
      "d" : "1756459311069222229",
      "t" : 1756459311069,
      "tn" : 1756459311069222229,
      "q" : "0.00002",
      "p" : "94024.98",
      "s" : "buy",
      "i" : "BTC_EUR",
      "m" : "4611686018434388801"
    }, {
      "d" : "1756459289226152447",
      "t" : 1756459289226,
      "tn" : 1756459289226152447,
      "q" : "0.00002",
      "p" : "93996.90",
      "s" : "buy",
      "i" : "BTC_EUR",
      "m" : "4611686018434388800"
    }, {
      "d" : "1756459289225288530",
      "t" : 1756459289225,
      "tn" : 1756459289225288530,
      "q" : "0.00002",
      "p" : "93996.86",
      "s" : "buy",
      "i" : "BTC_EUR",
      "m" : "4611686018434388799"
    }, {
      "d" : "1756459195979381614",
      "t" : 1756459195979,
      "tn" : 1756459195979381614,
      "q" : "0.00045",
      "p" : "93942.24",
      "s" : "buy",
      "i" : "BTC_EUR",
      "m" : "4611686018434388798"
    }, {
      "d" : "1756459132576949556",
      "t" : 1756459132576,
      "tn" : 1756459132576949556,
      "q" : "0.00092",
      "p" : "93902.12",
      "s" : "sell",
      "i" : "BTC_EUR",
      "m" : "4611686018434388797"
    }, {
      "d" : "1756459131782104671",
      "t" : 1756459131782,
      "tn" : 1756459131782104671,
      "q" : "0.00117",
      "p" : "93902.12",
      "s" : "sell",
      "i" : "BTC_EUR",
      "m" : "4611686018434388796"
    }, {
      "d" : "1756459125824241917",
      "t" : 1756459125824,
      "tn" : 1756459125824241917,
      "q" : "0.00091",
      "p" : "93927.24",
      "s" : "sell",
      "i" : "BTC_EUR",
      "m" : "4611686018434388795"
    }, {
      "d" : "1756459104044646832",
      "t" : 1756459104044,
      "tn" : 1756459104044646832,
      "q" : "0.00054",
      "p" : "93923.40",
      "s" : "buy",
      "i" : "BTC_EUR",
      "m" : "4611686018434388794"
    }, {
      "d" : "1756459079774319396",
      "t" : 1756459079774,
      "tn" : 1756459079774319396,
      "q" : "0.00002",
      "p" : "93883.37",
      "s" : "buy",
      "i" : "BTC_EUR",
      "m" : "4611686018434388793"
    }, {
      "d" : "1756459026700476458",
      "t" : 1756459026700,
      "tn" : 1756459026700476458,
      "q" : "0.00070",
      "p" : "93892.58",
      "s" : "buy",
      "i" : "BTC_EUR",
      "m" : "4611686018434388792"
    }, {
      "d" : "1756459016988448863",
      "t" : 1756459016988,
      "tn" : 1756459016988448863,
      "q" : "0.00002",
      "p" : "93883.74",
      "s" : "buy",
      "i" : "BTC_EUR",
      "m" : "4611686018434388791"
    }, {
      "d" : "1756458637042490679",
      "t" : 1756458637042,
      "tn" : 1756458637042490679,
      "q" : "0.00080",
      "p" : "93908.79",
      "s" : "sell",
      "i" : "BTC_EUR",
      "m" : "4611686018434388790"
    }, {
      "d" : "1756458636932851423",
      "t" : 1756458636932,
      "tn" : 1756458636932851423,
      "q" : "0.00095",
      "p" : "93908.79",
      "s" : "sell",
      "i" : "BTC_EUR",
      "m" : "4611686018434388789"
    }, {
      "d" : "1756458636143340024",
      "t" : 1756458636143,
      "tn" : 1756458636143340024,
      "q" : "0.00100",
      "p" : "93908.79",
      "s" : "sell",
      "i" : "BTC_EUR",
      "m" : "4611686018434388788"
    }, {
      "d" : "1756458635772787270",
      "t" : 1756458635772,
      "tn" : 1756458635772787270,
      "q" : "0.00128",
      "p" : "93908.79",
      "s" : "sell",
      "i" : "BTC_EUR",
      "m" : "4611686018434388787"
    }, {
      "d" : "1756458635581735838",
      "t" : 1756458635581,
      "tn" : 1756458635581735838,
      "q" : "0.00091",
      "p" : "93908.79",
      "s" : "sell",
      "i" : "BTC_EUR",
      "m" : "4611686018434388786"
    }, {
      "d" : "1756458590710321020",
      "t" : 1756458590710,
      "tn" : 1756458590710321020,
      "q" : "0.00092",
      "p" : "93908.80",
      "s" : "sell",
      "i" : "BTC_EUR",
      "m" : "4611686018434388785"
    }, {
      "d" : "1756458590354379120",
      "t" : 1756458590354,
      "tn" : 1756458590354379120,
      "q" : "0.00091",
      "p" : "93908.80",
      "s" : "sell",
      "i" : "BTC_EUR",
      "m" : "4611686018434388784"
    }, {
      "d" : "1756458532013013681",
      "t" : 1756458532013,
      "tn" : 1756458532013013681,
      "q" : "0.00008",
      "p" : "93882.33",
      "s" : "buy",
      "i" : "BTC_EUR",
      "m" : "4611686018434388783"
    }, {
      "d" : "1756458532013011497",
      "t" : 1756458532013,
      "tn" : 1756458532013011497,
      "q" : "0.00002",
      "p" : "93882.32",
      "s" : "buy",
      "i" : "BTC_EUR",
      "m" : "4611686018434388782"
    }, {
      "d" : "1756458511848789667",
      "t" : 1756458511848,
      "tn" : 1756458511848789667,
      "q" : "0.00062",
      "p" : "93849.65",
      "s" : "buy",
      "i" : "BTC_EUR",
      "m" : "4611686018434388781"
    }, {
      "d" : "1756458511848787030",
      "t" : 1756458511848,
      "tn" : 1756458511848787030,
      "q" : "0.00010",
      "p" : "93849.64",
      "s" : "buy",
      "i" : "BTC_EUR",
      "m" : "4611686018434388780"
    }, {
      "d" : "1756458511848783816",
      "t" : 1756458511848,
      "tn" : 1756458511848783816,
      "q" : "0.00002",
      "p" : "93849.63",
      "s" : "buy",
      "i" : "BTC_EUR",
      "m" : "4611686018434388779"
    }, {
      "d" : "1756458494583205192",
      "t" : 1756458494583,
      "tn" : 1756458494583205192,
      "q" : "0.00002",
      "p" : "93832.42",
      "s" : "buy",
      "i" : "BTC_EUR",
      "m" : "4611686018434388778"
    }, {
      "d" : "1756458456376376889",
      "t" : 1756458456376,
      "tn" : 1756458456376376889,
      "q" : "0.00061",
      "p" : "93822.54",
      "s" : "buy",
      "i" : "BTC_EUR",
      "m" : "4611686018434388777"
    }, {
      "d" : "1756458456376374057",
      "t" : 1756458456376,
      "tn" : 1756458456376374057,
      "q" : "0.00002",
      "p" : "93822.53",
      "s" : "buy",
      "i" : "BTC_EUR",
      "m" : "4611686018434388776"
    }, {
      "d" : "1756458435026775709",
      "t" : 1756458435026,
      "tn" : 1756458435026775709,
      "q" : "0.00054",
      "p" : "93801.37",
      "s" : "sell",
      "i" : "BTC_EUR",
      "m" : "4611686018434388775"
    }, {
      "d" : "1756458434823628724",
      "t" : 1756458434823,
      "tn" : 1756458434823628724,
      "q" : "0.00054",
      "p" : "93801.37",
      "s" : "sell",
      "i" : "BTC_EUR",
      "m" : "4611686018434388774"
    }, {
      "d" : "1756458434620510609",
      "t" : 1756458434620,
      "tn" : 1756458434620510609,
      "q" : "0.00054",
      "p" : "93801.37",
      "s" : "sell",
      "i" : "BTC_EUR",
      "m" : "4611686018434388773"
    }, {
      "d" : "1756458434417455395",
      "t" : 1756458434417,
      "tn" : 1756458434417455395,
      "q" : "0.00054",
      "p" : "93801.37",
      "s" : "sell",
      "i" : "BTC_EUR",
      "m" : "4611686018434388772"
    }, {
      "d" : "1756458434214298140",
      "t" : 1756458434214,
      "tn" : 1756458434214298140,
      "q" : "0.00054",
      "p" : "93801.37",
      "s" : "sell",
      "i" : "BTC_EUR",
      "m" : "4611686018434388771"
    }, {
      "d" : "1756458434011185167",
      "t" : 1756458434011,
      "tn" : 1756458434011185167,
      "q" : "0.00054",
      "p" : "93801.37",
      "s" : "sell",
      "i" : "BTC_EUR",
      "m" : "4611686018434388770"
    }, {
      "d" : "1756458433808054007",
      "t" : 1756458433808,
      "tn" : 1756458433808054007,
      "q" : "0.00054",
      "p" : "93801.37",
      "s" : "sell",
      "i" : "BTC_EUR",
      "m" : "4611686018434388769"
    }, {
      "d" : "1756458433605069213",
      "t" : 1756458433605,
      "tn" : 1756458433605069213,
      "q" : "0.00054",
      "p" : "93801.37",
      "s" : "sell",
      "i" : "BTC_EUR",
      "m" : "4611686018434388768"
    }, {
      "d" : "1756458433401832641",
      "t" : 1756458433401,
      "tn" : 1756458433401832641,
      "q" : "0.00054",
      "p" : "93801.37",
      "s" : "sell",
      "i" : "BTC_EUR",
      "m" : "4611686018434388767"
    }, {
      "d" : "1756458432823317508",
      "t" : 1756458432823,
      "tn" : 1756458432823317508,
      "q" : "0.00054",
      "p" : "93801.37",
      "s" : "sell",
      "i" : "BTC_EUR",
      "m" : "4611686018434388766"
    }, {
      "d" : "1756458432235705976",
      "t" : 1756458432235,
      "tn" : 1756458432235705976,
      "q" : "0.00055",
      "p" : "93801.37",
      "s" : "sell",
      "i" : "BTC_EUR",
      "m" : "4611686018434388765"
    }, {
      "d" : "1756458431966602741",
      "t" : 1756458431966,
      "tn" : 1756458431966602741,
      "q" : "0.00054",
      "p" : "93801.37",
      "s" : "sell",
      "i" : "BTC_EUR",
      "m" : "4611686018434388764"
    }, {
      "d" : "1756458431650515419",
      "t" : 1756458431650,
      "tn" : 1756458431650515419,
      "q" : "0.00054",
      "p" : "93801.37",
      "s" : "sell",
      "i" : "BTC_EUR",
      "m" : "4611686018434388763"
    }, {
      "d" : "1756458431450771122",
      "t" : 1756458431450,
      "tn" : 1756458431450771122,
      "q" : "0.00054",
      "p" : "93801.36",
      "s" : "sell",
      "i" : "BTC_EUR",
      "m" : "4611686018434388762"
    }, {
      "d" : "1756458431221049572",
      "t" : 1756458431221,
      "tn" : 1756458431221049572,
      "q" : "0.00054",
      "p" : "93801.36",
      "s" : "sell",
      "i" : "BTC_EUR",
      "m" : "4611686018434388761"
    }, {
      "d" : "1756458430775208626",
      "t" : 1756458430775,
      "tn" : 1756458430775208626,
      "q" : "0.00055",
      "p" : "93801.36",
      "s" : "sell",
      "i" : "BTC_EUR",
      "m" : "4611686018434388760"
    }, {
      "d" : "1756458430572069510",
      "t" : 1756458430572,
      "tn" : 1756458430572069510,
      "q" : "0.00055",
      "p" : "93801.36",
      "s" : "sell",
      "i" : "BTC_EUR",
      "m" : "4611686018434388759"
    }, {
      "d" : "1756458430376654087",
      "t" : 1756458430376,
      "tn" : 1756458430376654087,
      "q" : "0.00054",
      "p" : "93801.37",
      "s" : "sell",
      "i" : "BTC_EUR",
      "m" : "4611686018434388758"
    }, {
      "d" : "1756458430118539384",
      "t" : 1756458430118,
      "tn" : 1756458430118539384,
      "q" : "0.00054",
      "p" : "93801.36",
      "s" : "sell",
      "i" : "BTC_EUR",
      "m" : "4611686018434388757"
    }, {
      "d" : "1756458429915374705",
      "t" : 1756458429915,
      "tn" : 1756458429915374705,
      "q" : "0.00054",
      "p" : "93801.36",
      "s" : "sell",
      "i" : "BTC_EUR",
      "m" : "4611686018434388756"
    }, {
      "d" : "1756458429712230583",
      "t" : 1756458429712,
      "tn" : 1756458429712230583,
      "q" : "0.00055",
      "p" : "93801.36",
      "s" : "sell",
      "i" : "BTC_EUR",
      "m" : "4611686018434388755"
    }, {
      "d" : "1756458429509136097",
      "t" : 1756458429509,
      "tn" : 1756458429509136097,
      "q" : "0.00055",
      "p" : "93801.36",
      "s" : "sell",
      "i" : "BTC_EUR",
      "m" : "4611686018434388754"
    }, {
      "d" : "1756458429305963955",
      "t" : 1756458429305,
      "tn" : 1756458429305963955,
      "q" : "0.00055",
      "p" : "93801.36",
      "s" : "sell",
      "i" : "BTC_EUR",
      "m" : "4611686018434388753"
    }, {
      "d" : "1756458429102871728",
      "t" : 1756458429102,
      "tn" : 1756458429102871728,
      "q" : "0.00055",
      "p" : "93801.36",
      "s" : "sell",
      "i" : "BTC_EUR",
      "m" : "4611686018434388752"
    }, {
      "d" : "1756458428899419655",
      "t" : 1756458428899,
      "tn" : 1756458428899419655,
      "q" : "0.00055",
      "p" : "93801.36",
      "s" : "sell",
      "i" : "BTC_EUR",
      "m" : "4611686018434388751"
    }, {
      "d" : "1756458428696202253",
      "t" : 1756458428696,
      "tn" : 1756458428696202253,
      "q" : "0.00055",
      "p" : "93801.36",
      "s" : "sell",
      "i" : "BTC_EUR",
      "m" : "4611686018434388750"
    }, {
      "d" : "1756458428493049029",
      "t" : 1756458428493,
      "tn" : 1756458428493049029,
      "q" : "0.00054",
      "p" : "93801.36",
      "s" : "sell",
      "i" : "BTC_EUR",
      "m" : "4611686018434388749"
    }, {
      "d" : "1756458428290266670",
      "t" : 1756458428290,
      "tn" : 1756458428290266670,
      "q" : "0.00055",
      "p" : "93801.36",
      "s" : "sell",
      "i" : "BTC_EUR",
      "m" : "4611686018434388748"
    }, {
      "d" : "1756458427710413745",
      "t" : 1756458427710,
      "tn" : 1756458427710413745,
      "q" : "0.00055",
      "p" : "93801.36",
      "s" : "sell",
      "i" : "BTC_EUR",
      "m" : "4611686018434388747"
    }, {
      "d" : "1756458427506311042",
      "t" : 1756458427506,
      "tn" : 1756458427506311042,
      "q" : "0.00054",
      "p" : "93801.35",
      "s" : "sell",
      "i" : "BTC_EUR",
      "m" : "4611686018434388746"
    }, {
      "d" : "1756458427302241917",
      "t" : 1756458427302,
      "tn" : 1756458427302241917,
      "q" : "0.00054",
      "p" : "93811.16",
      "s" : "sell",
      "i" : "BTC_EUR",
      "m" : "4611686018434388745"
    }, {
      "d" : "1756458427275756901",
      "t" : 1756458427275,
      "tn" : 1756458427275756901,
      "q" : "0.00108",
      "p" : "93811.16",
      "s" : "sell",
      "i" : "BTC_EUR",
      "m" : "4611686018434388744"
    }, {
      "d" : "1756458427099325406",
      "t" : 1756458427099,
      "tn" : 1756458427099325406,
      "q" : "0.00054",
      "p" : "93811.16",
      "s" : "sell",
      "i" : "BTC_EUR",
      "m" : "4611686018434388743"
    }, {
      "d" : "1756458425595388449",
      "t" : 1756458425595,
      "tn" : 1756458425595388449,
      "q" : "0.00054",
      "p" : "93811.15",
      "s" : "sell",
      "i" : "BTC_EUR",
      "m" : "4611686018434388742"
    }, {
      "d" : "1756458425392235299",
      "t" : 1756458425392,
      "tn" : 1756458425392235299,
      "q" : "0.00054",
      "p" : "93811.14",
      "s" : "sell",
      "i" : "BTC_EUR",
      "m" : "4611686018434388741"
    }, {
      "d" : "1756458425206281502",
      "t" : 1756458425206,
      "tn" : 1756458425206281502,
      "q" : "0.00054",
      "p" : "93811.13",
      "s" : "sell",
      "i" : "BTC_EUR",
      "m" : "4611686018434388740"
    } ]
  }
}