{
  "id" : -1,
  "method" : "public/get-trades",
  "code" : 0,
  "result" : {
    "data" : [ {
      "d" : "1756460466996079300",
      "t" : 1756460466996,
      "tn" : 1756460466996079300,
      "q" : "0.00820",
      "p" : "109784.00",
      "s" : "buy",
      "i" : "BTC_USD",
      "m" : "4611686018636784197"
    }, {
      "d" : "1756460466959968719",
      "t" : 1756460466959,
      "tn" : 1756460466959968719,
      "q" : "0.01678",
      "p" : "109784.00",
      "s" : "buy",
      "i" : "BTC_USD",
      "m" : "4611686018636784196"
    }, {
      "d" : "1756460466924099733",
      "t" : 1756460466924,
      "tn" : 1756460466924099733,
      "q" : "0.00793",
      "p" : "109784.00",
      "s" : "buy",
      "i" : "BTC_USD",
      "m" : "4611686018636784195"
    }, {
      "d" : "1756460466906652062",
      "t" : 1756460466906,
      "tn" : 1756460466906652062,
      "q" : "0.01029",
      "p" : "109784.00",
      "s" : "buy",
      "i" : "BTC_USD",
      "m" : "4611686018636784194"
    }, {
      "d" : "1756460466882667650",
      "t" : 1756460466882,
      "tn" : 1756460466882667650,
      "q" : "0.00541",
      "p" : "109783.99",
      "s" : "buy",
      "i" : "BTC_USD",
      "m" : "4611686018636784193"
    }, {
      "d" : "1756460466870669067",
      "t" : 1756460466870,
      "tn" : 1756460466870669067,
      "q" : "0.02018",
      "p" : "109783.99",
      "s" : "buy",
      "i" : "BTC_USD",
      "m" : "4611686018636784192"
    }, {
      "d" : "1756460466858699060",
      "t" : 1756460466858,
      "tn" : 1756460466858699060,
      "q" : "0.04320",
      "p" : "109782.00",
      "s" : "buy",
      "i" : "BTC_USD",
      "m" : "4611686018636784191"
    }, {
      "d" : "1756460466858696890",
      "t" : 1756460466858,
      "tn" : 1756460466858696890,
      "q" : "0.01000",
      "p" : "109781.99",
      "s" : "buy",
      "i" : "BTC_USD",
      "m" : "4611686018636784190"
    }, {
      "d" : "1756460466847962503",
      "t" : 1756460466847,
      "tn" : 1756460466847962503,
      "q" : "0.00933",
      "p" : "109781.97",
      "s" : "buy",
      "i" : "BTC_USD",
      "m" : "4611686018636784189"
    }, {
      "d" : "1756460466823015339",
      "t" : 1756460466823,
      "tn" : 1756460466823015339,
      "q" : "0.00889",
      "p" : "109781.97",
      "s" : "buy",
      "i" : "BTC_USD",
      "m" : "4611686018636784188"
    }, {
      "d" : "1756460466803507121",
      "t" : 1756460466803,
      "tn" : 1756460466803507121,
      "q" : "0.01573",
      "p" : "109781.97",
      "s" : "buy",
      "i" : "BTC_USD",
      "m" : "4611686018636784187"
    }, {
      "d" : "1756460466722171009",
      "t" : 1756460466722,
      "tn" : 1756460466722171008,
      "q" : "0.00204",
      "p" : "109781.06",
      "s" : "buy",
      "i" : "BTC_USD",
      "m" : "4611686018636784186"
    }, {
      "d" : "1756460466722171008",
      "t" : 1756460466722,
      "tn" : 1756460466722171008,
      "q" : "0.00223",
      "p" : "109781.06",
      "s" : "buy",
      "i" : "BTC_USD",
      "m" : "4611686018636784186"
    }, {
      "d" : "1756460466704415609",
      "t" : 1756460466704,
      "tn" : 1756460466704415609,
      "q" : "0.04695",
      "p" : "109781.06",
      "s" : "buy",
      "i" : "BTC_USD",
      "m" : "4611686018636784185"
    }, {
      "d" : "1756460466662994257",
      "t" : 1756460466662,
      "tn" : 1756460466662994257,
      "q" : "0.05133",
      "p" : "109781.06",
      "s" : "buy",
      "i" : "BTC_USD",
      "m" : "4611686018636784184"
    }, {
      "d" : "1756460464807824112",
      "t" : 1756460464807,
      "tn" : 1756460464807824112,
      "q" : "0.00667",
      "p" : "109778.83",
      "s" : "sell",
      "i" : "BTC_USD",
      "m" : "4611686018636784183"
    }, {
      "d" : "1756460464807822239",
      "t" : 1756460464807,
      "tn" : 1756460464807822239,
      "q" : "0.04320",
      "p" : "109782.00",
      "s" : "sell",
      "i" : "BTC_USD",
      "m" : "4611686018636784182"
    }, {
      "d" : "1756460464807819902",
      "t" : 1756460464807,
      "tn" : 1756460464807819902,
      "q" : "0.05011",
      "p" : "109782.27",
      "s" : "sell",
      "i" : "BTC_USD",
      "m" : "4611686018636784181"
    }, {
      "d" : "1756460464807624752",
      "t" : 1756460464807,
      "tn" : 1756460464807624752,
      "q" : "0.07930",
      "p" : "109782.27",
      "s" : "sell",
      "i" : "BTC_USD",
      "m" : "4611686018636784180"
    }, {
      "d" : "1756460464807568701",
      "t" : 1756460464807,
      "tn" : 1756460464807568701,
      "q" : "0.02070",
      "p" : "109782.27",
      "s" : "sell",
      "i" : "BTC_USD",
      "m" : "4611686018636784179"
    }, {
      "d" : "1756460464807400724",
      "t" : 1756460464807,
      "tn" : 1756460464807400724,
      "q" : "0.00903",
      "p" : "109782.27",
      "s" : "sell",
      "i" : "BTC_USD",
      "m" : "4611686018636784178"
    }, {
      "d" : "1756460464807398931",
      "t" : 1756460464807,
      "tn" : 1756460464807398931,
      "q" : "0.04320",
      "p" : "109784.00",
      "s" : "sell",
      "i" : "BTC_USD",
      "m" : "4611686018636784177"
    }, {
      "d" : "1756460464807396297",
      "t" : 1756460464807,
      "tn" : 1756460464807396297,
      "q" : "0.00002",
      "p" : "109784.01",
      "s" : "sell",
      "i" : "BTC_USD",
      "m" : "4611686018636784176"
    }, {
      "d" : "1756460464807393319",
      "t" : 1756460464807,
      "tn" : 1756460464807393319,
      "q" : "0.04320",
      "p" : "109786.00",
      "s" : "sell",
      "i" : "BTC_USD",
      "m" : "4611686018636784175"
    }, {
      "d" : "1756460464807390701",
      "t" : 1756460464807,
      "tn" : 1756460464807390701,
      "q" : "0.00455",
      "p" : "109786.01",
      "s" : "sell",
      "i" : "BTC_USD",
      "m" : "4611686018636784174"
    }, {
      "d" : "1756460464658264803",
      "t" : 1756460464658,
      "tn" : 1756460464658264803,
      "q" : "0.00008",
      "p" : "109786.02",
      "s" : "buy",
      "i" : "BTC_USD",
      "m" : "4611686018636784173"
    }, {
      "d" : "1756460458044544559",
      "t" : 1756460458044,
      "tn" : 1756460458044544558,
      "q" : "0.03396",
      "p" : "109787.99",
      "s" : "sell",
      "i" : "BTC_USD",
      "m" : "4611686018636784172"
    }, {
      "d" : "1756460458044544558",
      "t" : 1756460458044,
      "tn" : 1756460458044544558,
      "q" : "0.06601",
      "p" : "109787.99",
      "s" : "sell",
      "i" : "BTC_USD",
      "m" : "4611686018636784172"
    }, {
      "d" : "1756460458041809995",
      "t" : 1756460458041,
      "tn" : 1756460458041809995,
      "q" : "0.09997",
      "p" : "109787.99",
      "s" : "sell",
      "i" : "BTC_USD",
      "m" : "4611686018636784171"
    }, {
      "d" : "1756460457602261156",
      "t" : 1756460457602,
      "tn" : 1756460457602261156,
      "q" : "0.00037",
      "p" : "109788.00",
      "s" : "buy",
      "i" : "BTC_USD",
      "m" : "4611686018636784170"
    }, {
      "d" : "1756460457445102214",
      "t" : 1756460457445,
      "tn" : 1756460457445102214,
      "q" : "0.03162",
      "p" : "109788.00",
      "s" : "buy",
      "i" : "BTC_USD",
      "m" : "4611686018636784169"
    }, {
      "d" : "1756460457445100252",
      "t" : 1756460457445,
      "tn" : 1756460457445100252,
      "q" : "0.06837",
      "p" : "109783.98",
      "s" : "buy",
      "i" : "BTC_USD",
      "m" : "4611686018636784168"
    }, {
      "d" : "1756460457445006040",
      "t" : 1756460457445,
      "tn" : 1756460457445006040,
      "q" : "0.10001",
      "p" : "109783.98",
      "s" : "buy",
      "i" : "BTC_USD",
      "m" : "4611686018636784167"
    }, {
      "d" : "1756460457444758890",
      "t" : 1756460457444,
      "tn" : 1756460457444758888,
      "q" : "0.04426",
      "p" : "109783.98",
      "s" : "buy",
      "i" : "BTC_USD",
      "m" : "4611686018636784166"
    }, {
      "d" : "1756460457444758889",
      "t" : 1756460457444,
      "tn" : 1756460457444758888,
      "q" : "0.05460",
      "p" : "109783.98",
      "s" : "buy",
      "i" : "BTC_USD",
      "m" : "4611686018636784166"
    }, {
      "d" : "1756460457444758888",
      "t" : 1756460457444,
      "tn" : 1756460457444758888,
      "q" : "0.00115",
      "p" : "109783.98",
      "s" : "buy",
      "i" : "BTC_USD",
      "m" : "4611686018636784166"
    }, {
      "d" : "1756460455532935894",
      "t" : 1756460455532,
      "tn" : 1756460455532935894,
      "q" : "0.00100",
      "p" : "109778.49",
      "s" : "buy",
      "i" : "BTC_USD",
      "m" : "4611686018636784165"
    }, {
      "d" : "1756460454952033625",
      "t" : 1756460454952,
      "tn" : 1756460454952033625,
      "q" : "0.00726",
      "p" : "109774.59",
      "s" : "buy",
      "i" : "BTC_USD",
      "m" : "4611686018636784164"
    }, {
      "d" : "1756460454952032108",
      "t" : 1756460454952,
      "tn" : 1756460454952032108,
      "q" : "0.00864",
      "p" : "109774.55",
      "s" : "buy",
      "i" : "BTC_USD",
      "m" : "4611686018636784163"
    }, {
      "d" : "1756460454952027722",
      "t" : 1756460454952,
      "tn" : 1756460454952027722,
      "q" : "0.08037",
      "p" : "109774.55",
      "s" : "buy",
      "i" : "BTC_USD",
      "m" : "4611686018636784162"
    }, {
      "d" : "1756460454952026135",
      "t" : 1756460454952,
      "tn" : 1756460454952026135,
      "q" : "0.00375",
      "p" : "109772.00",
      "s" : "buy",
      "i" : "BTC_USD",
      "m" : "4611686018636784161"
    }, {
      "d" : "1756460454951855039",
      "t" : 1756460454951,
      "tn" : 1756460454951855039,
      "q" : "0.03945",
      "p" : "109772.00",
      "s" : "buy",
      "i" : "BTC_USD",
      "m" : "4611686018636784160"
    }, {
      "d" : "1756460454951851907",
      "t" : 1756460454951,
      "tn" : 1756460454951851907,
      "q" : "0.00132",
      "p" : "109771.96",
      "s" : "buy",
      "i" : "BTC_USD",
      "m" : "4611686018636784159"
    }, {
      "d" : "1756460454951849824",
      "t" : 1756460454951,
      "tn" : 1756460454951849824,
      "q" : "0.05309",
      "p" : "109770.88",
      "s" : "buy",
      "i" : "BTC_USD",
      "m" : "4611686018636784158"
    }, {
      "d" : "1756460454951846860",
      "t" : 1756460454951,
      "tn" : 1756460454951846860,
      "q" : "0.00115",
      "p" : "109766.47",
      "s" : "buy",
      "i" : "BTC_USD",
      "m" : "4611686018636784157"
    }, {
      "d" : "1756460454178374387",
      "t" : 1756460454178,
      "tn" : 1756460454178374387,
      "q" : "0.00100",
      "p" : "109760.98",
      "s" : "buy",
      "i" : "BTC_USD",
      "m" : "4611686018636784156"
    }, {
      "d" : "1756460450916394458",
      "t" : 1756460450916,
      "tn" : 1756460450916394458,
      "q" : "0.03517",
      "p" : "109754.00",
      "s" : "buy",
      "i" : "BTC_USD",
      "m" : "4611686018636784155"
    }, {
      "d" : "1756460448710584549",
      "t" : 1756460448710,
      "tn" : 1756460448710584549,
      "q" : "0.00115",
      "p" : "109749.43",
      "s" : "buy",
      "i" : "BTC_USD",
      "m" : "4611686018636784154"
    }, {
      "d" : "1756460444399245039",
      "t" : 1756460444399,
      "tn" : 1756460444399245039,
      "q" : "0.03240",
      "p" : "109746.00",
      "s" : "buy",
      "i" : "BTC_USD",
      "m" : "4611686018636784153"
    }, {
      "d" : "1756460444118202745",
      "t" : 1756460444118,
      "tn" : 1756460444118202745,
      "q" : "0.03240",
      "p" : "109744.00",
      "s" : "buy",
      "i" : "BTC_USD",
      "m" : "4611686018636784152"
    }, {
      "d" : "1756460444062787627",
      "t" : 1756460444062,
      "tn" : 1756460444062787626,
      "q" : "0.01478",
      "p" : "109749.23",
      "s" : "buy",
      "i" : "BTC_USD",
      "m" : "4611686018636784151"
    }, {
      "d" : "1756460444062787626",
      "t" : 1756460444062,
      "tn" : 1756460444062787626,
      "q" : "0.05723",
      "p" : "109749.23",
      "s" : "buy",
      "i" : "BTC_USD",
      "m" : "4611686018636784151"
    }, {
      "d" : "1756460444062556809",
      "t" : 1756460444062,
      "tn" : 1756460444062556808,
      "q" : "0.01779",
      "p" : "109749.23",
      "s" : "buy",
      "i" : "BTC_USD",
      "m" : "4611686018636784150"
    }, {
      "d" : "1756460444062556808",
      "t" : 1756460444062,
      "tn" : 1756460444062556808,
      "q" : "0.02722",
      "p" : "109749.23",
      "s" : "buy",
      "i" : "BTC_USD",
      "m" : "4611686018636784150"
    }, {
      "d" : "1756460444062553196",
      "t" : 1756460444062,
      "tn" : 1756460444062553196,
      "q" : "0.04258",
      "p" : "109749.23",
      "s" : "buy",
      "i" : "BTC_USD",
      "m" : "4611686018636784149"
    }, {
      "d" : "1756460444062551613",
      "t" : 1756460444062,
      "tn" : 1756460444062551613,
      "q" : "0.00002",
      "p" : "109748.85",
      "s" : "buy",
      "i" : "BTC_USD",
      "m" : "4611686018636784148"
    }, {
      "d" : "1756460444062550219",
      "t" : 1756460444062,
      "tn" : 1756460444062550219,
      "q" : "0.00031",
      "p" : "109747.27",
      "s" : "buy",
      "i" : "BTC_USD",
      "m" : "4611686018636784147"
    }, {
      "d" : "1756460444062547901",
      "t" : 1756460444062,
      "tn" : 1756460444062547901,
      "q" : "0.00010",
      "p" : "109746.30",
      "s" : "buy",
      "i" : "BTC_USD",
      "m" : "4611686018636784146"
    }, {
      "d" : "1756460444062545817",
      "t" : 1756460444062,
      "tn" : 1756460444062545816,
      "q" : "0.00100",
      "p" : "109743.95",
      "s" : "buy",
      "i" : "BTC_USD",
      "m" : "4611686018636784145"
    }, {
      "d" : "1756460444062545816",
      "t" : 1756460444062,
      "tn" : 1756460444062545816,
      "q" : "0.00100",
      "p" : "109743.95",
      "s" : "buy",
      "i" : "BTC_USD",
      "m" : "4611686018636784145"
    }, {
      "d" : "1756460444062325275",
      "t" : 1756460444062,
      "tn" : 1756460444062325275,
      "q" : "0.00002",
      "p" : "109737.94",
      "s" : "buy",
      "i" : "BTC_USD",
      "m" : "4611686018636784144"
    }, {
      "d" : "1756460441636040255",
      "t" : 1756460441636,
      "tn" : 1756460441636040254,
      "q" : "0.00670",
      "p" : "109737.71",
      "s" : "buy",
      "i" : "BTC_USD",
      "m" : "4611686018636784143"
    }, {
      "d" : "1756460441636040254",
      "t" : 1756460441636,
      "tn" : 1756460441636040254,
      "q" : "0.06529",
      "p" : "109737.71",
      "s" : "buy",
      "i" : "BTC_USD",
      "m" : "4611686018636784143"
    }, {
      "d" : "1756460441635999257",
      "t" : 1756460441635,
      "tn" : 1756460441635999257,
      "q" : "0.02508",
      "p" : "109737.71",
      "s" : "buy",
      "i" : "BTC_USD",
      "m" : "4611686018636784142"
    }, {
      "d" : "1756460441635997399",
      "t" : 1756460441635,
      "tn" : 1756460441635997399,
      "q" : "0.01991",
      "p" : "109736.00",
      "s" : "buy",
      "i" : "BTC_USD",
      "m" : "4611686018636784141"
    }, {
      "d" : "1756460441635993466",
      "t" : 1756460441635,
      "tn" : 1756460441635993466,
      "q" : "0.01249",
      "p" : "109736.00",
      "s" : "buy",
      "i" : "BTC_USD",
      "m" : "4611686018636784140"
    }, {
      "d" : "1756460441635991512",
      "t" : 1756460441635,
      "tn" : 1756460441635991512,
      "q" : "0.00010",
      "p" : "109734.87",
      "s" : "buy",
      "i" : "BTC_USD",
      "m" : "4611686018636784139"
    }, {
      "d" : "1756460441635989882",
      "t" : 1756460441635,
      "tn" : 1756460441635989882,
      "q" : "0.03240",
      "p" : "109734.00",
      "s" : "buy",
      "i" : "BTC_USD",
      "m" : "4611686018636784138"
    }, {
      "d" : "1756460440128859532",
      "t" : 1756460440128,
      "tn" : 1756460440128859532,
      "q" : "0.03240",
      "p" : "109724.00",
      "s" : "buy",
      "i" : "BTC_USD",
      "m" : "4611686018636784137"
    }, {
      "d" : "1756460440082471616",
      "t" : 1756460440082,
      "tn" : 1756460440082471616,
      "q" : "0.00849",
      "p" : "109723.61",
      "s" : "buy",
      "i" : "BTC_USD",
      "m" : "4611686018636784136"
    }, {
      "d" : "1756460440082470112",
      "t" : 1756460440082,
      "tn" : 1756460440082470112,
      "q" : "0.03240",
      "p" : "109722.00",
      "s" : "buy",
      "i" : "BTC_USD",
      "m" : "4611686018636784135"
    }, {
      "d" : "1756460440082467658",
      "t" : 1756460440082,
      "tn" : 1756460440082467658,
      "q" : "0.05913",
      "p" : "109720.22",
      "s" : "buy",
      "i" : "BTC_USD",
      "m" : "4611686018636784134"
    }, {
      "d" : "1756460440082358554",
      "t" : 1756460440082,
      "tn" : 1756460440082358554,
      "q" : "0.10001",
      "p" : "109720.22",
      "s" : "buy",
      "i" : "BTC_USD",
      "m" : "4611686018636784133"
    }, {
      "d" : "1756460438083655415",
      "t" : 1756460438083,
      "tn" : 1756460438083655415,
      "q" : "0.09999",
      "p" : "109716.00",
      "s" : "buy",
      "i" : "BTC_USD",
      "m" : "4611686018636784132"
    }, {
      "d" : "1756460438083577729",
      "t" : 1756460438083,
      "tn" : 1756460438083577729,
      "q" : "0.09999",
      "p" : "109716.00",
      "s" : "buy",
      "i" : "BTC_USD",
      "m" : "4611686018636784131"
    }, {
      "d" : "1756460432443107361",
      "t" : 1756460432443,
      "tn" : 1756460432443107361,
      "q" : "0.00002",
      "p" : "109716.00",
      "s" : "buy",
      "i" : "BTC_USD",
      "m" : "4611686018636784130"
    }, {
      "d" : "1756460426282690946",
      "t" : 1756460426282,
      "tn" : 1756460426282690946,
      "q" : "0.04500",
      "p" : "109719.52",
      "s" : "sell",
      "i" : "BTC_USD",
      "m" : "4611686018636784129"
    }, {
      "d" : "1756460426282595400",
      "t" : 1756460426282,
      "tn" : 1756460426282595399,
      "q" : "0.03702",
      "p" : "109719.52",
      "s" : "sell",
      "i" : "BTC_USD",
      "m" : "4611686018636784128"
    }, {
      "d" : "1756460426282595399",
      "t" : 1756460426282,
      "tn" : 1756460426282595399,
      "q" : "0.00098",
      "p" : "109719.52",
      "s" : "sell",
      "i" : "BTC_USD",
      "m" : "4611686018636784128"
    }, {
      "d" : "1756460426279004434",
      "t" : 1756460426279,
      "tn" : 1756460426279004433,
      "q" : "0.00245",
      "p" : "109720.15",
      "s" : "sell",
      "i" : "BTC_USD",
      "m" : "4611686018636784127"
    }, {
      "d" : "1756460426279004433",
      "t" : 1756460426279,
      "tn" : 1756460426279004433,
      "q" : "0.00455",
      "p" : "109720.15",
      "s" : "sell",
      "i" : "BTC_USD",
      "m" : "4611686018636784127"
    }, {
      "d" : "1756460425491163441",
      "t" : 1756460425491,
      "tn" : 1756460425491163441,
      "q" : "0.00100",
      "p" : "109720.21",
      "s" : "sell",
      "i" : "BTC_USD",
      "m" : "4611686018636784126"
    }, {
      "d" : "1756460425281450885",
      "t" : 1756460425281,
      "tn" : 1756460425281450884,
      "q" : "0.00090",
      "p" : "109720.21",
      "s" : "sell",
      "i" : "BTC_USD",
      "m" : "4611686018636784125"
    }, {
      "d" : "1756460425281450884",
      "t" : 1756460425281,
      "tn" : 1756460425281450884,
      "q" : "0.00010",
      "p" : "109720.21",
      "s" : "sell",
      "i" : "BTC_USD",
      "m" : "4611686018636784125"
    }, {
      "d" : "1756460424460474309",
      "t" : 1756460424460,
      "tn" : 1756460424460474309,
      "q" : "0.10000",
      "p" : "109722.06",
      "s" : "sell",
      "i" : "BTC_USD",
      "m" : "4611686018636784124"
    }, {
      "d" : "1756460424460424122",
      "t" : 1756460424460,
      "tn" : 1756460424460424122,
      "q" : "0.02389",
      "p" : "109722.06",
      "s" : "sell",
      "i" : "BTC_USD",
      "m" : "4611686018636784123"
    }, {
      "d" : "1756460424460422429",
      "t" : 1756460424460,
      "tn" : 1756460424460422429,
      "q" : "0.06279",
      "p" : "109722.07",
      "s" : "sell",
      "i" : "BTC_USD",
      "m" : "4611686018636784122"
    }, {
      "d" : "1756460424460419927",
      "t" : 1756460424460,
      "tn" : 1756460424460419927,
      "q" : "0.01332",
      "p" : "109724.00",
      "s" : "sell",
      "i" : "BTC_USD",
      "m" : "4611686018636784121"
    }, {
      "d" : "1756460424460293820",
      "t" : 1756460424460,
      "tn" : 1756460424460293820,
      "q" : "0.01908",
      "p" : "109724.00",
      "s" : "sell",
      "i" : "BTC_USD",
      "m" : "4611686018636784120"
    }, {
      "d" : "1756460424460293191",
      "t" : 1756460424460,
      "tn" : 1756460424460293191,
      "q" : "0.03240",
      "p" : "109726.00",
      "s" : "sell",
      "i" : "BTC_USD",
      "m" : "4611686018636784119"
    }, {
      "d" : "1756460424460292174",
      "t" : 1756460424460,
      "tn" : 1756460424460292174,
      "q" : "0.00932",
      "p" : "109727.54",
      "s" : "sell",
      "i" : "BTC_USD",
      "m" : "4611686018636784118"
    }, {
      "d" : "1756460424460271281",
      "t" : 1756460424460,
      "tn" : 1756460424460271281,
      "q" : "0.03465",
      "p" : "109727.54",
      "s" : "sell",
      "i" : "BTC_USD",
      "m" : "4611686018636784117"
    }, {
      "d" : "1756460424460269365",
      "t" : 1756460424460,
      "tn" : 1756460424460269365,
      "q" : "0.00455",
      "p" : "109727.99",
      "s" : "sell",
      "i" : "BTC_USD",
      "m" : "4611686018636784116"
    }, {
      "d" : "1756460418413219094",
      "t" : 1756460418413,
      "tn" : 1756460418413219094,
      "q" : "0.04176",
      "p" : "109727.54",
      "s" : "sell",
      "i" : "BTC_USD",
      "m" : "4611686018636784115"
    }, {
      "d" : "1756460418413218608",
      "t" : 1756460418413,
      "tn" : 1756460418413218608,
      "q" : "0.00324",
      "p" : "109727.83",
      "s" : "sell",
      "i" : "BTC_USD",
      "m" : "4611686018636784114"
    }, {
      "d" : "1756460418413159882",
      "t" : 1756460418413,
      "tn" : 1756460418413159882,
      "q" : "0.04508",
      "p" : "109727.83",
      "s" : "sell",
      "i" : "BTC_USD",
      "m" : "4611686018636784113"
    }, {
      "d" : "1756460418413157770",
      "t" : 1756460418413,
      "tn" : 1756460418413157768,
      "q" : "0.00085",
      "p" : "109728.99",
      "s" : "sell",
      "i" : "BTC_USD",
      "m" : "4611686018636784112"
    }, {
      "d" : "1756460418413157769",
      "t" : 1756460418413,
      "tn" : 1756460418413157768,
      "q" : "0.00085",
      "p" : "109728.99",
      "s" : "sell",
      "i" : "BTC_USD",
      "m" : "4611686018636784112"
    }, {
      "d" : "1756460418413157768",
      "t" : 1756460418413,
      "tn" : 1756460418413157768,
      "q" : "0.00085",
      "p" : "109728.99",
      "s" : "sell",
      "i" : "BTC_USD",
      "m" : "4611686018636784112"
    }, {
      "d" : "1756460418413153097",
      "t" : 1756460418413,
      "tn" : 1756460418413153097,
      "q" : "0.02437",
      "p" : "109730.00",
      "s" : "sell",
      "i" : "BTC_USD",
      "m" : "4611686018636784111"
    }, {
      "d" : "1756460418413149959",
      "t" : 1756460418413,
      "tn" : 1756460418413149959,
      "q" : "0.00803",
      "p" : "109730.00",
      "s" : "sell",
      "i" : "BTC_USD",
      "m" : "4611686018636784110"
    }, {
      "d" : "1756460418413148164",
      "t" : 1756460418413,
      "tn" : 1756460418413148164,
      "q" : "0.03240",
      "p" : "109732.00",
      "s" : "sell",
      "i" : "BTC_USD",
      "m" : "4611686018636784109"
    }, {
      "d" : "1756460418413146441",
      "t" : 1756460418413,
      "tn" : 1756460418413146441,
      "q" : "0.00002",
      "p" : "109734.01",
      "s" : "sell",
      "i" : "BTC_USD",
      "m" : "4611686018636784108"
    }, {
      "d" : "1756460418413144151",
      "t" : 1756460418413,
      "tn" : 1756460418413144151,
      "q" : "0.00455",
      "p" : "109737.96",
      "s" : "sell",
      "i" : "BTC_USD",
      "m" : "4611686018636784107"
    }, {
      "d" : "1756460418039806477",
      "t" : 1756460418039,
      "tn" : 1756460418039806477,
      "q" : "0.00100",
      "p" : "109745.00",
      "s" : "sell",
      "i" : "BTC_USD",
      "m" : "4611686018636784106"
    }, {
      "d" : "1756460414786200589",
      "t" : 1756460414786,
      "tn" : 1756460414786200589,
      "q" : "0.04034",
      "p" : "109745.00",
      "s" : "sell",
      "i" : "BTC_USD",
      "m" : "4611686018636784105"
    }, {
      "d" : "1756460414786199126",
      "t" : 1756460414786,
      "tn" : 1756460414786199126,
      "q" : "0.03164",
      "p" : "109745.01",
      "s" : "sell",
      "i" : "BTC_USD",
      "m" : "4611686018636784104"
    }, {
      "d" : "1756460414786195586",
      "t" : 1756460414786,
      "tn" : 1756460414786195586,
      "q" : "0.04498",
      "p" : "109745.01",
      "s" : "sell",
      "i" : "BTC_USD",
      "m" : "4611686018636784103"
    }, {
      "d" : "1756460414785428892",
      "t" : 1756460414785,
      "tn" : 1756460414785428892,
      "q" : "0.04498",
      "p" : "109745.01",
      "s" : "sell",
      "i" : "BTC_USD",
      "m" : "4611686018636784102"
    }, {
      "d" : "1756460414780873220",
      "t" : 1756460414780,
      "tn" : 1756460414780873220,
      "q" : "0.01758",
      "p" : "109745.01",
      "s" : "sell",
      "i" : "BTC_USD",
      "m" : "4611686018636784101"
    }, {
      "d" : "1756460414780870205",
      "t" : 1756460414780,
      "tn" : 1756460414780870205,
      "q" : "0.18242",
      "p" : "109745.01",
      "s" : "sell",
      "i" : "BTC_USD",
      "m" : "4611686018636784100"
    }, {
      "d" : "1756460414780777107",
      "t" : 1756460414780,
      "tn" : 1756460414780777107,
      "q" : "0.10000",
      "p" : "109745.01",
      "s" : "sell",
      "i" : "BTC_USD",
      "m" : "4611686018636784099"
    }, {
      "d" : "1756460414780713864",
      "t" : 1756460414780,
      "tn" : 1756460414780713864,
      "q" : "0.03583",
      "p" : "109745.01",
      "s" : "sell",
      "i" : "BTC_USD",
      "m" : "4611686018636784098"
    }, {
      "d" : "1756460414780712221",
      "t" : 1756460414780,
      "tn" : 1756460414780712221,
      "q" : "0.06417",
      "p" : "109745.06",
      "s" : "sell",
      "i" : "BTC_USD",
      "m" : "4611686018636784097"
    }, {
      "d" : "1756460414780708969",
      "t" : 1756460414780,
      "tn" : 1756460414780708967,
      "q" : "0.02485",
      "p" : "109745.06",
      "s" : "sell",
      "i" : "BTC_USD",
      "m" : "4611686018636784096"
    }, {
      "d" : "1756460414780708968",
      "t" : 1756460414780,
      "tn" : 1756460414780708967,
      "q" : "0.07502",
      "p" : "109745.06",
      "s" : "sell",
      "i" : "BTC_USD",
      "m" : "4611686018636784096"
    }, {
      "d" : "1756460414780708967",
      "t" : 1756460414780,
      "tn" : 1756460414780708967,
      "q" : "0.00013",
      "p" : "109745.06",
      "s" : "sell",
      "i" : "BTC_USD",
      "m" : "4611686018636784096"
    }, {
      "d" : "1756460412258624089",
      "t" : 1756460412258,
      "tn" : 1756460412258624089,
      "q" : "0.00115",
      "p" : "109749.43",
      "s" : "buy",
      "i" : "BTC_USD",
      "m" : "4611686018636784095"
    }, {
      "d" : "1756460405108941617",
      "t" : 1756460405108,
      "tn" : 1756460405108941617,
      "q" : "0.10000",
      "p" : "109736.39",
      "s" : "sell",
      "i" : "BTC_USD",
      "m" : "4611686018636784094"
    }, {
      "d" : "1756460405108938672",
      "t" : 1756460405108,
      "tn" : 1756460405108938672,
      "q" : "0.01758",
      "p" : "109736.39",
      "s" : "sell",
      "i" : "BTC_USD",
      "m" : "4611686018636784093"
    }, {
      "d" : "1756460405108935529",
      "t" : 1756460405108,
      "tn" : 1756460405108935529,
      "q" : "0.03507",
      "p" : "109736.39",
      "s" : "sell",
      "i" : "BTC_USD",
      "m" : "4611686018636784092"
    }, {
      "d" : "1756460405108933815",
      "t" : 1756460405108,
      "tn" : 1756460405108933815,
      "q" : "0.01138",
      "p" : "109737.99",
      "s" : "sell",
      "i" : "BTC_USD",
      "m" : "4611686018636784091"
    }, {
      "d" : "1756460405108930918",
      "t" : 1756460405108,
      "tn" : 1756460405108930918,
      "q" : "0.03240",
      "p" : "109738.00",
      "s" : "sell",
      "i" : "BTC_USD",
      "m" : "4611686018636784090"
    }, {
      "d" : "1756460405108928541",
      "t" : 1756460405108,
      "tn" : 1756460405108928541,
      "q" : "0.04556",
      "p" : "109738.36",
      "s" : "sell",
      "i" : "BTC_USD",
      "m" : "4611686018636784089"
    }, {
      "d" : "1756460405108926234",
      "t" : 1756460405108,
      "tn" : 1756460405108926234,
      "q" : "0.03240",
      "p" : "109740.00",
      "s" : "sell",
      "i" : "BTC_USD",
      "m" : "4611686018636784088"
    }, {
      "d" : "1756460405108924879",
      "t" : 1756460405108,
      "tn" : 1756460405108924879,
      "q" : "0.02561",
      "p" : "109742.02",
      "s" : "sell",
      "i" : "BTC_USD",
      "m" : "4611686018636784087"
    }, {
      "d" : "1756460405108848212",
      "t" : 1756460405108,
      "tn" : 1756460405108848212,
      "q" : "0.10000",
      "p" : "109742.02",
      "s" : "sell",
      "i" : "BTC_USD",
      "m" : "4611686018636784086"
    }, {
      "d" : "1756460405108767275",
      "t" : 1756460405108,
      "tn" : 1756460405108767274,
      "q" : "0.09545",
      "p" : "109742.02",
      "s" : "sell",
      "i" : "BTC_USD",
      "m" : "4611686018636784085"
    }, {
      "d" : "1756460405108767274",
      "t" : 1756460405108,
      "tn" : 1756460405108767274,
      "q" : "0.00455",
      "p" : "109742.02",
      "s" : "sell",
      "i" : "BTC_USD",
      "m" : "4611686018636784085"
    }, {
      "d" : "1756460404723607925",
      "t" : 1756460404723,
      "tn" : 1756460404723607925,
      "q" : "0.01755",
      "p" : "109738.38",
      "s" : "sell",
      "i" : "BTC_USD",
      "m" : "4611686018636784084"
    }, {
      "d" : "1756460404723531453",
      "t" : 1756460404723,
      "tn" : 1756460404723531451,
      "q" : "0.00225",
      "p" : "109738.38",
      "s" : "sell",
      "i" : "BTC_USD",
      "m" : "4611686018636784083"
    }, {
      "d" : "1756460404723531452",
      "t" : 1756460404723,
      "tn" : 1756460404723531451,
      "q" : "0.09035",
      "p" : "109738.38",
      "s" : "sell",
      "i" : "BTC_USD",
      "m" : "4611686018636784083"
    }, {
      "d" : "1756460404723531451",
      "t" : 1756460404723,
      "tn" : 1756460404723531451,
      "q" : "0.00737",
      "p" : "109738.38",
      "s" : "sell",
      "i" : "BTC_USD",
      "m" : "4611686018636784083"
    }, {
      "d" : "1756460404723526911",
      "t" : 1756460404723,
      "tn" : 1756460404723526911,
      "q" : "0.07370",
      "p" : "109738.38",
      "s" : "sell",
      "i" : "BTC_USD",
      "m" : "4611686018636784082"
    }, {
      "d" : "1756460404723526395",
      "t" : 1756460404723,
      "tn" : 1756460404723526395,
      "q" : "0.03240",
      "p" : "109740.00",
      "s" : "sell",
      "i" : "BTC_USD",
      "m" : "4611686018636784081"
    }, {
      "d" : "1756460404723522067",
      "t" : 1756460404723,
      "tn" : 1756460404723522067,
      "q" : "0.07631",
      "p" : "109742.00",
      "s" : "sell",
      "i" : "BTC_USD",
      "m" : "4611686018636784080"
    }, {
      "d" : "1756460404723520152",
      "t" : 1756460404723,
      "tn" : 1756460404723520151,
      "q" : "0.07254",
      "p" : "109742.00",
      "s" : "sell",
      "i" : "BTC_USD",
      "m" : "4611686018636784079"
    }, {
      "d" : "1756460404723520151",
      "t" : 1756460404723,
      "tn" : 1756460404723520151,
      "q" : "0.02744",
      "p" : "109742.00",
      "s" : "sell",
      "i" : "BTC_USD",
      "m" : "4611686018636784079"
    }, {
      "d" : "1756460404723514974",
      "t" : 1756460404723,
      "tn" : 1756460404723514974,
      "q" : "0.00496",
      "p" : "109742.00",
      "s" : "sell",
      "i" : "BTC_USD",
      "m" : "4611686018636784078"
    }, {
      "d" : "1756460404723513305",
      "t" : 1756460404723,
      "tn" : 1756460404723513305,
      "q" : "0.03240",
      "p" : "109744.00",
      "s" : "sell",
      "i" : "BTC_USD",
      "m" : "4611686018636784077"
    }, {
      "d" : "1756460404723511034",
      "t" : 1756460404723,
      "tn" : 1756460404723511034,
      "q" : "0.02566",
      "p" : "109745.83",
      "s" : "sell",
      "i" : "BTC_USD",
      "m" : "4611686018636784076"
    }, {
      "d" : "1756460404723509425",
      "t" : 1756460404723,
      "tn" : 1756460404723509425,
      "q" : "0.03240",
      "p" : "109746.00",
      "s" : "sell",
      "i" : "BTC_USD",
      "m" : "4611686018636784075"
    }, {
      "d" : "1756460404723507440",
      "t" : 1756460404723,
      "tn" : 1756460404723507440,
      "q" : "0.00455",
      "p" : "109748.64",
      "s" : "sell",
      "i" : "BTC_USD",
      "m" : "4611686018636784074"
    }, {
      "d" : "1756460404262912202",
      "t" : 1756460404262,
      "tn" : 1756460404262912202,
      "q" : "0.00100",
      "p" : "109743.95",
      "s" : "buy",
      "i" : "BTC_USD",
      "m" : "4611686018636784073"
    }, {
      "d" : "1756460404196941812",
      "t" : 1756460404196,
      "tn" : 1756460404196941812,
      "q" : "0.03240",
      "p" : "109740.00",
      "s" : "buy",
      "i" : "BTC_USD",
      "m" : "4611686018636784072"
    }, {
      "d" : "1756460404165776107",
      "t" : 1756460404165,
      "tn" : 1756460404165776107,
      "q" : "0.00132",
      "p" : "109738.46",
      "s" : "buy",
      "i" : "BTC_USD",
      "m" : "4611686018636784071"
    }, {
      "d" : "1756460404154873221",
      "t" : 1756460404154,
      "tn" : 1756460404154873221,
      "q" : "0.03240",
      "p" : "109738.00",
      "s" : "buy",
      "i" : "BTC_USD",
      "m" : "4611686018636784070"
    }, {
      "d" : "1756460404145193188",
      "t" : 1756460404145,
      "tn" : 1756460404145193188,
      "q" : "0.10000",
      "p" : "109736.39",
      "s" : "buy",
      "i" : "BTC_USD",
      "m" : "4611686018636784069"
    }, {
      "d" : "1756460404145168562",
      "t" : 1756460404145,
      "tn" : 1756460404145168562,
      "q" : "0.10001",
      "p" : "109736.39",
      "s" : "buy",
      "i" : "BTC_USD",
      "m" : "4611686018636784068"
    }, {
      "d" : "1756460404145023212",
      "t" : 1756460404145,
      "tn" : 1756460404145023212,
      "q" : "0.10002",
      "p" : "109736.39",
      "s" : "buy",
      "i" : "BTC_USD",
      "m" : "4611686018636784067"
    } ]
  }
}