{
  "id" : -1,
  "method" : "public/get-trades",
  "code" : 0,
  "result" : {
    "data" : [ {
      "d" : "1756460470772465618",
      "t" : 1756460470772,
      "tn" : 1756460470772465618,
      "q" : "0.00006",
      "p" : "109778.00",
      "s" : "buy",
      "i" : "BTC_USDT",
      "m" : "4611686018622592909"
    }, {
      "d" : "1756460470762720871",
      "t" : 1756460470762,
      "tn" : 1756460470762720871,
      "q" : "0.00069",
      "p" : "109778.00",
      "s" : "buy",
      "i" : "BTC_USDT",
      "m" : "4611686018622592908"
    }, {
      "d" : "1756460470251590082",
      "t" : 1756460470251,
      "tn" : 1756460470251590082,
      "q" : "0.00069",
      "p" : "109778.00",
      "s" : "buy",
      "i" : "BTC_USDT",
      "m" : "4611686018622592907"
    }, {
      "d" : "1756460470136207175",
      "t" : 1756460470136,
      "tn" : 1756460470136207175,
      "q" : "0.00069",
      "p" : "109778.00",
      "s" : "buy",
      "i" : "BTC_USDT",
      "m" : "4611686018622592906"
    }, {
      "d" : "1756460468198225288",
      "t" : 1756460468198,
      "tn" : 1756460468198225288,
      "q" : "0.00254",
      "p" : "109775.00",
      "s" : "buy",
      "i" : "BTC_USDT",
      "m" : "4611686018622592905"
    }, {
      "d" : "1756460464809593151",
      "t" : 1756460464809,
      "tn" : 1756460464809593150,
      "q" : "0.04132",
      "p" : "109768.56",
      "s" : "sell",
      "i" : "BTC_USDT",
      "m" : "4611686018622592904"
    }, {
      "d" : "1756460464809593150",
      "t" : 1756460464809,
      "tn" : 1756460464809593150,
      "q" : "0.07408",
      "p" : "109768.56",
      "s" : "sell",
      "i" : "BTC_USDT",
      "m" : "4611686018622592904"
    }, {
      "d" : "1756460464809182185",
      "t" : 1756460464809,
      "tn" : 1756460464809182185,
      "q" : "0.00010",
      "p" : "109771.42",
      "s" : "sell",
      "i" : "BTC_USDT",
      "m" : "4611686018622592903"
    }, {
      "d" : "1756460464808672154",
      "t" : 1756460464808,
      "tn" : 1756460464808672154,
      "q" : "0.00010",
      "p" : "109771.42",
      "s" : "sell",
      "i" : "BTC_USDT",
      "m" : "4611686018622592902"
    }, {
      "d" : "1756460464808669589",
      "t" : 1756460464808,
      "tn" : 1756460464808669589,
      "q" : "0.03437",
      "p" : "109771.42",
      "s" : "sell",
      "i" : "BTC_USDT",
      "m" : "4611686018622592901"
    }, {
      "d" : "1756460464808666169",
      "t" : 1756460464808,
      "tn" : 1756460464808666169,
      "q" : "0.03922",
      "p" : "109771.42",
      "s" : "sell",
      "i" : "BTC_USDT",
      "m" : "4611686018622592900"
    }, {
      "d" : "1756460464808664187",
      "t" : 1756460464808,
      "tn" : 1756460464808664187,
      "q" : "0.02590",
      "p" : "109774.00",
      "s" : "sell",
      "i" : "BTC_USDT",
      "m" : "4611686018622592899"
    }, {
      "d" : "1756460464808661570",
      "t" : 1756460464808,
      "tn" : 1756460464808661570,
      "q" : "0.00030",
      "p" : "109774.71",
      "s" : "sell",
      "i" : "BTC_USDT",
      "m" : "4611686018622592898"
    }, {
      "d" : "1756460464808658975",
      "t" : 1756460464808,
      "tn" : 1756460464808658974,
      "q" : "0.03000",
      "p" : "109778.33",
      "s" : "sell",
      "i" : "BTC_USDT",
      "m" : "4611686018622592897"
    }, {
      "d" : "1756460464808658974",
      "t" : 1756460464808,
      "tn" : 1756460464808658974,
      "q" : "0.00455",
      "p" : "109778.33",
      "s" : "sell",
      "i" : "BTC_USDT",
      "m" : "4611686018622592897"
    }, {
      "d" : "1756460455529352144",
      "t" : 1756460455529,
      "tn" : 1756460455529352144,
      "q" : "0.10063",
      "p" : "109785.08",
      "s" : "buy",
      "i" : "BTC_USDT",
      "m" : "4611686018622592896"
    }, {
      "d" : "1756460455529349959",
      "t" : 1756460455529,
      "tn" : 1756460455529349959,
      "q" : "0.02487",
      "p" : "109785.07",
      "s" : "buy",
      "i" : "BTC_USDT",
      "m" : "4611686018622592895"
    }, {
      "d" : "1756460455529274885",
      "t" : 1756460455529,
      "tn" : 1756460455529274885,
      "q" : "0.00013",
      "p" : "109785.07",
      "s" : "buy",
      "i" : "BTC_USDT",
      "m" : "4611686018622592894"
    }, {
      "d" : "1756460455529152611",
      "t" : 1756460455529,
      "tn" : 1756460455529152611,
      "q" : "0.00340",
      "p" : "109785.07",
      "s" : "buy",
      "i" : "BTC_USDT",
      "m" : "4611686018622592893"
    }, {
      "d" : "1756460455529150971",
      "t" : 1756460455529,
      "tn" : 1756460455529150971,
      "q" : "0.03850",
      "p" : "109785.06",
      "s" : "buy",
      "i" : "BTC_USDT",
      "m" : "4611686018622592892"
    }, {
      "d" : "1756460455529148489",
      "t" : 1756460455529,
      "tn" : 1756460455529148489,
      "q" : "0.00448",
      "p" : "109783.29",
      "s" : "buy",
      "i" : "BTC_USDT",
      "m" : "4611686018622592891"
    }, {
      "d" : "1756460455529146794",
      "t" : 1756460455529,
      "tn" : 1756460455529146794,
      "q" : "0.00091",
      "p" : "109780.38",
      "s" : "buy",
      "i" : "BTC_USDT",
      "m" : "4611686018622592890"
    }, {
      "d" : "1756460455529144647",
      "t" : 1756460455529,
      "tn" : 1756460455529144647,
      "q" : "0.00060",
      "p" : "109778.25",
      "s" : "buy",
      "i" : "BTC_USDT",
      "m" : "4611686018622592889"
    }, {
      "d" : "1756460455529141917",
      "t" : 1756460455529,
      "tn" : 1756460455529141917,
      "q" : "0.00030",
      "p" : "109776.27",
      "s" : "buy",
      "i" : "BTC_USDT",
      "m" : "4611686018622592888"
    }, {
      "d" : "1756460455529139876",
      "t" : 1756460455529,
      "tn" : 1756460455529139876,
      "q" : "0.02590",
      "p" : "109774.00",
      "s" : "buy",
      "i" : "BTC_USDT",
      "m" : "4611686018622592887"
    }, {
      "d" : "1756460455529138213",
      "t" : 1756460455529,
      "tn" : 1756460455529138213,
      "q" : "0.00002",
      "p" : "109773.74",
      "s" : "buy",
      "i" : "BTC_USDT",
      "m" : "4611686018622592886"
    }, {
      "d" : "1756460455529136558",
      "t" : 1756460455529,
      "tn" : 1756460455529136558,
      "q" : "0.02590",
      "p" : "109772.00",
      "s" : "buy",
      "i" : "BTC_USDT",
      "m" : "4611686018622592885"
    }, {
      "d" : "1756460454952050450",
      "t" : 1756460454952,
      "tn" : 1756460454952050450,
      "q" : "0.03130",
      "p" : "109766.78",
      "s" : "buy",
      "i" : "BTC_USDT",
      "m" : "4611686018622592884"
    }, {
      "d" : "1756460454952049919",
      "t" : 1756460454952,
      "tn" : 1756460454952049919,
      "q" : "0.04247",
      "p" : "109765.96",
      "s" : "buy",
      "i" : "BTC_USDT",
      "m" : "4611686018622592883"
    }, {
      "d" : "1756460454952044739",
      "t" : 1756460454952,
      "tn" : 1756460454952044739,
      "q" : "0.00030",
      "p" : "109761.62",
      "s" : "buy",
      "i" : "BTC_USDT",
      "m" : "4611686018622592882"
    }, {
      "d" : "1756460454952042578",
      "t" : 1756460454952,
      "tn" : 1756460454952042578,
      "q" : "0.00002",
      "p" : "109759.40",
      "s" : "buy",
      "i" : "BTC_USDT",
      "m" : "4611686018622592881"
    }, {
      "d" : "1756460454952039195",
      "t" : 1756460454952,
      "tn" : 1756460454952039195,
      "q" : "0.02590",
      "p" : "109758.00",
      "s" : "buy",
      "i" : "BTC_USDT",
      "m" : "4611686018622592880"
    }, {
      "d" : "1756460450914260173",
      "t" : 1756460450914,
      "tn" : 1756460450914260173,
      "q" : "0.02351",
      "p" : "109740.00",
      "s" : "buy",
      "i" : "BTC_USDT",
      "m" : "4611686018622592879"
    }, {
      "d" : "1756460444312588542",
      "t" : 1756460444312,
      "tn" : 1756460444312588542,
      "q" : "0.02590",
      "p" : "109734.00",
      "s" : "buy",
      "i" : "BTC_USDT",
      "m" : "4611686018622592878"
    }, {
      "d" : "1756460444312586640",
      "t" : 1756460444312,
      "tn" : 1756460444312586640,
      "q" : "0.00002",
      "p" : "109729.99",
      "s" : "buy",
      "i" : "BTC_USDT",
      "m" : "4611686018622592877"
    }, {
      "d" : "1756460444118111948",
      "t" : 1756460444118,
      "tn" : 1756460444118111948,
      "q" : "0.00010",
      "p" : "109727.61",
      "s" : "buy",
      "i" : "BTC_USDT",
      "m" : "4611686018622592876"
    }, {
      "d" : "1756460444118109573",
      "t" : 1756460444118,
      "tn" : 1756460444118109573,
      "q" : "0.00055",
      "p" : "109727.60",
      "s" : "buy",
      "i" : "BTC_USDT",
      "m" : "4611686018622592875"
    }, {
      "d" : "1756460440082479014",
      "t" : 1756460440082,
      "tn" : 1756460440082479014,
      "q" : "0.00014",
      "p" : "109704.00",
      "s" : "buy",
      "i" : "BTC_USDT",
      "m" : "4611686018622592874"
    }, {
      "d" : "1756460425048204235",
      "t" : 1756460425048,
      "tn" : 1756460425048204235,
      "q" : "0.00136",
      "p" : "109703.99",
      "s" : "sell",
      "i" : "BTC_USDT",
      "m" : "4611686018622592873"
    }, {
      "d" : "1756460424612609341",
      "t" : 1756460424612,
      "tn" : 1756460424612609341,
      "q" : "0.00002",
      "p" : "109718.00",
      "s" : "sell",
      "i" : "BTC_USDT",
      "m" : "4611686018622592872"
    }, {
      "d" : "1756460424534522462",
      "t" : 1756460424534,
      "tn" : 1756460424534522462,
      "q" : "0.19130",
      "p" : "109718.01",
      "s" : "buy",
      "i" : "BTC_USDT",
      "m" : "4611686018622592871"
    }, {
      "d" : "1756460424461201978",
      "t" : 1756460424461,
      "tn" : 1756460424461201978,
      "q" : "0.00010",
      "p" : "109713.64",
      "s" : "sell",
      "i" : "BTC_USDT",
      "m" : "4611686018622592870"
    }, {
      "d" : "1756460424460920178",
      "t" : 1756460424460,
      "tn" : 1756460424460920178,
      "q" : "0.02835",
      "p" : "109713.64",
      "s" : "sell",
      "i" : "BTC_USDT",
      "m" : "4611686018622592869"
    }, {
      "d" : "1756460424460918068",
      "t" : 1756460424460,
      "tn" : 1756460424460918068,
      "q" : "0.06577",
      "p" : "109714.18",
      "s" : "sell",
      "i" : "BTC_USDT",
      "m" : "4611686018622592868"
    }, {
      "d" : "1756460424460915034",
      "t" : 1756460424460,
      "tn" : 1756460424460915034,
      "q" : "0.00455",
      "p" : "109716.99",
      "s" : "sell",
      "i" : "BTC_USDT",
      "m" : "4611686018622592867"
    }, {
      "d" : "1756460424460912445",
      "t" : 1756460424460,
      "tn" : 1756460424460912445,
      "q" : "0.00030",
      "p" : "109727.50",
      "s" : "sell",
      "i" : "BTC_USDT",
      "m" : "4611686018622592866"
    }, {
      "d" : "1756460424460908116",
      "t" : 1756460424460,
      "tn" : 1756460424460908115,
      "q" : "0.00002",
      "p" : "109727.61",
      "s" : "sell",
      "i" : "BTC_USDT",
      "m" : "4611686018622592865"
    }, {
      "d" : "1756460424460908115",
      "t" : 1756460424460,
      "tn" : 1756460424460908115,
      "q" : "0.00091",
      "p" : "109727.61",
      "s" : "sell",
      "i" : "BTC_USDT",
      "m" : "4611686018622592865"
    }, {
      "d" : "1756460418305359152",
      "t" : 1756460418305,
      "tn" : 1756460418305359152,
      "q" : "0.01473",
      "p" : "109728.00",
      "s" : "sell",
      "i" : "BTC_USDT",
      "m" : "4611686018622592864"
    }, {
      "d" : "1756460418305356860",
      "t" : 1756460418305,
      "tn" : 1756460418305356860,
      "q" : "0.02340",
      "p" : "109730.00",
      "s" : "sell",
      "i" : "BTC_USDT",
      "m" : "4611686018622592863"
    }, {
      "d" : "1756460418305354420",
      "t" : 1756460418305,
      "tn" : 1756460418305354420,
      "q" : "0.02590",
      "p" : "109732.00",
      "s" : "sell",
      "i" : "BTC_USDT",
      "m" : "4611686018622592862"
    }, {
      "d" : "1756460418305351949",
      "t" : 1756460418305,
      "tn" : 1756460418305351949,
      "q" : "0.00002",
      "p" : "109733.69",
      "s" : "sell",
      "i" : "BTC_USDT",
      "m" : "4611686018622592861"
    }, {
      "d" : "1756460418305348653",
      "t" : 1756460418305,
      "tn" : 1756460418305348652,
      "q" : "0.00002",
      "p" : "109734.00",
      "s" : "sell",
      "i" : "BTC_USDT",
      "m" : "4611686018622592860"
    }, {
      "d" : "1756460418305348652",
      "t" : 1756460418305,
      "tn" : 1756460418305348652,
      "q" : "0.02590",
      "p" : "109734.00",
      "s" : "sell",
      "i" : "BTC_USDT",
      "m" : "4611686018622592860"
    }, {
      "d" : "1756460418010665963",
      "t" : 1756460418010,
      "tn" : 1756460418010665963,
      "q" : "0.00002",
      "p" : "109742.00",
      "s" : "sell",
      "i" : "BTC_USDT",
      "m" : "4611686018622592859"
    }, {
      "d" : "1756460414780251637",
      "t" : 1756460414780,
      "tn" : 1756460414780251637,
      "q" : "0.00002",
      "p" : "109749.61",
      "s" : "sell",
      "i" : "BTC_USDT",
      "m" : "4611686018622592858"
    }, {
      "d" : "1756460414552293936",
      "t" : 1756460414552,
      "tn" : 1756460414552293936,
      "q" : "0.00109",
      "p" : "109749.62",
      "s" : "buy",
      "i" : "BTC_USDT",
      "m" : "4611686018622592857"
    }, {
      "d" : "1756460411816232363",
      "t" : 1756460411816,
      "tn" : 1756460411816232363,
      "q" : "0.00009",
      "p" : "109732.00",
      "s" : "buy",
      "i" : "BTC_USDT",
      "m" : "4611686018622592856"
    }, {
      "d" : "1756460409892765325",
      "t" : 1756460409892,
      "tn" : 1756460409892765321,
      "q" : "0.02050",
      "p" : "109730.00",
      "s" : "buy",
      "i" : "BTC_USDT",
      "m" : "4611686018622592855"
    }, {
      "d" : "1756460409892765324",
      "t" : 1756460409892,
      "tn" : 1756460409892765321,
      "q" : "0.04251",
      "p" : "109730.00",
      "s" : "buy",
      "i" : "BTC_USDT",
      "m" : "4611686018622592855"
    }, {
      "d" : "1756460409892765323",
      "t" : 1756460409892,
      "tn" : 1756460409892765321,
      "q" : "0.00455",
      "p" : "109730.00",
      "s" : "buy",
      "i" : "BTC_USDT",
      "m" : "4611686018622592855"
    }, {
      "d" : "1756460409892765322",
      "t" : 1756460409892,
      "tn" : 1756460409892765321,
      "q" : "0.02460",
      "p" : "109730.00",
      "s" : "buy",
      "i" : "BTC_USDT",
      "m" : "4611686018622592855"
    }, {
      "d" : "1756460409892765321",
      "t" : 1756460409892,
      "tn" : 1756460409892765321,
      "q" : "0.00012",
      "p" : "109730.00",
      "s" : "buy",
      "i" : "BTC_USDT",
      "m" : "4611686018622592855"
    }, {
      "d" : "1756460402262935515",
      "t" : 1756460402262,
      "tn" : 1756460402262935515,
      "q" : "0.09990",
      "p" : "109708.62",
      "s" : "buy",
      "i" : "BTC_USDT",
      "m" : "4611686018622592854"
    }, {
      "d" : "1756460402262732099",
      "t" : 1756460402262,
      "tn" : 1756460402262732099,
      "q" : "0.00011",
      "p" : "109708.62",
      "s" : "buy",
      "i" : "BTC_USDT",
      "m" : "4611686018622592853"
    }, {
      "d" : "1756460402261829970",
      "t" : 1756460402261,
      "tn" : 1756460402261829970,
      "q" : "0.10002",
      "p" : "109708.62",
      "s" : "buy",
      "i" : "BTC_USDT",
      "m" : "4611686018622592852"
    }, {
      "d" : "1756460402261732716",
      "t" : 1756460402261,
      "tn" : 1756460402261732716,
      "q" : "0.03330",
      "p" : "109708.62",
      "s" : "buy",
      "i" : "BTC_USDT",
      "m" : "4611686018622592851"
    }, {
      "d" : "1756460402261665049",
      "t" : 1756460402261,
      "tn" : 1756460402261665049,
      "q" : "0.00010",
      "p" : "109708.62",
      "s" : "buy",
      "i" : "BTC_USDT",
      "m" : "4611686018622592850"
    }, {
      "d" : "1756460402261662005",
      "t" : 1756460402261,
      "tn" : 1756460402261662005,
      "q" : "0.06709",
      "p" : "109708.62",
      "s" : "buy",
      "i" : "BTC_USDT",
      "m" : "4611686018622592849"
    }, {
      "d" : "1756460402261660131",
      "t" : 1756460402261,
      "tn" : 1756460402261660131,
      "q" : "0.02391",
      "p" : "109707.41",
      "s" : "buy",
      "i" : "BTC_USDT",
      "m" : "4611686018622592848"
    }, {
      "d" : "1756460402261657177",
      "t" : 1756460402261,
      "tn" : 1756460402261657177,
      "q" : "0.02507",
      "p" : "109707.40",
      "s" : "buy",
      "i" : "BTC_USDT",
      "m" : "4611686018622592847"
    }, {
      "d" : "1756460402261653476",
      "t" : 1756460402261,
      "tn" : 1756460402261653476,
      "q" : "0.00052",
      "p" : "109706.85",
      "s" : "buy",
      "i" : "BTC_USDT",
      "m" : "4611686018622592846"
    }, {
      "d" : "1756460402261325262",
      "t" : 1756460402261,
      "tn" : 1756460402261325262,
      "q" : "0.00030",
      "p" : "109704.19",
      "s" : "buy",
      "i" : "BTC_USDT",
      "m" : "4611686018622592845"
    }, {
      "d" : "1756460402260319208",
      "t" : 1756460402260,
      "tn" : 1756460402260319208,
      "q" : "0.00002",
      "p" : "109700.77",
      "s" : "buy",
      "i" : "BTC_USDT",
      "m" : "4611686018622592844"
    }, {
      "d" : "1756460402260317105",
      "t" : 1756460402260,
      "tn" : 1756460402260317105,
      "q" : "0.00455",
      "p" : "109699.32",
      "s" : "buy",
      "i" : "BTC_USDT",
      "m" : "4611686018622592843"
    }, {
      "d" : "1756460402260313854",
      "t" : 1756460402260,
      "tn" : 1756460402260313854,
      "q" : "0.00039",
      "p" : "109698.00",
      "s" : "buy",
      "i" : "BTC_USDT",
      "m" : "4611686018622592842"
    }, {
      "d" : "1756460402260309137",
      "t" : 1756460402260,
      "tn" : 1756460402260309137,
      "q" : "0.00002",
      "p" : "109697.99",
      "s" : "buy",
      "i" : "BTC_USDT",
      "m" : "4611686018622592841"
    }, {
      "d" : "1756460388858769909",
      "t" : 1756460388858,
      "tn" : 1756460388858769909,
      "q" : "0.00160",
      "p" : "109697.19",
      "s" : "buy",
      "i" : "BTC_USDT",
      "m" : "4611686018622592840"
    }, {
      "d" : "1756460383588026008",
      "t" : 1756460383588,
      "tn" : 1756460383588026008,
      "q" : "0.00001",
      "p" : "109690.00",
      "s" : "buy",
      "i" : "BTC_USDT",
      "m" : "4611686018622592839"
    }, {
      "d" : "1756460381418613928",
      "t" : 1756460381418,
      "tn" : 1756460381418613928,
      "q" : "0.00002",
      "p" : "109670.61",
      "s" : "buy",
      "i" : "BTC_USDT",
      "m" : "4611686018622592838"
    }, {
      "d" : "1756460377396641982",
      "t" : 1756460377396,
      "tn" : 1756460377396641982,
      "q" : "0.00052",
      "p" : "109665.99",
      "s" : "buy",
      "i" : "BTC_USDT",
      "m" : "4611686018622592837"
    }, {
      "d" : "1756460350789304896",
      "t" : 1756460350789,
      "tn" : 1756460350789304895,
      "q" : "0.02938",
      "p" : "109670.63",
      "s" : "buy",
      "i" : "BTC_USDT",
      "m" : "4611686018622592836"
    }, {
      "d" : "1756460350789304895",
      "t" : 1756460350789,
      "tn" : 1756460350789304895,
      "q" : "0.00043",
      "p" : "109670.63",
      "s" : "buy",
      "i" : "BTC_USDT",
      "m" : "4611686018622592836"
    }, {
      "d" : "1756460350789300517",
      "t" : 1756460350789,
      "tn" : 1756460350789300515,
      "q" : "0.00061",
      "p" : "109670.62",
      "s" : "buy",
      "i" : "BTC_USDT",
      "m" : "4611686018622592835"
    }, {
      "d" : "1756460350789300516",
      "t" : 1756460350789,
      "tn" : 1756460350789300515,
      "q" : "0.00455",
      "p" : "109670.62",
      "s" : "buy",
      "i" : "BTC_USDT",
      "m" : "4611686018622592835"
    }, {
      "d" : "1756460350789300515",
      "t" : 1756460350789,
      "tn" : 1756460350789300515,
      "q" : "0.02663",
      "p" : "109670.62",
      "s" : "buy",
      "i" : "BTC_USDT",
      "m" : "4611686018622592835"
    }, {
      "d" : "1756460347640155598",
      "t" : 1756460347640,
      "tn" : 1756460347640155598,
      "q" : "0.00032",
      "p" : "109677.99",
      "s" : "sell",
      "i" : "BTC_USDT",
      "m" : "4611686018622592834"
    }, {
      "d" : "1756460342638828922",
      "t" : 1756460342638,
      "tn" : 1756460342638828921,
      "q" : "0.07400",
      "p" : "109678.00",
      "s" : "buy",
      "i" : "BTC_USDT",
      "m" : "4611686018622592833"
    }, {
      "d" : "1756460342638828921",
      "t" : 1756460342638,
      "tn" : 1756460342638828921,
      "q" : "0.02590",
      "p" : "109678.00",
      "s" : "buy",
      "i" : "BTC_USDT",
      "m" : "4611686018622592833"
    }, {
      "d" : "1756460340555220531",
      "t" : 1756460340555,
      "tn" : 1756460340555220531,
      "q" : "0.09999",
      "p" : "109676.40",
      "s" : "buy",
      "i" : "BTC_USDT",
      "m" : "4611686018622592832"
    }, {
      "d" : "1756460332259764163",
      "t" : 1756460332259,
      "tn" : 1756460332259764163,
      "q" : "0.00710",
      "p" : "109676.40",
      "s" : "buy",
      "i" : "BTC_USDT",
      "m" : "4611686018622592831"
    }, {
      "d" : "1756460329439020292",
      "t" : 1756460329439,
      "tn" : 1756460329439020292,
      "q" : "0.00890",
      "p" : "109678.00",
      "s" : "sell",
      "i" : "BTC_USDT",
      "m" : "4611686018622592830"
    }, {
      "d" : "1756460329438914979",
      "t" : 1756460329438,
      "tn" : 1756460329438914979,
      "q" : "0.00010",
      "p" : "109678.00",
      "s" : "sell",
      "i" : "BTC_USDT",
      "m" : "4611686018622592829"
    }, {
      "d" : "1756460329438808251",
      "t" : 1756460329438,
      "tn" : 1756460329438808251,
      "q" : "0.00010",
      "p" : "109678.00",
      "s" : "sell",
      "i" : "BTC_USDT",
      "m" : "4611686018622592828"
    }, {
      "d" : "1756460329438654742",
      "t" : 1756460329438,
      "tn" : 1756460329438654742,
      "q" : "0.00020",
      "p" : "109678.00",
      "s" : "sell",
      "i" : "BTC_USDT",
      "m" : "4611686018622592827"
    }, {
      "d" : "1756460329438652032",
      "t" : 1756460329438,
      "tn" : 1756460329438652032,
      "q" : "0.00010",
      "p" : "109678.00",
      "s" : "sell",
      "i" : "BTC_USDT",
      "m" : "4611686018622592826"
    }, {
      "d" : "1756460329438633252",
      "t" : 1756460329438,
      "tn" : 1756460329438633252,
      "q" : "0.00889",
      "p" : "109678.00",
      "s" : "sell",
      "i" : "BTC_USDT",
      "m" : "4611686018622592825"
    }, {
      "d" : "1756460329438631658",
      "t" : 1756460329438,
      "tn" : 1756460329438631658,
      "q" : "0.00455",
      "p" : "109679.72",
      "s" : "sell",
      "i" : "BTC_USDT",
      "m" : "4611686018622592824"
    }, {
      "d" : "1756460329438630180",
      "t" : 1756460329438,
      "tn" : 1756460329438630180,
      "q" : "0.02590",
      "p" : "109680.00",
      "s" : "sell",
      "i" : "BTC_USDT",
      "m" : "4611686018622592823"
    }, {
      "d" : "1756460329438628083",
      "t" : 1756460329438,
      "tn" : 1756460329438628083,
      "q" : "0.10123",
      "p" : "109680.77",
      "s" : "sell",
      "i" : "BTC_USDT",
      "m" : "4611686018622592822"
    }, {
      "d" : "1756460329438624000",
      "t" : 1756460329438,
      "tn" : 1756460329438624000,
      "q" : "0.09877",
      "p" : "109680.77",
      "s" : "sell",
      "i" : "BTC_USDT",
      "m" : "4611686018622592821"
    }, {
      "d" : "1756460329438622283",
      "t" : 1756460329438,
      "tn" : 1756460329438622283,
      "q" : "0.00030",
      "p" : "109683.58",
      "s" : "sell",
      "i" : "BTC_USDT",
      "m" : "4611686018622592820"
    }, {
      "d" : "1756460329438618570",
      "t" : 1756460329438,
      "tn" : 1756460329438618569,
      "q" : "0.00002",
      "p" : "109683.85",
      "s" : "sell",
      "i" : "BTC_USDT",
      "m" : "4611686018622592819"
    }, {
      "d" : "1756460329438618569",
      "t" : 1756460329438,
      "tn" : 1756460329438618569,
      "q" : "0.00091",
      "p" : "109683.85",
      "s" : "sell",
      "i" : "BTC_USDT",
      "m" : "4611686018622592819"
    }, {
      "d" : "1756460312314980947",
      "t" : 1756460312314,
      "tn" : 1756460312314980947,
      "q" : "0.00052",
      "p" : "109700.00",
      "s" : "sell",
      "i" : "BTC_USDT",
      "m" : "4611686018622592818"
    }, {
      "d" : "1756460302783697329",
      "t" : 1756460302783,
      "tn" : 1756460302783697328,
      "q" : "0.00002",
      "p" : "109715.39",
      "s" : "sell",
      "i" : "BTC_USDT",
      "m" : "4611686018622592817"
    }, {
      "d" : "1756460302783697328",
      "t" : 1756460302783,
      "tn" : 1756460302783697328,
      "q" : "0.00002",
      "p" : "109715.39",
      "s" : "sell",
      "i" : "BTC_USDT",
      "m" : "4611686018622592817"
    }, {
      "d" : "1756460302590155338",
      "t" : 1756460302590,
      "tn" : 1756460302590155338,
      "q" : "0.00029",
      "p" : "109717.21",
      "s" : "sell",
      "i" : "BTC_USDT",
      "m" : "4611686018622592816"
    }, {
      "d" : "1756460302590152932",
      "t" : 1756460302590,
      "tn" : 1756460302590152932,
      "q" : "0.00002",
      "p" : "109718.00",
      "s" : "sell",
      "i" : "BTC_USDT",
      "m" : "4611686018622592815"
    }, {
      "d" : "1756460301302324892",
      "t" : 1756460301302,
      "tn" : 1756460301302324891,
      "q" : "0.00002",
      "p" : "109726.86",
      "s" : "sell",
      "i" : "BTC_USDT",
      "m" : "4611686018622592814"
    }, {
      "d" : "1756460301302324891",
      "t" : 1756460301302,
      "tn" : 1756460301302324891,
      "q" : "0.00030",
      "p" : "109726.86",
      "s" : "sell",
      "i" : "BTC_USDT",
      "m" : "4611686018622592814"
    }, {
      "d" : "1756460301272303480",
      "t" : 1756460301272,
      "tn" : 1756460301272303479,
      "q" : "0.00002",
      "p" : "109728.44",
      "s" : "sell",
      "i" : "BTC_USDT",
      "m" : "4611686018622592813"
    }, {
      "d" : "1756460301272303479",
      "t" : 1756460301272,
      "tn" : 1756460301272303479,
      "q" : "0.06448",
      "p" : "109728.44",
      "s" : "sell",
      "i" : "BTC_USDT",
      "m" : "4611686018622592813"
    }, {
      "d" : "1756460300201928069",
      "t" : 1756460300201,
      "tn" : 1756460300201928068,
      "q" : "0.00067",
      "p" : "109728.45",
      "s" : "buy",
      "i" : "BTC_USDT",
      "m" : "4611686018622592812"
    }, {
      "d" : "1756460300201928068",
      "t" : 1756460300201,
      "tn" : 1756460300201928068,
      "q" : "0.00455",
      "p" : "109728.45",
      "s" : "buy",
      "i" : "BTC_USDT",
      "m" : "4611686018622592812"
    }, {
      "d" : "1756460299185959961",
      "t" : 1756460299185,
      "tn" : 1756460299185959961,
      "q" : "0.09998",
      "p" : "109728.44",
      "s" : "sell",
      "i" : "BTC_USDT",
      "m" : "4611686018622592811"
    }, {
      "d" : "1756460295081117927",
      "t" : 1756460295081,
      "tn" : 1756460295081117927,
      "q" : "0.02410",
      "p" : "109724.00",
      "s" : "buy",
      "i" : "BTC_USDT",
      "m" : "4611686018622592810"
    }, {
      "d" : "1756460284363494632",
      "t" : 1756460284363,
      "tn" : 1756460284363494632,
      "q" : "0.12592",
      "p" : "109712.03",
      "s" : "buy",
      "i" : "BTC_USDT",
      "m" : "4611686018622592809"
    }, {
      "d" : "1756460284363492525",
      "t" : 1756460284363,
      "tn" : 1756460284363492525,
      "q" : "0.02410",
      "p" : "109710.00",
      "s" : "buy",
      "i" : "BTC_USDT",
      "m" : "4611686018622592808"
    }, {
      "d" : "1756460283230103793",
      "t" : 1756460283230,
      "tn" : 1756460283230103793,
      "q" : "0.00002",
      "p" : "109701.01",
      "s" : "buy",
      "i" : "BTC_USDT",
      "m" : "4611686018622592807"
    }, {
      "d" : "1756460281273290235",
      "t" : 1756460281273,
      "tn" : 1756460281273290235,
      "q" : "0.00002",
      "p" : "109685.99",
      "s" : "buy",
      "i" : "BTC_USDT",
      "m" : "4611686018622592806"
    }, {
      "d" : "1756460278532628174",
      "t" : 1756460278532,
      "tn" : 1756460278532628173,
      "q" : "0.00383",
      "p" : "109678.00",
      "s" : "buy",
      "i" : "BTC_USDT",
      "m" : "4611686018622592805"
    }, {
      "d" : "1756460278532628173",
      "t" : 1756460278532,
      "tn" : 1756460278532628173,
      "q" : "0.00038",
      "p" : "109678.00",
      "s" : "buy",
      "i" : "BTC_USDT",
      "m" : "4611686018622592805"
    }, {
      "d" : "1756460277332725718",
      "t" : 1756460277332,
      "tn" : 1756460277332725718,
      "q" : "0.00001",
      "p" : "109677.99",
      "s" : "sell",
      "i" : "BTC_USDT",
      "m" : "4611686018622592804"
    }, {
      "d" : "1756460270988242006",
      "t" : 1756460270988,
      "tn" : 1756460270988242006,
      "q" : "0.08980",
      "p" : "109677.42",
      "s" : "buy",
      "i" : "BTC_USDT",
      "m" : "4611686018622592803"
    }, {
      "d" : "1756460270988239648",
      "t" : 1756460270988,
      "tn" : 1756460270988239646,
      "q" : "0.01415",
      "p" : "109676.00",
      "s" : "buy",
      "i" : "BTC_USDT",
      "m" : "4611686018622592802"
    }, {
      "d" : "1756460270988239647",
      "t" : 1756460270988,
      "tn" : 1756460270988239646,
      "q" : "0.00455",
      "p" : "109676.00",
      "s" : "buy",
      "i" : "BTC_USDT",
      "m" : "4611686018622592802"
    }, {
      "d" : "1756460270988239646",
      "t" : 1756460270988,
      "tn" : 1756460270988239646,
      "q" : "0.01620",
      "p" : "109676.00",
      "s" : "buy",
      "i" : "BTC_USDT",
      "m" : "4611686018622592802"
    }, {
      "d" : "1756460268330992569",
      "t" : 1756460268330,
      "tn" : 1756460268330992569,
      "q" : "0.35648",
      "p" : "109675.19",
      "s" : "sell",
      "i" : "BTC_USDT",
      "m" : "4611686018622592801"
    }, {
      "d" : "1756460268330990578",
      "t" : 1756460268330,
      "tn" : 1756460268330990578,
      "q" : "0.00002",
      "p" : "109676.02",
      "s" : "sell",
      "i" : "BTC_USDT",
      "m" : "4611686018622592800"
    }, {
      "d" : "1756460268330982404",
      "t" : 1756460268330,
      "tn" : 1756460268330982403,
      "q" : "0.00455",
      "p" : "109681.13",
      "s" : "sell",
      "i" : "BTC_USDT",
      "m" : "4611686018622592799"
    }, {
      "d" : "1756460268330982403",
      "t" : 1756460268330,
      "tn" : 1756460268330982403,
      "q" : "0.00091",
      "p" : "109681.13",
      "s" : "sell",
      "i" : "BTC_USDT",
      "m" : "4611686018622592799"
    }, {
      "d" : "1756460263116107609",
      "t" : 1756460263116,
      "tn" : 1756460263116107609,
      "q" : "0.00265",
      "p" : "109684.00",
      "s" : "buy",
      "i" : "BTC_USDT",
      "m" : "4611686018622592798"
    }, {
      "d" : "1756460248905196629",
      "t" : 1756460248905,
      "tn" : 1756460248905196629,
      "q" : "0.00051",
      "p" : "109682.46",
      "s" : "buy",
      "i" : "BTC_USDT",
      "m" : "4611686018622592797"
    }, {
      "d" : "1756460235107170617",
      "t" : 1756460235107,
      "tn" : 1756460235107170617,
      "q" : "0.10000",
      "p" : "109673.17",
      "s" : "buy",
      "i" : "BTC_USDT",
      "m" : "4611686018622592796"
    }, {
      "d" : "1756460235107168108",
      "t" : 1756460235107,
      "tn" : 1756460235107168108,
      "q" : "0.00002",
      "p" : "109672.89",
      "s" : "buy",
      "i" : "BTC_USDT",
      "m" : "4611686018622592795"
    }, {
      "d" : "1756460231546290527",
      "t" : 1756460231546,
      "tn" : 1756460231546290527,
      "q" : "0.15002",
      "p" : "109670.24",
      "s" : "buy",
      "i" : "BTC_USDT",
      "m" : "4611686018622592794"
    }, {
      "d" : "1756460231546286394",
      "t" : 1756460231546,
      "tn" : 1756460231546286394,
      "q" : "0.05579",
      "p" : "109670.24",
      "s" : "buy",
      "i" : "BTC_USDT",
      "m" : "4611686018622592793"
    }, {
      "d" : "1756460231546284653",
      "t" : 1756460231546,
      "tn" : 1756460231546284653,
      "q" : "0.02210",
      "p" : "109670.00",
      "s" : "buy",
      "i" : "BTC_USDT",
      "m" : "4611686018622592792"
    }, {
      "d" : "1756460231546283461",
      "t" : 1756460231546,
      "tn" : 1756460231546283461,
      "q" : "0.02210",
      "p" : "109668.00",
      "s" : "buy",
      "i" : "BTC_USDT",
      "m" : "4611686018622592791"
    }, {
      "d" : "1756460231546280222",
      "t" : 1756460231546,
      "tn" : 1756460231546280222,
      "q" : "0.00002",
      "p" : "109667.46",
      "s" : "buy",
      "i" : "BTC_USDT",
      "m" : "4611686018622592790"
    }, {
      "d" : "1756460223092712244",
      "t" : 1756460223092,
      "tn" : 1756460223092712244,
      "q" : "0.02210",
      "p" : "109660.00",
      "s" : "buy",
      "i" : "BTC_USDT",
      "m" : "4611686018622592789"
    }, {
      "d" : "1756460222917868352",
      "t" : 1756460222917,
      "tn" : 1756460222917868352,
      "q" : "0.14999",
      "p" : "109653.37",
      "s" : "buy",
      "i" : "BTC_USDT",
      "m" : "4611686018622592788"
    }, {
      "d" : "1756460222917598899",
      "t" : 1756460222917,
      "tn" : 1756460222917598899,
      "q" : "0.09510",
      "p" : "109653.37",
      "s" : "buy",
      "i" : "BTC_USDT",
      "m" : "4611686018622592787"
    }, {
      "d" : "1756460222917597079",
      "t" : 1756460222917,
      "tn" : 1756460222917597079,
      "q" : "0.00455",
      "p" : "109653.04",
      "s" : "buy",
      "i" : "BTC_USDT",
      "m" : "4611686018622592786"
    }, {
      "d" : "1756460222917594977",
      "t" : 1756460222917,
      "tn" : 1756460222917594977,
      "q" : "0.00030",
      "p" : "109652.17",
      "s" : "buy",
      "i" : "BTC_USDT",
      "m" : "4611686018622592785"
    }, {
      "d" : "1756460222917591869",
      "t" : 1756460222917,
      "tn" : 1756460222917591869,
      "q" : "0.00002",
      "p" : "109651.99",
      "s" : "buy",
      "i" : "BTC_USDT",
      "m" : "4611686018622592784"
    }, {
      "d" : "1756460222917586870",
      "t" : 1756460222917,
      "tn" : 1756460222917586870,
      "q" : "0.00002",
      "p" : "109650.01",
      "s" : "buy",
      "i" : "BTC_USDT",
      "m" : "4611686018622592783"
    }, {
      "d" : "1756460206910965632",
      "t" : 1756460206910,
      "tn" : 1756460206910965632,
      "q" : "0.04329",
      "p" : "109644.03",
      "s" : "sell",
      "i" : "BTC_USDT",
      "m" : "4611686018622592782"
    }, {
      "d" : "1756460206910961645",
      "t" : 1756460206910,
      "tn" : 1756460206910961645,
      "q" : "0.00091",
      "p" : "109650.77",
      "s" : "sell",
      "i" : "BTC_USDT",
      "m" : "4611686018622592781"
    } ]
  }
}