{
  "id" : -1,
  "method" : "public/get-trades",
  "code" : 0,
  "result" : {
    "data" : [ {
      "d" : "1756458517714298669",
      "t" : 1756458517714,
      "tn" : 1756458517714298669,
      "q" : "0.00003",
      "p" : "109586.16",
      "s" : "buy",
      "i" : "BTC_PYUSD",
      "m" : "4611686018430051169"
    }, {
      "d" : "1756458148263819975",
      "t" : 1756458148263,
      "tn" : 1756458148263819975,
      "q" : "0.00029",
      "p" : "109586.16",
      "s" : "sell",
      "i" : "BTC_PYUSD",
      "m" : "4611686018430051168"
    }, {
      "d" : "1756458148255151617",
      "t" : 1756458148255,
      "tn" : 1756458148255151617,
      "q" : "0.00011",
      "p" : "109586.16",
      "s" : "sell",
      "i" : "BTC_PYUSD",
      "m" : "4611686018430051167"
    }, {
      "d" : "1756458148248401718",
      "t" : 1756458148248,
      "tn" : 1756458148248401718,
      "q" : "0.00011",
      "p" : "109586.16",
      "s" : "sell",
      "i" : "BTC_PYUSD",
      "m" : "4611686018430051166"
    }, {
      "d" : "1756458148242693046",
      "t" : 1756458148242,
      "tn" : 1756458148242693046,
      "q" : "0.00011",
      "p" : "109586.16",
      "s" : "sell",
      "i" : "BTC_PYUSD",
      "m" : "4611686018430051165"
    }, {
      "d" : "1756458148233812921",
      "t" : 1756458148233,
      "tn" : 1756458148233812921,
      "q" : "0.00011",
      "p" : "109586.16",
      "s" : "sell",
      "i" : "BTC_PYUSD",
      "m" : "4611686018430051164"
    }, {
      "d" : "1756458148222419612",
      "t" : 1756458148222,
      "tn" : 1756458148222419612,
      "q" : "0.00011",
      "p" : "109586.16",
      "s" : "sell",
      "i" : "BTC_PYUSD",
      "m" : "4611686018430051163"
    }, {
      "d" : "1756458144814142048",
      "t" : 1756458144814,
      "tn" : 1756458144814142048,
      "q" : "0.00011",
      "p" : "109586.16",
      "s" : "sell",
      "i" : "BTC_PYUSD",
      "m" : "4611686018430051162"
    }, {
      "d" : "1756458144805619073",
      "t" : 1756458144805,
      "tn" : 1756458144805619073,
      "q" : "0.00011",
      "p" : "109586.16",
      "s" : "sell",
      "i" : "BTC_PYUSD",
      "m" : "4611686018430051161"
    }, {
      "d" : "1756458144444342464",
      "t" : 1756458144444,
      "tn" : 1756458144444342464,
      "q" : "0.00004",
      "p" : "109586.16",
      "s" : "sell",
      "i" : "BTC_PYUSD",
      "m" : "4611686018430051160"
    }, {
      "d" : "1756458143891460594",
      "t" : 1756458143891,
      "tn" : 1756458143891460594,
      "q" : "0.00004",
      "p" : "109586.16",
      "s" : "sell",
      "i" : "BTC_PYUSD",
      "m" : "4611686018430051159"
    }, {
      "d" : "1756458139662343540",
      "t" : 1756458139662,
      "tn" : 1756458139662343540,
      "q" : "0.00004",
      "p" : "109586.16",
      "s" : "sell",
      "i" : "BTC_PYUSD",
      "m" : "4611686018430051158"
    }, {
      "d" : "1756458138881410441",
      "t" : 1756458138881,
      "tn" : 1756458138881410441,
      "q" : "0.00009",
      "p" : "109586.16",
      "s" : "sell",
      "i" : "BTC_PYUSD",
      "m" : "4611686018430051157"
    }, {
      "d" : "1756457154987336239",
      "t" : 1756457154987,
      "tn" : 1756457154987336239,
      "q" : "0.00023",
      "p" : "109929.57",
      "s" : "buy",
      "i" : "BTC_PYUSD",
      "m" : "4611686018430051156"
    }, {
      "d" : "1756457052412223980",
      "t" : 1756457052412,
      "tn" : 1756457052412223980,
      "q" : "0.00001",
      "p" : "109854.70",
      "s" : "buy",
      "i" : "BTC_PYUSD",
      "m" : "4611686018430051155"
    }, {
      "d" : "1756456805561009135",
      "t" : 1756456805561,
      "tn" : 1756456805561009135,
      "q" : "0.00002",
      "p" : "109854.69",
      "s" : "sell",
      "i" : "BTC_PYUSD",
      "m" : "4611686018430051154"
    }, {
      "d" : "1756456804855959810",
      "t" : 1756456804855,
      "tn" : 1756456804855959810,
      "q" : "0.00002",
      "p" : "109854.70",
      "s" : "sell",
      "i" : "BTC_PYUSD",
      "m" : "4611686018430051153"
    }, {
      "d" : "1756456715587889026",
      "t" : 1756456715587,
      "tn" : 1756456715587889026,
      "q" : "0.00003",
      "p" : "109945.49",
      "s" : "buy",
      "i" : "BTC_PYUSD",
      "m" : "4611686018430051152"
    }, {
      "d" : "1756455054093235018",
      "t" : 1756455054093,
      "tn" : 1756455054093235018,
      "q" : "0.00011",
      "p" : "110036.32",
      "s" : "buy",
      "i" : "BTC_PYUSD",
      "m" : "4611686018430051151"
    }, {
      "d" : "1756455054089387273",
      "t" : 1756455054089,
      "tn" : 1756455054089387273,
      "q" : "0.00006",
      "p" : "110036.32",
      "s" : "buy",
      "i" : "BTC_PYUSD",
      "m" : "4611686018430051150"
    }, {
      "d" : "1756454716105426480",
      "t" : 1756454716105,
      "tn" : 1756454716105426480,
      "q" : "0.00001",
      "p" : "110075.94",
      "s" : "sell",
      "i" : "BTC_PYUSD",
      "m" : "4611686018430051149"
    }, {
      "d" : "1756454456928350018",
      "t" : 1756454456928,
      "tn" : 1756454456928350018,
      "q" : "0.00002",
      "p" : "110075.94",
      "s" : "buy",
      "i" : "BTC_PYUSD",
      "m" : "4611686018430051148"
    }, {
      "d" : "1756451336910365198",
      "t" : 1756451336910,
      "tn" : 1756451336910365198,
      "q" : "0.00004",
      "p" : "110949.98",
      "s" : "buy",
      "i" : "BTC_PYUSD",
      "m" : "4611686018430051147"
    }, {
      "d" : "1756451336431665167",
      "t" : 1756451336431,
      "tn" : 1756451336431665167,
      "q" : "0.00004",
      "p" : "110949.98",
      "s" : "buy",
      "i" : "BTC_PYUSD",
      "m" : "4611686018430051146"
    }, {
      "d" : "1756451335853098466",
      "t" : 1756451335853,
      "tn" : 1756451335853098466,
      "q" : "0.00006",
      "p" : "110949.98",
      "s" : "buy",
      "i" : "BTC_PYUSD",
      "m" : "4611686018430051145"
    }, {
      "d" : "1756451334839614123",
      "t" : 1756451334839,
      "tn" : 1756451334839614123,
      "q" : "0.00013",
      "p" : "110949.98",
      "s" : "buy",
      "i" : "BTC_PYUSD",
      "m" : "4611686018430051144"
    }, {
      "d" : "1756451334354890606",
      "t" : 1756451334354,
      "tn" : 1756451334354890606,
      "q" : "0.00027",
      "p" : "110949.98",
      "s" : "buy",
      "i" : "BTC_PYUSD",
      "m" : "4611686018430051143"
    }, {
      "d" : "1756451226293574686",
      "t" : 1756451226293,
      "tn" : 1756451226293574686,
      "q" : "0.00002",
      "p" : "111084.61",
      "s" : "sell",
      "i" : "BTC_PYUSD",
      "m" : "4611686018430051142"
    }, {
      "d" : "1756450899227843241",
      "t" : 1756450899227,
      "tn" : 1756450899227843241,
      "q" : "0.00002",
      "p" : "111050.04",
      "s" : "sell",
      "i" : "BTC_PYUSD",
      "m" : "4611686018430051141"
    }, {
      "d" : "1756436746860088401",
      "t" : 1756436746860,
      "tn" : 1756436746860088401,
      "q" : "0.00002",
      "p" : "111368.88",
      "s" : "sell",
      "i" : "BTC_PYUSD",
      "m" : "4611686018430051140"
    }, {
      "d" : "1756431139273582302",
      "t" : 1756431139273,
      "tn" : 1756431139273582302,
      "q" : "0.00003",
      "p" : "111645.37",
      "s" : "sell",
      "i" : "BTC_PYUSD",
      "m" : "4611686018430051139"
    }, {
      "d" : "1756430794709564201",
      "t" : 1756430794709,
      "tn" : 1756430794709564201,
      "q" : "0.00002",
      "p" : "111650.65",
      "s" : "sell",
      "i" : "BTC_PYUSD",
      "m" : "4611686018430051138"
    }, {
      "d" : "1756430219755348202",
      "t" : 1756430219755,
      "tn" : 1756430219755348202,
      "q" : "0.00009",
      "p" : "111850.22",
      "s" : "sell",
      "i" : "BTC_PYUSD",
      "m" : "4611686018430051137"
    }, {
      "d" : "1756429748583868812",
      "t" : 1756429748583,
      "tn" : 1756429748583868812,
      "q" : "0.00001",
      "p" : "111970.02",
      "s" : "buy",
      "i" : "BTC_PYUSD",
      "m" : "4611686018430051136"
    }, {
      "d" : "1756429537469817672",
      "t" : 1756429537469,
      "tn" : 1756429537469817672,
      "q" : "0.00002",
      "p" : "112051.21",
      "s" : "sell",
      "i" : "BTC_PYUSD",
      "m" : "4611686018430051135"
    }, {
      "d" : "1756429537469815481",
      "t" : 1756429537469,
      "tn" : 1756429537469815481,
      "q" : "0.00002",
      "p" : "112051.22",
      "s" : "sell",
      "i" : "BTC_PYUSD",
      "m" : "4611686018430051134"
    }, {
      "d" : "1756422399110142551",
      "t" : 1756422399110,
      "tn" : 1756422399110142551,
      "q" : "0.00001",
      "p" : "112485.13",
      "s" : "buy",
      "i" : "BTC_PYUSD",
      "m" : "4611686018430051133"
    }, {
      "d" : "1756416268508716764",
      "t" : 1756416268508,
      "tn" : 1756416268508716764,
      "q" : "0.00001",
      "p" : "112032.44",
      "s" : "buy",
      "i" : "BTC_PYUSD",
      "m" : "4611686018430051132"
    }, {
      "d" : "1756412327335863996",
      "t" : 1756412327335,
      "tn" : 1756412327335863996,
      "q" : "0.00002",
      "p" : "111932.24",
      "s" : "sell",
      "i" : "BTC_PYUSD",
      "m" : "4611686018430051131"
    }, {
      "d" : "1756410959438723903",
      "t" : 1756410959438,
      "tn" : 1756410959438723903,
      "q" : "0.00002",
      "p" : "112004.49",
      "s" : "buy",
      "i" : "BTC_PYUSD",
      "m" : "4611686018430051130"
    }, {
      "d" : "1756410642261549532",
      "t" : 1756410642261,
      "tn" : 1756410642261549532,
      "q" : "0.00001",
      "p" : "112070.09",
      "s" : "buy",
      "i" : "BTC_PYUSD",
      "m" : "4611686018430051129"
    }, {
      "d" : "1756410409269116129",
      "t" : 1756410409269,
      "tn" : 1756410409269116128,
      "q" : "0.00003",
      "p" : "112131.73",
      "s" : "buy",
      "i" : "BTC_PYUSD",
      "m" : "4611686018430051128"
    }, {
      "d" : "1756410409269116128",
      "t" : 1756410409269,
      "tn" : 1756410409269116128,
      "q" : "0.00001",
      "p" : "112131.73",
      "s" : "buy",
      "i" : "BTC_PYUSD",
      "m" : "4611686018430051128"
    }, {
      "d" : "1756410196556334424",
      "t" : 1756410196556,
      "tn" : 1756410196556334424,
      "q" : "0.00002",
      "p" : "112131.72",
      "s" : "sell",
      "i" : "BTC_PYUSD",
      "m" : "4611686018430051127"
    }, {
      "d" : "1756410188642777833",
      "t" : 1756410188642,
      "tn" : 1756410188642777833,
      "q" : "0.00002",
      "p" : "112131.73",
      "s" : "sell",
      "i" : "BTC_PYUSD",
      "m" : "4611686018430051126"
    }, {
      "d" : "1756405286775132662",
      "t" : 1756405286775,
      "tn" : 1756405286775132662,
      "q" : "0.00001",
      "p" : "112423.07",
      "s" : "buy",
      "i" : "BTC_PYUSD",
      "m" : "4611686018430051125"
    }, {
      "d" : "1756400443389431638",
      "t" : 1756400443389,
      "tn" : 1756400443389431638,
      "q" : "0.00001",
      "p" : "112442.79",
      "s" : "buy",
      "i" : "BTC_PYUSD",
      "m" : "4611686018430051124"
    }, {
      "d" : "1756399852648724839",
      "t" : 1756399852648,
      "tn" : 1756399852648724839,
      "q" : "0.00060",
      "p" : "112788.15",
      "s" : "buy",
      "i" : "BTC_PYUSD",
      "m" : "4611686018430051123"
    }, {
      "d" : "1756399852644151542",
      "t" : 1756399852644,
      "tn" : 1756399852644151542,
      "q" : "0.00011",
      "p" : "112788.15",
      "s" : "buy",
      "i" : "BTC_PYUSD",
      "m" : "4611686018430051122"
    }, {
      "d" : "1756399852639244103",
      "t" : 1756399852639,
      "tn" : 1756399852639244103,
      "q" : "0.00011",
      "p" : "112788.15",
      "s" : "buy",
      "i" : "BTC_PYUSD",
      "m" : "4611686018430051121"
    }, {
      "d" : "1756399852633609138",
      "t" : 1756399852633,
      "tn" : 1756399852633609138,
      "q" : "0.00011",
      "p" : "112788.15",
      "s" : "buy",
      "i" : "BTC_PYUSD",
      "m" : "4611686018430051120"
    }, {
      "d" : "1756399852627366034",
      "t" : 1756399852627,
      "tn" : 1756399852627366034,
      "q" : "0.00011",
      "p" : "112788.15",
      "s" : "buy",
      "i" : "BTC_PYUSD",
      "m" : "4611686018430051119"
    }, {
      "d" : "1756399852622475539",
      "t" : 1756399852622,
      "tn" : 1756399852622475539,
      "q" : "0.00011",
      "p" : "112788.15",
      "s" : "buy",
      "i" : "BTC_PYUSD",
      "m" : "4611686018430051118"
    }, {
      "d" : "1756399816467425689",
      "t" : 1756399816467,
      "tn" : 1756399816467425689,
      "q" : "0.00004",
      "p" : "112788.15",
      "s" : "buy",
      "i" : "BTC_PYUSD",
      "m" : "4611686018430051117"
    }, {
      "d" : "1756399815883637645",
      "t" : 1756399815883,
      "tn" : 1756399815883637645,
      "q" : "0.00004",
      "p" : "112788.15",
      "s" : "buy",
      "i" : "BTC_PYUSD",
      "m" : "4611686018430051116"
    }, {
      "d" : "1756399815327459249",
      "t" : 1756399815327,
      "tn" : 1756399815327459249,
      "q" : "0.00005",
      "p" : "112788.15",
      "s" : "buy",
      "i" : "BTC_PYUSD",
      "m" : "4611686018430051115"
    }, {
      "d" : "1756399814768203109",
      "t" : 1756399814768,
      "tn" : 1756399814768203109,
      "q" : "0.00011",
      "p" : "112788.15",
      "s" : "buy",
      "i" : "BTC_PYUSD",
      "m" : "4611686018430051114"
    }, {
      "d" : "1756399814301093838",
      "t" : 1756399814301,
      "tn" : 1756399814301093838,
      "q" : "0.00021",
      "p" : "112788.15",
      "s" : "buy",
      "i" : "BTC_PYUSD",
      "m" : "4611686018430051113"
    }, {
      "d" : "1756397563227567264",
      "t" : 1756397563227,
      "tn" : 1756397563227567264,
      "q" : "0.00007",
      "p" : "112906.69",
      "s" : "buy",
      "i" : "BTC_PYUSD",
      "m" : "4611686018430051112"
    }, {
      "d" : "1756397562634783862",
      "t" : 1756397562634,
      "tn" : 1756397562634783862,
      "q" : "0.00014",
      "p" : "112906.69",
      "s" : "buy",
      "i" : "BTC_PYUSD",
      "m" : "4611686018430051111"
    }, {
      "d" : "1756396822058343312",
      "t" : 1756396822058,
      "tn" : 1756396822058343312,
      "q" : "0.00009",
      "p" : "112722.28",
      "s" : "buy",
      "i" : "BTC_PYUSD",
      "m" : "4611686018430051110"
    }, {
      "d" : "1756396369541877798",
      "t" : 1756396369541,
      "tn" : 1756396369541877798,
      "q" : "0.00004",
      "p" : "112453.23",
      "s" : "buy",
      "i" : "BTC_PYUSD",
      "m" : "4611686018430051109"
    }, {
      "d" : "1756396368901128189",
      "t" : 1756396368901,
      "tn" : 1756396368901128189,
      "q" : "0.00004",
      "p" : "112453.23",
      "s" : "buy",
      "i" : "BTC_PYUSD",
      "m" : "4611686018430051108"
    }, {
      "d" : "1756396368098487301",
      "t" : 1756396368098,
      "tn" : 1756396368098487301,
      "q" : "0.00006",
      "p" : "112453.23",
      "s" : "buy",
      "i" : "BTC_PYUSD",
      "m" : "4611686018430051107"
    }, {
      "d" : "1756396367453905521",
      "t" : 1756396367453,
      "tn" : 1756396367453905521,
      "q" : "0.00004",
      "p" : "112453.22",
      "s" : "buy",
      "i" : "BTC_PYUSD",
      "m" : "4611686018430051106"
    }, {
      "d" : "1756396366947324948",
      "t" : 1756396366947,
      "tn" : 1756396366947324948,
      "q" : "0.00004",
      "p" : "112453.23",
      "s" : "buy",
      "i" : "BTC_PYUSD",
      "m" : "4611686018430051105"
    }, {
      "d" : "1756396366482773071",
      "t" : 1756396366482,
      "tn" : 1756396366482773071,
      "q" : "0.00004",
      "p" : "112453.23",
      "s" : "buy",
      "i" : "BTC_PYUSD",
      "m" : "4611686018430051104"
    }, {
      "d" : "1756393218742284387",
      "t" : 1756393218742,
      "tn" : 1756393218742284387,
      "q" : "0.00004",
      "p" : "113164.23",
      "s" : "buy",
      "i" : "BTC_PYUSD",
      "m" : "4611686018430051103"
    }, {
      "d" : "1756393217737097921",
      "t" : 1756393217737,
      "tn" : 1756393217737097921,
      "q" : "0.00004",
      "p" : "113164.23",
      "s" : "buy",
      "i" : "BTC_PYUSD",
      "m" : "4611686018430051102"
    }, {
      "d" : "1756393217152735289",
      "t" : 1756393217152,
      "tn" : 1756393217152735289,
      "q" : "0.00009",
      "p" : "113164.23",
      "s" : "buy",
      "i" : "BTC_PYUSD",
      "m" : "4611686018430051101"
    }, {
      "d" : "1756393216371318970",
      "t" : 1756393216371,
      "tn" : 1756393216371318970,
      "q" : "0.00017",
      "p" : "113164.23",
      "s" : "buy",
      "i" : "BTC_PYUSD",
      "m" : "4611686018430051100"
    }, {
      "d" : "1756393214680039900",
      "t" : 1756393214680,
      "tn" : 1756393214680039900,
      "q" : "0.00004",
      "p" : "113164.23",
      "s" : "buy",
      "i" : "BTC_PYUSD",
      "m" : "4611686018430051099"
    }, {
      "d" : "1756392161216435375",
      "t" : 1756392161216,
      "tn" : 1756392161216435375,
      "q" : "0.00001",
      "p" : "113140.08",
      "s" : "buy",
      "i" : "BTC_PYUSD",
      "m" : "4611686018430051098"
    }, {
      "d" : "1756392151113121555",
      "t" : 1756392151113,
      "tn" : 1756392151113121555,
      "q" : "0.00001",
      "p" : "113140.09",
      "s" : "buy",
      "i" : "BTC_PYUSD",
      "m" : "4611686018430051097"
    }, {
      "d" : "1756391703409614030",
      "t" : 1756391703409,
      "tn" : 1756391703409614030,
      "q" : "0.00012",
      "p" : "112735.40",
      "s" : "buy",
      "i" : "BTC_PYUSD",
      "m" : "4611686018430051096"
    }, {
      "d" : "1756390472757780357",
      "t" : 1756390472757,
      "tn" : 1756390472757780357,
      "q" : "0.00006",
      "p" : "112985.66",
      "s" : "sell",
      "i" : "BTC_PYUSD",
      "m" : "4611686018430051095"
    }, {
      "d" : "1756390472394130655",
      "t" : 1756390472394,
      "tn" : 1756390472394130655,
      "q" : "0.00013",
      "p" : "112941.40",
      "s" : "sell",
      "i" : "BTC_PYUSD",
      "m" : "4611686018430051094"
    }, {
      "d" : "1756390472390190356",
      "t" : 1756390472390,
      "tn" : 1756390472390190356,
      "q" : "0.00005",
      "p" : "112941.40",
      "s" : "sell",
      "i" : "BTC_PYUSD",
      "m" : "4611686018430051093"
    }, {
      "d" : "1756390472383918946",
      "t" : 1756390472383,
      "tn" : 1756390472383918946,
      "q" : "0.00005",
      "p" : "112941.40",
      "s" : "sell",
      "i" : "BTC_PYUSD",
      "m" : "4611686018430051092"
    }, {
      "d" : "1756390472379512652",
      "t" : 1756390472379,
      "tn" : 1756390472379512652,
      "q" : "0.00005",
      "p" : "112941.40",
      "s" : "sell",
      "i" : "BTC_PYUSD",
      "m" : "4611686018430051091"
    }, {
      "d" : "1756390472375150087",
      "t" : 1756390472375,
      "tn" : 1756390472375150087,
      "q" : "0.00005",
      "p" : "112941.40",
      "s" : "sell",
      "i" : "BTC_PYUSD",
      "m" : "4611686018430051090"
    }, {
      "d" : "1756390472367987365",
      "t" : 1756390472367,
      "tn" : 1756390472367987365,
      "q" : "0.00011",
      "p" : "112941.40",
      "s" : "sell",
      "i" : "BTC_PYUSD",
      "m" : "4611686018430051089"
    }, {
      "d" : "1756390472348522144",
      "t" : 1756390472348,
      "tn" : 1756390472348522144,
      "q" : "0.00002",
      "p" : "112976.54",
      "s" : "sell",
      "i" : "BTC_PYUSD",
      "m" : "4611686018430051088"
    }, {
      "d" : "1756390472348519681",
      "t" : 1756390472348,
      "tn" : 1756390472348519681,
      "q" : "0.00002",
      "p" : "112985.65",
      "s" : "sell",
      "i" : "BTC_PYUSD",
      "m" : "4611686018430051087"
    }, {
      "d" : "1756389321510639325",
      "t" : 1756389321510,
      "tn" : 1756389321510639325,
      "q" : "0.00003",
      "p" : "112789.69",
      "s" : "buy",
      "i" : "BTC_PYUSD",
      "m" : "4611686018430051086"
    }, {
      "d" : "1756389320733373281",
      "t" : 1756389320733,
      "tn" : 1756389320733373281,
      "q" : "0.00004",
      "p" : "112789.69",
      "s" : "buy",
      "i" : "BTC_PYUSD",
      "m" : "4611686018430051085"
    }, {
      "d" : "1756389319678121306",
      "t" : 1756389319678,
      "tn" : 1756389319678121306,
      "q" : "0.00004",
      "p" : "112789.69",
      "s" : "buy",
      "i" : "BTC_PYUSD",
      "m" : "4611686018430051084"
    }, {
      "d" : "1756389318997807658",
      "t" : 1756389318997,
      "tn" : 1756389318997807658,
      "q" : "0.00007",
      "p" : "112789.69",
      "s" : "buy",
      "i" : "BTC_PYUSD",
      "m" : "4611686018430051083"
    }, {
      "d" : "1756388543326792888",
      "t" : 1756388543326,
      "tn" : 1756388543326792888,
      "q" : "0.00002",
      "p" : "112931.28",
      "s" : "buy",
      "i" : "BTC_PYUSD",
      "m" : "4611686018430051082"
    }, {
      "d" : "1756388366494856897",
      "t" : 1756388366494,
      "tn" : 1756388366494856897,
      "q" : "0.00003",
      "p" : "113095.63",
      "s" : "buy",
      "i" : "BTC_PYUSD",
      "m" : "4611686018430051081"
    }, {
      "d" : "1756388089988912846",
      "t" : 1756388089988,
      "tn" : 1756388089988912846,
      "q" : "0.00009",
      "p" : "113035.17",
      "s" : "sell",
      "i" : "BTC_PYUSD",
      "m" : "4611686018430051080"
    }, {
      "d" : "1756388028084946150",
      "t" : 1756388028084,
      "tn" : 1756388028084946150,
      "q" : "0.00002",
      "p" : "113071.71",
      "s" : "buy",
      "i" : "BTC_PYUSD",
      "m" : "4611686018430051079"
    }, {
      "d" : "1756387928627967308",
      "t" : 1756387928627,
      "tn" : 1756387928627967308,
      "q" : "0.00003",
      "p" : "113137.45",
      "s" : "sell",
      "i" : "BTC_PYUSD",
      "m" : "4611686018430051078"
    }, {
      "d" : "1756387848067805938",
      "t" : 1756387848067,
      "tn" : 1756387848067805938,
      "q" : "0.00001",
      "p" : "113170.00",
      "s" : "buy",
      "i" : "BTC_PYUSD",
      "m" : "4611686018430051077"
    }, {
      "d" : "1756387728745497233",
      "t" : 1756387728745,
      "tn" : 1756387728745497233,
      "q" : "0.00037",
      "p" : "113170.00",
      "s" : "sell",
      "i" : "BTC_PYUSD",
      "m" : "4611686018430051076"
    }, {
      "d" : "1756387728737621747",
      "t" : 1756387728737,
      "tn" : 1756387728737621747,
      "q" : "0.00011",
      "p" : "113170.00",
      "s" : "sell",
      "i" : "BTC_PYUSD",
      "m" : "4611686018430051075"
    }, {
      "d" : "1756387728731020519",
      "t" : 1756387728731,
      "tn" : 1756387728731020519,
      "q" : "0.00011",
      "p" : "113170.00",
      "s" : "sell",
      "i" : "BTC_PYUSD",
      "m" : "4611686018430051074"
    }, {
      "d" : "1756387728723955025",
      "t" : 1756387728723,
      "tn" : 1756387728723955025,
      "q" : "0.00011",
      "p" : "113170.00",
      "s" : "sell",
      "i" : "BTC_PYUSD",
      "m" : "4611686018430051073"
    }, {
      "d" : "1756387728717170671",
      "t" : 1756387728717,
      "tn" : 1756387728717170671,
      "q" : "0.00011",
      "p" : "113170.00",
      "s" : "sell",
      "i" : "BTC_PYUSD",
      "m" : "4611686018430051072"
    }, {
      "d" : "1756387728710630422",
      "t" : 1756387728710,
      "tn" : 1756387728710630422,
      "q" : "0.00011",
      "p" : "113170.00",
      "s" : "sell",
      "i" : "BTC_PYUSD",
      "m" : "4611686018430051071"
    }, {
      "d" : "1756387723660884773",
      "t" : 1756387723660,
      "tn" : 1756387723660884773,
      "q" : "0.00011",
      "p" : "113170.00",
      "s" : "sell",
      "i" : "BTC_PYUSD",
      "m" : "4611686018430051070"
    }, {
      "d" : "1756387723656536433",
      "t" : 1756387723656,
      "tn" : 1756387723656536433,
      "q" : "0.00006",
      "p" : "113170.00",
      "s" : "sell",
      "i" : "BTC_PYUSD",
      "m" : "4611686018430051069"
    }, {
      "d" : "1756387723653925771",
      "t" : 1756387723653,
      "tn" : 1756387723653925771,
      "q" : "0.00011",
      "p" : "113170.00",
      "s" : "sell",
      "i" : "BTC_PYUSD",
      "m" : "4611686018430051068"
    }, {
      "d" : "1756387723648512940",
      "t" : 1756387723648,
      "tn" : 1756387723648512940,
      "q" : "0.00006",
      "p" : "113170.00",
      "s" : "sell",
      "i" : "BTC_PYUSD",
      "m" : "4611686018430051067"
    }, {
      "d" : "1756387723645862565",
      "t" : 1756387723645,
      "tn" : 1756387723645862565,
      "q" : "0.00006",
      "p" : "113170.00",
      "s" : "sell",
      "i" : "BTC_PYUSD",
      "m" : "4611686018430051066"
    }, {
      "d" : "1756387623093016264",
      "t" : 1756387623093,
      "tn" : 1756387623093016264,
      "q" : "0.00004",
      "p" : "113170.00",
      "s" : "sell",
      "i" : "BTC_PYUSD",
      "m" : "4611686018430051065"
    }, {
      "d" : "1756387571161179173",
      "t" : 1756387571161,
      "tn" : 1756387571161179173,
      "q" : "0.00004",
      "p" : "113170.00",
      "s" : "sell",
      "i" : "BTC_PYUSD",
      "m" : "4611686018430051064"
    }, {
      "d" : "1756387570721702745",
      "t" : 1756387570721,
      "tn" : 1756387570721702745,
      "q" : "0.00004",
      "p" : "113170.00",
      "s" : "sell",
      "i" : "BTC_PYUSD",
      "m" : "4611686018430051063"
    }, {
      "d" : "1756387570165957168",
      "t" : 1756387570165,
      "tn" : 1756387570165957168,
      "q" : "0.00006",
      "p" : "113170.00",
      "s" : "sell",
      "i" : "BTC_PYUSD",
      "m" : "4611686018430051062"
    }, {
      "d" : "1756387569597696827",
      "t" : 1756387569597,
      "tn" : 1756387569597696827,
      "q" : "0.00006",
      "p" : "113170.01",
      "s" : "sell",
      "i" : "BTC_PYUSD",
      "m" : "4611686018430051061"
    }, {
      "d" : "1756387569072733887",
      "t" : 1756387569072,
      "tn" : 1756387569072733887,
      "q" : "0.00018",
      "p" : "113170.01",
      "s" : "sell",
      "i" : "BTC_PYUSD",
      "m" : "4611686018430051060"
    }, {
      "d" : "1756387142001839888",
      "t" : 1756387142001,
      "tn" : 1756387142001839888,
      "q" : "0.00548",
      "p" : "113236.83",
      "s" : "buy",
      "i" : "BTC_PYUSD",
      "m" : "4611686018430051059"
    }, {
      "d" : "1756387134365067304",
      "t" : 1756387134365,
      "tn" : 1756387134365067304,
      "q" : "0.00545",
      "p" : "113170.00",
      "s" : "sell",
      "i" : "BTC_PYUSD",
      "m" : "4611686018430051058"
    }, {
      "d" : "1756387134365065605",
      "t" : 1756387134365,
      "tn" : 1756387134365065605,
      "q" : "0.00002",
      "p" : "113170.14",
      "s" : "sell",
      "i" : "BTC_PYUSD",
      "m" : "4611686018430051057"
    }, {
      "d" : "1756387134365062806",
      "t" : 1756387134365,
      "tn" : 1756387134365062806,
      "q" : "0.00002",
      "p" : "113170.15",
      "s" : "sell",
      "i" : "BTC_PYUSD",
      "m" : "4611686018430051056"
    }, {
      "d" : "1756386933720292547",
      "t" : 1756386933720,
      "tn" : 1756386933720292547,
      "q" : "0.00004",
      "p" : "113170.00",
      "s" : "sell",
      "i" : "BTC_PYUSD",
      "m" : "4611686018430051055"
    }, {
      "d" : "1756386933276922839",
      "t" : 1756386933276,
      "tn" : 1756386933276922839,
      "q" : "0.00004",
      "p" : "113170.00",
      "s" : "sell",
      "i" : "BTC_PYUSD",
      "m" : "4611686018430051054"
    }, {
      "d" : "1756386932508072542",
      "t" : 1756386932508,
      "tn" : 1756386932508072542,
      "q" : "0.00006",
      "p" : "113170.00",
      "s" : "sell",
      "i" : "BTC_PYUSD",
      "m" : "4611686018430051053"
    }, {
      "d" : "1756386932014086090",
      "t" : 1756386932014,
      "tn" : 1756386932014086090,
      "q" : "0.00012",
      "p" : "113170.00",
      "s" : "sell",
      "i" : "BTC_PYUSD",
      "m" : "4611686018430051052"
    }, {
      "d" : "1756386665597163989",
      "t" : 1756386665597,
      "tn" : 1756386665597163989,
      "q" : "0.00004",
      "p" : "113170.00",
      "s" : "sell",
      "i" : "BTC_PYUSD",
      "m" : "4611686018430051051"
    }, {
      "d" : "1756386621789213405",
      "t" : 1756386621789,
      "tn" : 1756386621789213405,
      "q" : "0.00004",
      "p" : "113170.00",
      "s" : "sell",
      "i" : "BTC_PYUSD",
      "m" : "4611686018430051050"
    }, {
      "d" : "1756386582520046632",
      "t" : 1756386582520,
      "tn" : 1756386582520046632,
      "q" : "0.00004",
      "p" : "113170.00",
      "s" : "sell",
      "i" : "BTC_PYUSD",
      "m" : "4611686018430051049"
    }, {
      "d" : "1756386582136563041",
      "t" : 1756386582136,
      "tn" : 1756386582136563041,
      "q" : "0.00004",
      "p" : "113170.00",
      "s" : "sell",
      "i" : "BTC_PYUSD",
      "m" : "4611686018430051048"
    }, {
      "d" : "1756386581567280748",
      "t" : 1756386581567,
      "tn" : 1756386581567280748,
      "q" : "0.00008",
      "p" : "113170.00",
      "s" : "sell",
      "i" : "BTC_PYUSD",
      "m" : "4611686018430051047"
    }, {
      "d" : "1756386580992030870",
      "t" : 1756386580992,
      "tn" : 1756386580992030870,
      "q" : "0.00016",
      "p" : "113170.00",
      "s" : "sell",
      "i" : "BTC_PYUSD",
      "m" : "4611686018430051046"
    }, {
      "d" : "1756385402292154175",
      "t" : 1756385402292,
      "tn" : 1756385402292154175,
      "q" : "0.00004",
      "p" : "113154.12",
      "s" : "buy",
      "i" : "BTC_PYUSD",
      "m" : "4611686018430051045"
    }, {
      "d" : "1756385401647292002",
      "t" : 1756385401647,
      "tn" : 1756385401647292002,
      "q" : "0.00007",
      "p" : "113154.12",
      "s" : "buy",
      "i" : "BTC_PYUSD",
      "m" : "4611686018430051044"
    }, {
      "d" : "1756385401009222493",
      "t" : 1756385401009,
      "tn" : 1756385401009222493,
      "q" : "0.00013",
      "p" : "113154.12",
      "s" : "buy",
      "i" : "BTC_PYUSD",
      "m" : "4611686018430051043"
    }, {
      "d" : "1756384514740783158",
      "t" : 1756384514740,
      "tn" : 1756384514740783158,
      "q" : "0.00002",
      "p" : "113015.52",
      "s" : "sell",
      "i" : "BTC_PYUSD",
      "m" : "4611686018430051042"
    }, {
      "d" : "1756384293247832361",
      "t" : 1756384293247,
      "tn" : 1756384293247832361,
      "q" : "0.00002",
      "p" : "112855.72",
      "s" : "buy",
      "i" : "BTC_PYUSD",
      "m" : "4611686018430051041"
    }, {
      "d" : "1756382843542832889",
      "t" : 1756382843542,
      "tn" : 1756382843542832889,
      "q" : "0.00001",
      "p" : "112844.10",
      "s" : "sell",
      "i" : "BTC_PYUSD",
      "m" : "4611686018430051040"
    }, {
      "d" : "1756382078271213255",
      "t" : 1756382078271,
      "tn" : 1756382078271213255,
      "q" : "0.00004",
      "p" : "112983.77",
      "s" : "buy",
      "i" : "BTC_PYUSD",
      "m" : "4611686018430051039"
    }, {
      "d" : "1756382077818522193",
      "t" : 1756382077818,
      "tn" : 1756382077818522193,
      "q" : "0.00004",
      "p" : "112983.76",
      "s" : "buy",
      "i" : "BTC_PYUSD",
      "m" : "4611686018430051038"
    }, {
      "d" : "1756382077149702996",
      "t" : 1756382077149,
      "tn" : 1756382077149702996,
      "q" : "0.00007",
      "p" : "112983.77",
      "s" : "buy",
      "i" : "BTC_PYUSD",
      "m" : "4611686018430051037"
    }, {
      "d" : "1756382076700428786",
      "t" : 1756382076700,
      "tn" : 1756382076700428786,
      "q" : "0.00004",
      "p" : "112983.77",
      "s" : "buy",
      "i" : "BTC_PYUSD",
      "m" : "4611686018430051036"
    }, {
      "d" : "1756377480521659078",
      "t" : 1756377480521,
      "tn" : 1756377480521659078,
      "q" : "0.00004",
      "p" : "113084.05",
      "s" : "buy",
      "i" : "BTC_PYUSD",
      "m" : "4611686018430051035"
    }, {
      "d" : "1756377480151613593",
      "t" : 1756377480151,
      "tn" : 1756377480151613593,
      "q" : "0.00004",
      "p" : "113084.05",
      "s" : "buy",
      "i" : "BTC_PYUSD",
      "m" : "4611686018430051034"
    }, {
      "d" : "1756377479538604592",
      "t" : 1756377479538,
      "tn" : 1756377479538604592,
      "q" : "0.00006",
      "p" : "113084.05",
      "s" : "buy",
      "i" : "BTC_PYUSD",
      "m" : "4611686018430051033"
    }, {
      "d" : "1756377479052160825",
      "t" : 1756377479052,
      "tn" : 1756377479052160825,
      "q" : "0.00013",
      "p" : "113084.05",
      "s" : "buy",
      "i" : "BTC_PYUSD",
      "m" : "4611686018430051032"
    }, {
      "d" : "1756376561388986957",
      "t" : 1756376561388,
      "tn" : 1756376561388986957,
      "q" : "0.00006",
      "p" : "112938.03",
      "s" : "buy",
      "i" : "BTC_PYUSD",
      "m" : "4611686018430051031"
    }, {
      "d" : "1756376560950718044",
      "t" : 1756376560950,
      "tn" : 1756376560950718044,
      "q" : "0.00013",
      "p" : "112938.03",
      "s" : "buy",
      "i" : "BTC_PYUSD",
      "m" : "4611686018430051030"
    }, {
      "d" : "1756374229362491748",
      "t" : 1756374229362,
      "tn" : 1756374229362491748,
      "q" : "0.00001",
      "p" : "112890.67",
      "s" : "sell",
      "i" : "BTC_PYUSD",
      "m" : "4611686018430051029"
    } ]
  }
}