{
  "id" : -1,
  "method" : "public/get-trades",
  "code" : 0,
  "result" : {
    "data" : [ {
      "d" : "1756460492395426012",
      "t" : 1756460492395,
      "tn" : 1756460492395426012,
      "q" : "0.0273",
      "p" : "109741.6",
      "s" : "buy",
      "i" : "BTCUSD-PERP",
      "m" : "4611686018686785537"
    }, {
      "d" : "1756460492301293164",
      "t" : 1756460492301,
      "tn" : 1756460492301293161,
      "q" : "0.1000",
      "p" : "109744.8",
      "s" : "sell",
      "i" : "BTCUSD-PERP",
      "m" : "4611686018686785536"
    }, {
      "d" : "1756460492301293163",
      "t" : 1756460492301,
      "tn" : 1756460492301293161,
      "q" : "0.0424",
      "p" : "109744.8",
      "s" : "sell",
      "i" : "BTCUSD-PERP",
      "m" : "4611686018686785536"
    }, {
      "d" : "1756460492301293162",
      "t" : 1756460492301,
      "tn" : 1756460492301293161,
      "q" : "0.1436",
      "p" : "109744.8",
      "s" : "sell",
      "i" : "BTCUSD-PERP",
      "m" : "4611686018686785536"
    }, {
      "d" : "1756460492301293161",
      "t" : 1756460492301,
      "tn" : 1756460492301293161,
      "q" : "0.0304",
      "p" : "109744.8",
      "s" : "sell",
      "i" : "BTCUSD-PERP",
      "m" : "4611686018686785536"
    }, {
      "d" : "1756460492301218939",
      "t" : 1756460492301,
      "tn" : 1756460492301218939,
      "q" : "0.0250",
      "p" : "109744.8",
      "s" : "sell",
      "i" : "BTCUSD-PERP",
      "m" : "4611686018686785535"
    }, {
      "d" : "1756460492301175090",
      "t" : 1756460492301,
      "tn" : 1756460492301175090,
      "q" : "0.0366",
      "p" : "109744.8",
      "s" : "sell",
      "i" : "BTCUSD-PERP",
      "m" : "4611686018686785534"
    }, {
      "d" : "1756460492301171194",
      "t" : 1756460492301,
      "tn" : 1756460492301171193,
      "q" : "0.0080",
      "p" : "109744.8",
      "s" : "sell",
      "i" : "BTCUSD-PERP",
      "m" : "4611686018686785533"
    }, {
      "d" : "1756460492301171193",
      "t" : 1756460492301,
      "tn" : 1756460492301171193,
      "q" : "0.1000",
      "p" : "109744.8",
      "s" : "sell",
      "i" : "BTCUSD-PERP",
      "m" : "4611686018686785533"
    }, {
      "d" : "1756460484722120360",
      "t" : 1756460484722,
      "tn" : 1756460484722120360,
      "q" : "0.1000",
      "p" : "109754.7",
      "s" : "sell",
      "i" : "BTCUSD-PERP",
      "m" : "4611686018686785532"
    }, {
      "d" : "1756460484722118290",
      "t" : 1756460484722,
      "tn" : 1756460484722118290,
      "q" : "0.0385",
      "p" : "109755.8",
      "s" : "sell",
      "i" : "BTCUSD-PERP",
      "m" : "4611686018686785531"
    }, {
      "d" : "1756460484722115118",
      "t" : 1756460484722,
      "tn" : 1756460484722115118,
      "q" : "0.0001",
      "p" : "109755.8",
      "s" : "sell",
      "i" : "BTCUSD-PERP",
      "m" : "4611686018686785530"
    }, {
      "d" : "1756460484721672182",
      "t" : 1756460484721,
      "tn" : 1756460484721672182,
      "q" : "0.0001",
      "p" : "109755.8",
      "s" : "sell",
      "i" : "BTCUSD-PERP",
      "m" : "4611686018686785529"
    }, {
      "d" : "1756460484721560961",
      "t" : 1756460484721,
      "tn" : 1756460484721560961,
      "q" : "0.0613",
      "p" : "109755.8",
      "s" : "sell",
      "i" : "BTCUSD-PERP",
      "m" : "4611686018686785528"
    }, {
      "d" : "1756460484721459834",
      "t" : 1756460484721,
      "tn" : 1756460484721459833,
      "q" : "0.1000",
      "p" : "109757.8",
      "s" : "sell",
      "i" : "BTCUSD-PERP",
      "m" : "4611686018686785527"
    }, {
      "d" : "1756460484721459833",
      "t" : 1756460484721,
      "tn" : 1756460484721459833,
      "q" : "0.1000",
      "p" : "109757.8",
      "s" : "sell",
      "i" : "BTCUSD-PERP",
      "m" : "4611686018686785527"
    }, {
      "d" : "1756460484721456546",
      "t" : 1756460484721,
      "tn" : 1756460484721456546,
      "q" : "0.0100",
      "p" : "109757.9",
      "s" : "sell",
      "i" : "BTCUSD-PERP",
      "m" : "4611686018686785526"
    }, {
      "d" : "1756460484721308548",
      "t" : 1756460484721,
      "tn" : 1756460484721308548,
      "q" : "0.0092",
      "p" : "109757.9",
      "s" : "sell",
      "i" : "BTCUSD-PERP",
      "m" : "4611686018686785525"
    }, {
      "d" : "1756460480456362311",
      "t" : 1756460480456,
      "tn" : 1756460480456362311,
      "q" : "0.0177",
      "p" : "109762.0",
      "s" : "sell",
      "i" : "BTCUSD-PERP",
      "m" : "4611686018686785524"
    }, {
      "d" : "1756460480205124546",
      "t" : 1756460480205,
      "tn" : 1756460480205124546,
      "q" : "0.1000",
      "p" : "109766.8",
      "s" : "sell",
      "i" : "BTCUSD-PERP",
      "m" : "4611686018686785523"
    }, {
      "d" : "1756460479072058549",
      "t" : 1756460479072,
      "tn" : 1756460479072058549,
      "q" : "0.1000",
      "p" : "109771.2",
      "s" : "sell",
      "i" : "BTCUSD-PERP",
      "m" : "4611686018686785522"
    }, {
      "d" : "1756460479072055880",
      "t" : 1756460479072,
      "tn" : 1756460479072055879,
      "q" : "0.1000",
      "p" : "109771.8",
      "s" : "sell",
      "i" : "BTCUSD-PERP",
      "m" : "4611686018686785521"
    }, {
      "d" : "1756460479072055879",
      "t" : 1756460479072,
      "tn" : 1756460479072055879,
      "q" : "0.1000",
      "p" : "109771.8",
      "s" : "sell",
      "i" : "BTCUSD-PERP",
      "m" : "4611686018686785521"
    }, {
      "d" : "1756460473100843597",
      "t" : 1756460473100,
      "tn" : 1756460473100843596,
      "q" : "0.1000",
      "p" : "109782.2",
      "s" : "sell",
      "i" : "BTCUSD-PERP",
      "m" : "4611686018686785520"
    }, {
      "d" : "1756460473100843596",
      "t" : 1756460473100,
      "tn" : 1756460473100843596,
      "q" : "0.1000",
      "p" : "109782.2",
      "s" : "sell",
      "i" : "BTCUSD-PERP",
      "m" : "4611686018686785520"
    }, {
      "d" : "1756460473099163122",
      "t" : 1756460473099,
      "tn" : 1756460473099163122,
      "q" : "0.1000",
      "p" : "109782.8",
      "s" : "sell",
      "i" : "BTCUSD-PERP",
      "m" : "4611686018686785519"
    }, {
      "d" : "1756460468385126982",
      "t" : 1756460468385,
      "tn" : 1756460468385126982,
      "q" : "0.0006",
      "p" : "109773.3",
      "s" : "buy",
      "i" : "BTCUSD-PERP",
      "m" : "4611686018686785518"
    }, {
      "d" : "1756460466846084951",
      "t" : 1756460466846,
      "tn" : 1756460466846084951,
      "q" : "0.0382",
      "p" : "109768.1",
      "s" : "buy",
      "i" : "BTCUSD-PERP",
      "m" : "4611686018686785517"
    }, {
      "d" : "1756460464808772213",
      "t" : 1756460464808,
      "tn" : 1756460464808772213,
      "q" : "0.1154",
      "p" : "109773.3",
      "s" : "sell",
      "i" : "BTCUSD-PERP",
      "m" : "4611686018686785516"
    }, {
      "d" : "1756460464808527425",
      "t" : 1756460464808,
      "tn" : 1756460464808527425,
      "q" : "0.0001",
      "p" : "109773.3",
      "s" : "sell",
      "i" : "BTCUSD-PERP",
      "m" : "4611686018686785515"
    }, {
      "d" : "1756460464807952758",
      "t" : 1756460464807,
      "tn" : 1756460464807952758,
      "q" : "0.0001",
      "p" : "109773.3",
      "s" : "sell",
      "i" : "BTCUSD-PERP",
      "m" : "4611686018686785514"
    }, {
      "d" : "1756460464807945565",
      "t" : 1756460464807,
      "tn" : 1756460464807945565,
      "q" : "0.0344",
      "p" : "109773.3",
      "s" : "sell",
      "i" : "BTCUSD-PERP",
      "m" : "4611686018686785513"
    }, {
      "d" : "1756460464807944096",
      "t" : 1756460464807,
      "tn" : 1756460464807944096,
      "q" : "0.1000",
      "p" : "109774.5",
      "s" : "sell",
      "i" : "BTCUSD-PERP",
      "m" : "4611686018686785512"
    }, {
      "d" : "1756460464807002951",
      "t" : 1756460464807,
      "tn" : 1756460464807002951,
      "q" : "0.1000",
      "p" : "109775.6",
      "s" : "sell",
      "i" : "BTCUSD-PERP",
      "m" : "4611686018686785511"
    }, {
      "d" : "1756460464806741773",
      "t" : 1756460464806,
      "tn" : 1756460464806741773,
      "q" : "0.0793",
      "p" : "109776.0",
      "s" : "sell",
      "i" : "BTCUSD-PERP",
      "m" : "4611686018686785510"
    }, {
      "d" : "1756460464806680318",
      "t" : 1756460464806,
      "tn" : 1756460464806680317,
      "q" : "0.0207",
      "p" : "109776.0",
      "s" : "sell",
      "i" : "BTCUSD-PERP",
      "m" : "4611686018686785509"
    }, {
      "d" : "1756460464806680317",
      "t" : 1756460464806,
      "tn" : 1756460464806680317,
      "q" : "0.1000",
      "p" : "109776.0",
      "s" : "sell",
      "i" : "BTCUSD-PERP",
      "m" : "4611686018686785509"
    }, {
      "d" : "1756460458041006494",
      "t" : 1756460458041,
      "tn" : 1756460458041006494,
      "q" : "0.1000",
      "p" : "109778.8",
      "s" : "sell",
      "i" : "BTCUSD-PERP",
      "m" : "4611686018686785508"
    }, {
      "d" : "1756460458041003802",
      "t" : 1756460458041,
      "tn" : 1756460458041003802,
      "q" : "0.1000",
      "p" : "109779.0",
      "s" : "sell",
      "i" : "BTCUSD-PERP",
      "m" : "4611686018686785507"
    }, {
      "d" : "1756460457444023725",
      "t" : 1756460457444,
      "tn" : 1756460457444023721,
      "q" : "0.0048",
      "p" : "109778.1",
      "s" : "buy",
      "i" : "BTCUSD-PERP",
      "m" : "4611686018686785506"
    }, {
      "d" : "1756460457444023724",
      "t" : 1756460457444,
      "tn" : 1756460457444023721,
      "q" : "0.1000",
      "p" : "109778.1",
      "s" : "buy",
      "i" : "BTCUSD-PERP",
      "m" : "4611686018686785506"
    }, {
      "d" : "1756460457444023723",
      "t" : 1756460457444,
      "tn" : 1756460457444023721,
      "q" : "0.2054",
      "p" : "109778.1",
      "s" : "buy",
      "i" : "BTCUSD-PERP",
      "m" : "4611686018686785506"
    }, {
      "d" : "1756460457444023722",
      "t" : 1756460457444,
      "tn" : 1756460457444023721,
      "q" : "0.1000",
      "p" : "109778.1",
      "s" : "buy",
      "i" : "BTCUSD-PERP",
      "m" : "4611686018686785506"
    }, {
      "d" : "1756460457444023721",
      "t" : 1756460457444,
      "tn" : 1756460457444023721,
      "q" : "0.1000",
      "p" : "109778.1",
      "s" : "buy",
      "i" : "BTCUSD-PERP",
      "m" : "4611686018686785506"
    }, {
      "d" : "1756460457254453641",
      "t" : 1756460457254,
      "tn" : 1756460457254453641,
      "q" : "0.0180",
      "p" : "109781.0",
      "s" : "sell",
      "i" : "BTCUSD-PERP",
      "m" : "4611686018686785505"
    }, {
      "d" : "1756460457254436186",
      "t" : 1756460457254,
      "tn" : 1756460457254436186,
      "q" : "0.0001",
      "p" : "109781.0",
      "s" : "sell",
      "i" : "BTCUSD-PERP",
      "m" : "4611686018686785504"
    }, {
      "d" : "1756460455528645073",
      "t" : 1756460455528,
      "tn" : 1756460455528645073,
      "q" : "0.1255",
      "p" : "109775.6",
      "s" : "buy",
      "i" : "BTCUSD-PERP",
      "m" : "4611686018686785503"
    }, {
      "d" : "1756460455528642907",
      "t" : 1756460455528,
      "tn" : 1756460455528642907,
      "q" : "0.0001",
      "p" : "109775.6",
      "s" : "buy",
      "i" : "BTCUSD-PERP",
      "m" : "4611686018686785502"
    }, {
      "d" : "1756460455528376545",
      "t" : 1756460455528,
      "tn" : 1756460455528376545,
      "q" : "0.1000",
      "p" : "109774.5",
      "s" : "buy",
      "i" : "BTCUSD-PERP",
      "m" : "4611686018686785501"
    }, {
      "d" : "1756460455272792547",
      "t" : 1756460455272,
      "tn" : 1756460455272792546,
      "q" : "0.0090",
      "p" : "109767.9",
      "s" : "buy",
      "i" : "BTCUSD-PERP",
      "m" : "4611686018686785500"
    }, {
      "d" : "1756460454950978400",
      "t" : 1756460454950,
      "tn" : 1756460454950978399,
      "q" : "0.0950",
      "p" : "109764.6",
      "s" : "buy",
      "i" : "BTCUSD-PERP",
      "m" : "4611686018686785499"
    }, {
      "d" : "1756460454950978399",
      "t" : 1756460454950,
      "tn" : 1756460454950978399,
      "q" : "0.1000",
      "p" : "109764.6",
      "s" : "buy",
      "i" : "BTCUSD-PERP",
      "m" : "4611686018686785499"
    }, {
      "d" : "1756460454950971252",
      "t" : 1756460454950,
      "tn" : 1756460454950971252,
      "q" : "0.2339",
      "p" : "109764.3",
      "s" : "buy",
      "i" : "BTCUSD-PERP",
      "m" : "4611686018686785498"
    }, {
      "d" : "1756460454950968870",
      "t" : 1756460454950,
      "tn" : 1756460454950968870,
      "q" : "0.0158",
      "p" : "109764.0",
      "s" : "buy",
      "i" : "BTCUSD-PERP",
      "m" : "4611686018686785497"
    }, {
      "d" : "1756460454950963346",
      "t" : 1756460454950,
      "tn" : 1756460454950963346,
      "q" : "0.0001",
      "p" : "109764.0",
      "s" : "buy",
      "i" : "BTCUSD-PERP",
      "m" : "4611686018686785496"
    }, {
      "d" : "1756460454950913358",
      "t" : 1756460454950,
      "tn" : 1756460454950913358,
      "q" : "0.0841",
      "p" : "109764.0",
      "s" : "buy",
      "i" : "BTCUSD-PERP",
      "m" : "4611686018686785495"
    }, {
      "d" : "1756460454950911679",
      "t" : 1756460454950,
      "tn" : 1756460454950911679,
      "q" : "0.0006",
      "p" : "109760.2",
      "s" : "buy",
      "i" : "BTCUSD-PERP",
      "m" : "4611686018686785494"
    }, {
      "d" : "1756460454950904339",
      "t" : 1756460454950,
      "tn" : 1756460454950904339,
      "q" : "0.0001",
      "p" : "109760.2",
      "s" : "buy",
      "i" : "BTCUSD-PERP",
      "m" : "4611686018686785493"
    }, {
      "d" : "1756460454005497137",
      "t" : 1756460454005,
      "tn" : 1756460454005497137,
      "q" : "0.0119",
      "p" : "109748.7",
      "s" : "buy",
      "i" : "BTCUSD-PERP",
      "m" : "4611686018686785492"
    }, {
      "d" : "1756460454005406280",
      "t" : 1756460454005,
      "tn" : 1756460454005406280,
      "q" : "0.0001",
      "p" : "109748.7",
      "s" : "buy",
      "i" : "BTCUSD-PERP",
      "m" : "4611686018686785491"
    }, {
      "d" : "1756460448709372242",
      "t" : 1756460448709,
      "tn" : 1756460448709372242,
      "q" : "0.0400",
      "p" : "109742.0",
      "s" : "buy",
      "i" : "BTCUSD-PERP",
      "m" : "4611686018686785490"
    }, {
      "d" : "1756460444062190567",
      "t" : 1756460444062,
      "tn" : 1756460444062190567,
      "q" : "0.0003",
      "p" : "109734.0",
      "s" : "buy",
      "i" : "BTCUSD-PERP",
      "m" : "4611686018686785489"
    }, {
      "d" : "1756460440081640743",
      "t" : 1756460440081,
      "tn" : 1756460440081640742,
      "q" : "0.1000",
      "p" : "109714.0",
      "s" : "buy",
      "i" : "BTCUSD-PERP",
      "m" : "4611686018686785488"
    }, {
      "d" : "1756460440081640742",
      "t" : 1756460440081,
      "tn" : 1756460440081640742,
      "q" : "0.1000",
      "p" : "109714.0",
      "s" : "buy",
      "i" : "BTCUSD-PERP",
      "m" : "4611686018686785488"
    }, {
      "d" : "1756460438082752963",
      "t" : 1756460438082,
      "tn" : 1756460438082752963,
      "q" : "0.1000",
      "p" : "109708.5",
      "s" : "buy",
      "i" : "BTCUSD-PERP",
      "m" : "4611686018686785487"
    }, {
      "d" : "1756460438082750303",
      "t" : 1756460438082,
      "tn" : 1756460438082750303,
      "q" : "0.1000",
      "p" : "109708.1",
      "s" : "buy",
      "i" : "BTCUSD-PERP",
      "m" : "4611686018686785486"
    }, {
      "d" : "1756460431794958545",
      "t" : 1756460431794,
      "tn" : 1756460431794958544,
      "q" : "0.0517",
      "p" : "109708.0",
      "s" : "buy",
      "i" : "BTCUSD-PERP",
      "m" : "4611686018686785485"
    }, {
      "d" : "1756460431794958544",
      "t" : 1756460431794,
      "tn" : 1756460431794958544,
      "q" : "0.0324",
      "p" : "109708.0",
      "s" : "buy",
      "i" : "BTCUSD-PERP",
      "m" : "4611686018686785485"
    }, {
      "d" : "1756460430018109435",
      "t" : 1756460430018,
      "tn" : 1756460430018109435,
      "q" : "0.0089",
      "p" : "109707.7",
      "s" : "sell",
      "i" : "BTCUSD-PERP",
      "m" : "4611686018686785484"
    }, {
      "d" : "1756460424600023763",
      "t" : 1756460424600,
      "tn" : 1756460424600023760,
      "q" : "0.0090",
      "p" : "109711.0",
      "s" : "sell",
      "i" : "BTCUSD-PERP",
      "m" : "4611686018686785483"
    }, {
      "d" : "1756460424600023762",
      "t" : 1756460424600,
      "tn" : 1756460424600023760,
      "q" : "0.0005",
      "p" : "109711.0",
      "s" : "sell",
      "i" : "BTCUSD-PERP",
      "m" : "4611686018686785483"
    }, {
      "d" : "1756460424600023761",
      "t" : 1756460424600,
      "tn" : 1756460424600023760,
      "q" : "0.0053",
      "p" : "109711.0",
      "s" : "sell",
      "i" : "BTCUSD-PERP",
      "m" : "4611686018686785483"
    }, {
      "d" : "1756460424600023760",
      "t" : 1756460424600,
      "tn" : 1756460424600023760,
      "q" : "0.1491",
      "p" : "109711.0",
      "s" : "sell",
      "i" : "BTCUSD-PERP",
      "m" : "4611686018686785483"
    }, {
      "d" : "1756460424460433869",
      "t" : 1756460424460,
      "tn" : 1756460424460433869,
      "q" : "0.0001",
      "p" : "109715.1",
      "s" : "sell",
      "i" : "BTCUSD-PERP",
      "m" : "4611686018686785482"
    }, {
      "d" : "1756460424460237445",
      "t" : 1756460424460,
      "tn" : 1756460424460237445,
      "q" : "0.0999",
      "p" : "109715.1",
      "s" : "sell",
      "i" : "BTCUSD-PERP",
      "m" : "4611686018686785481"
    }, {
      "d" : "1756460424459610241",
      "t" : 1756460424459,
      "tn" : 1756460424459610241,
      "q" : "0.0425",
      "p" : "109717.6",
      "s" : "sell",
      "i" : "BTCUSD-PERP",
      "m" : "4611686018686785480"
    }, {
      "d" : "1756460424459603414",
      "t" : 1756460424459,
      "tn" : 1756460424459603413,
      "q" : "0.1000",
      "p" : "109718.3",
      "s" : "sell",
      "i" : "BTCUSD-PERP",
      "m" : "4611686018686785479"
    }, {
      "d" : "1756460424459603413",
      "t" : 1756460424459,
      "tn" : 1756460424459603413,
      "q" : "0.1000",
      "p" : "109718.3",
      "s" : "sell",
      "i" : "BTCUSD-PERP",
      "m" : "4611686018686785479"
    }, {
      "d" : "1756460424459599895",
      "t" : 1756460424459,
      "tn" : 1756460424459599895,
      "q" : "0.0608",
      "p" : "109718.8",
      "s" : "sell",
      "i" : "BTCUSD-PERP",
      "m" : "4611686018686785478"
    }, {
      "d" : "1756460424459493812",
      "t" : 1756460424459,
      "tn" : 1756460424459493812,
      "q" : "0.0392",
      "p" : "109718.8",
      "s" : "sell",
      "i" : "BTCUSD-PERP",
      "m" : "4611686018686785477"
    }, {
      "d" : "1756460424459491930",
      "t" : 1756460424459,
      "tn" : 1756460424459491930,
      "q" : "0.0005",
      "p" : "109720.0",
      "s" : "sell",
      "i" : "BTCUSD-PERP",
      "m" : "4611686018686785476"
    }, {
      "d" : "1756460418304550394",
      "t" : 1756460418304,
      "tn" : 1756460418304550394,
      "q" : "0.0900",
      "p" : "109728.3",
      "s" : "sell",
      "i" : "BTCUSD-PERP",
      "m" : "4611686018686785475"
    }, {
      "d" : "1756460414780310447",
      "t" : 1756460414780,
      "tn" : 1756460414780310447,
      "q" : "0.2000",
      "p" : "109738.2",
      "s" : "sell",
      "i" : "BTCUSD-PERP",
      "m" : "4611686018686785474"
    }, {
      "d" : "1756460414779938354",
      "t" : 1756460414779,
      "tn" : 1756460414779938354,
      "q" : "0.0425",
      "p" : "109740.0",
      "s" : "sell",
      "i" : "BTCUSD-PERP",
      "m" : "4611686018686785473"
    }, {
      "d" : "1756460414779936009",
      "t" : 1756460414779,
      "tn" : 1756460414779936007,
      "q" : "0.1000",
      "p" : "109741.1",
      "s" : "sell",
      "i" : "BTCUSD-PERP",
      "m" : "4611686018686785472"
    }, {
      "d" : "1756460414779936008",
      "t" : 1756460414779,
      "tn" : 1756460414779936007,
      "q" : "0.1000",
      "p" : "109741.1",
      "s" : "sell",
      "i" : "BTCUSD-PERP",
      "m" : "4611686018686785472"
    }, {
      "d" : "1756460414779936007",
      "t" : 1756460414779,
      "tn" : 1756460414779936007,
      "q" : "0.1000",
      "p" : "109741.1",
      "s" : "sell",
      "i" : "BTCUSD-PERP",
      "m" : "4611686018686785472"
    }, {
      "d" : "1756460414577381649",
      "t" : 1756460414577,
      "tn" : 1756460414577381649,
      "q" : "0.0001",
      "p" : "109749.8",
      "s" : "sell",
      "i" : "BTCUSD-PERP",
      "m" : "4611686018686785471"
    }, {
      "d" : "1756460414577360705",
      "t" : 1756460414577,
      "tn" : 1756460414577360705,
      "q" : "0.0181",
      "p" : "109749.8",
      "s" : "sell",
      "i" : "BTCUSD-PERP",
      "m" : "4611686018686785470"
    }, {
      "d" : "1756460413030515384",
      "t" : 1756460413030,
      "tn" : 1756460413030515384,
      "q" : "0.0001",
      "p" : "109744.9",
      "s" : "buy",
      "i" : "BTCUSD-PERP",
      "m" : "4611686018686785469"
    }, {
      "d" : "1756460413030433828",
      "t" : 1756460413030,
      "tn" : 1756460413030433828,
      "q" : "0.0001",
      "p" : "109744.9",
      "s" : "buy",
      "i" : "BTCUSD-PERP",
      "m" : "4611686018686785468"
    }, {
      "d" : "1756460405108109320",
      "t" : 1756460405108,
      "tn" : 1756460405108109319,
      "q" : "0.1000",
      "p" : "109731.6",
      "s" : "sell",
      "i" : "BTCUSD-PERP",
      "m" : "4611686018686785467"
    }, {
      "d" : "1756460405108109319",
      "t" : 1756460405108,
      "tn" : 1756460405108109319,
      "q" : "0.2000",
      "p" : "109731.6",
      "s" : "sell",
      "i" : "BTCUSD-PERP",
      "m" : "4611686018686785467"
    }, {
      "d" : "1756460405108102677",
      "t" : 1756460405108,
      "tn" : 1756460405108102676,
      "q" : "0.1000",
      "p" : "109732.0",
      "s" : "sell",
      "i" : "BTCUSD-PERP",
      "m" : "4611686018686785466"
    }, {
      "d" : "1756460405108102676",
      "t" : 1756460405108,
      "tn" : 1756460405108102676,
      "q" : "0.1000",
      "p" : "109732.0",
      "s" : "sell",
      "i" : "BTCUSD-PERP",
      "m" : "4611686018686785466"
    }, {
      "d" : "1756460404727834947",
      "t" : 1756460404727,
      "tn" : 1756460404727834947,
      "q" : "0.0324",
      "p" : "109734.0",
      "s" : "sell",
      "i" : "BTCUSD-PERP",
      "m" : "4611686018686785465"
    }, {
      "d" : "1756460404722587871",
      "t" : 1756460404722,
      "tn" : 1756460404722587867,
      "q" : "0.1000",
      "p" : "109737.8",
      "s" : "sell",
      "i" : "BTCUSD-PERP",
      "m" : "4611686018686785464"
    }, {
      "d" : "1756460404722587870",
      "t" : 1756460404722,
      "tn" : 1756460404722587867,
      "q" : "0.1000",
      "p" : "109737.8",
      "s" : "sell",
      "i" : "BTCUSD-PERP",
      "m" : "4611686018686785464"
    }, {
      "d" : "1756460404722587869",
      "t" : 1756460404722,
      "tn" : 1756460404722587867,
      "q" : "0.1000",
      "p" : "109737.8",
      "s" : "sell",
      "i" : "BTCUSD-PERP",
      "m" : "4611686018686785464"
    }, {
      "d" : "1756460404722587868",
      "t" : 1756460404722,
      "tn" : 1756460404722587867,
      "q" : "0.2000",
      "p" : "109737.8",
      "s" : "sell",
      "i" : "BTCUSD-PERP",
      "m" : "4611686018686785464"
    }, {
      "d" : "1756460404722587867",
      "t" : 1756460404722,
      "tn" : 1756460404722587867,
      "q" : "0.0001",
      "p" : "109737.8",
      "s" : "sell",
      "i" : "BTCUSD-PERP",
      "m" : "4611686018686785464"
    }, {
      "d" : "1756460404144259144",
      "t" : 1756460404144,
      "tn" : 1756460404144259143,
      "q" : "0.1000",
      "p" : "109729.4",
      "s" : "buy",
      "i" : "BTCUSD-PERP",
      "m" : "4611686018686785463"
    }, {
      "d" : "1756460404144259143",
      "t" : 1756460404144,
      "tn" : 1756460404144259143,
      "q" : "0.1000",
      "p" : "109729.4",
      "s" : "buy",
      "i" : "BTCUSD-PERP",
      "m" : "4611686018686785463"
    }, {
      "d" : "1756460404144255961",
      "t" : 1756460404144,
      "tn" : 1756460404144255961,
      "q" : "0.1000",
      "p" : "109728.7",
      "s" : "buy",
      "i" : "BTCUSD-PERP",
      "m" : "4611686018686785462"
    }, {
      "d" : "1756460404143652821",
      "t" : 1756460404143,
      "tn" : 1756460404143652821,
      "q" : "0.0085",
      "p" : "109728.0",
      "s" : "buy",
      "i" : "BTCUSD-PERP",
      "m" : "4611686018686785461"
    }, {
      "d" : "1756460403868211743",
      "t" : 1756460403868,
      "tn" : 1756460403868211743,
      "q" : "0.1426",
      "p" : "109721.1",
      "s" : "buy",
      "i" : "BTCUSD-PERP",
      "m" : "4611686018686785460"
    }, {
      "d" : "1756460403868210221",
      "t" : 1756460403868,
      "tn" : 1756460403868210221,
      "q" : "0.1900",
      "p" : "109721.0",
      "s" : "buy",
      "i" : "BTCUSD-PERP",
      "m" : "4611686018686785459"
    }, {
      "d" : "1756460403868207597",
      "t" : 1756460403868,
      "tn" : 1756460403868207597,
      "q" : "0.0001",
      "p" : "109720.0",
      "s" : "buy",
      "i" : "BTCUSD-PERP",
      "m" : "4611686018686785458"
    }, {
      "d" : "1756460402264569845",
      "t" : 1756460402264,
      "tn" : 1756460402264569845,
      "q" : "0.0001",
      "p" : "109708.4",
      "s" : "buy",
      "i" : "BTCUSD-PERP",
      "m" : "4611686018686785457"
    }, {
      "d" : "1756460402262056103",
      "t" : 1756460402262,
      "tn" : 1756460402262056103,
      "q" : "0.0999",
      "p" : "109708.5",
      "s" : "buy",
      "i" : "BTCUSD-PERP",
      "m" : "4611686018686785456"
    }, {
      "d" : "1756460402261926383",
      "t" : 1756460402261,
      "tn" : 1756460402261926383,
      "q" : "0.0001",
      "p" : "109708.5",
      "s" : "buy",
      "i" : "BTCUSD-PERP",
      "m" : "4611686018686785455"
    }, {
      "d" : "1756460402260900785",
      "t" : 1756460402260,
      "tn" : 1756460402260900785,
      "q" : "0.0046",
      "p" : "109710.0",
      "s" : "buy",
      "i" : "BTCUSD-PERP",
      "m" : "4611686018686785454"
    }, {
      "d" : "1756460402260900078",
      "t" : 1756460402260,
      "tn" : 1756460402260900078,
      "q" : "0.0001",
      "p" : "109706.5",
      "s" : "buy",
      "i" : "BTCUSD-PERP",
      "m" : "4611686018686785453"
    }, {
      "d" : "1756460402260899379",
      "t" : 1756460402260,
      "tn" : 1756460402260899378,
      "q" : "0.1000",
      "p" : "109705.2",
      "s" : "buy",
      "i" : "BTCUSD-PERP",
      "m" : "4611686018686785452"
    }, {
      "d" : "1756460402260899378",
      "t" : 1756460402260,
      "tn" : 1756460402260899378,
      "q" : "0.0333",
      "p" : "109705.2",
      "s" : "buy",
      "i" : "BTCUSD-PERP",
      "m" : "4611686018686785452"
    }, {
      "d" : "1756460402260794280",
      "t" : 1756460402260,
      "tn" : 1756460402260794280,
      "q" : "0.0001",
      "p" : "109705.2",
      "s" : "buy",
      "i" : "BTCUSD-PERP",
      "m" : "4611686018686785451"
    }, {
      "d" : "1756460402260791753",
      "t" : 1756460402260,
      "tn" : 1756460402260791753,
      "q" : "0.1166",
      "p" : "109705.2",
      "s" : "buy",
      "i" : "BTCUSD-PERP",
      "m" : "4611686018686785450"
    }, {
      "d" : "1756460402260789786",
      "t" : 1756460402260,
      "tn" : 1756460402260789786,
      "q" : "0.2000",
      "p" : "109704.1",
      "s" : "buy",
      "i" : "BTCUSD-PERP",
      "m" : "4611686018686785449"
    }, {
      "d" : "1756460402259789206",
      "t" : 1756460402259,
      "tn" : 1756460402259789206,
      "q" : "0.0999",
      "p" : "109703.0",
      "s" : "buy",
      "i" : "BTCUSD-PERP",
      "m" : "4611686018686785448"
    }, {
      "d" : "1756460402259741770",
      "t" : 1756460402259,
      "tn" : 1756460402259741770,
      "q" : "0.0001",
      "p" : "109703.0",
      "s" : "buy",
      "i" : "BTCUSD-PERP",
      "m" : "4611686018686785447"
    }, {
      "d" : "1756460402259075515",
      "t" : 1756460402259,
      "tn" : 1756460402259075515,
      "q" : "0.1000",
      "p" : "109699.7",
      "s" : "buy",
      "i" : "BTCUSD-PERP",
      "m" : "4611686018686785446"
    }, {
      "d" : "1756460402259073171",
      "t" : 1756460402259,
      "tn" : 1756460402259073171,
      "q" : "0.1000",
      "p" : "109699.2",
      "s" : "buy",
      "i" : "BTCUSD-PERP",
      "m" : "4611686018686785445"
    }, {
      "d" : "1756460399911101289",
      "t" : 1756460399911,
      "tn" : 1756460399911101289,
      "q" : "0.0872",
      "p" : "109692.9",
      "s" : "buy",
      "i" : "BTCUSD-PERP",
      "m" : "4611686018686785444"
    }, {
      "d" : "1756460394200961946",
      "t" : 1756460394200,
      "tn" : 1756460394200961944,
      "q" : "0.1000",
      "p" : "109696.3",
      "s" : "sell",
      "i" : "BTCUSD-PERP",
      "m" : "4611686018686785443"
    }, {
      "d" : "1756460394200961945",
      "t" : 1756460394200,
      "tn" : 1756460394200961944,
      "q" : "0.2000",
      "p" : "109696.3",
      "s" : "sell",
      "i" : "BTCUSD-PERP",
      "m" : "4611686018686785443"
    }, {
      "d" : "1756460394200961944",
      "t" : 1756460394200,
      "tn" : 1756460394200961944,
      "q" : "0.1000",
      "p" : "109696.3",
      "s" : "sell",
      "i" : "BTCUSD-PERP",
      "m" : "4611686018686785443"
    }, {
      "d" : "1756460394200956600",
      "t" : 1756460394200,
      "tn" : 1756460394200956600,
      "q" : "0.1000",
      "p" : "109697.0",
      "s" : "sell",
      "i" : "BTCUSD-PERP",
      "m" : "4611686018686785442"
    }, {
      "d" : "1756460392935156096",
      "t" : 1756460392935,
      "tn" : 1756460392935156096,
      "q" : "0.0367",
      "p" : "109699.9",
      "s" : "buy",
      "i" : "BTCUSD-PERP",
      "m" : "4611686018686785441"
    }, {
      "d" : "1756460392928909998",
      "t" : 1756460392928,
      "tn" : 1756460392928909998,
      "q" : "0.0910",
      "p" : "109699.9",
      "s" : "buy",
      "i" : "BTCUSD-PERP",
      "m" : "4611686018686785440"
    }, {
      "d" : "1756460392927556342",
      "t" : 1756460392927,
      "tn" : 1756460392927556342,
      "q" : "0.2000",
      "p" : "109696.4",
      "s" : "buy",
      "i" : "BTCUSD-PERP",
      "m" : "4611686018686785439"
    }, {
      "d" : "1756460392927554364",
      "t" : 1756460392927,
      "tn" : 1756460392927554364,
      "q" : "0.1000",
      "p" : "109694.2",
      "s" : "buy",
      "i" : "BTCUSD-PERP",
      "m" : "4611686018686785438"
    }, {
      "d" : "1756460392927551933",
      "t" : 1756460392927,
      "tn" : 1756460392927551933,
      "q" : "0.0292",
      "p" : "109693.1",
      "s" : "buy",
      "i" : "BTCUSD-PERP",
      "m" : "4611686018686785437"
    }, {
      "d" : "1756460392927519593",
      "t" : 1756460392927,
      "tn" : 1756460392927519593,
      "q" : "0.0001",
      "p" : "109693.1",
      "s" : "buy",
      "i" : "BTCUSD-PERP",
      "m" : "4611686018686785436"
    }, {
      "d" : "1756460392927516208",
      "t" : 1756460392927,
      "tn" : 1756460392927516208,
      "q" : "0.0001",
      "p" : "109693.1",
      "s" : "buy",
      "i" : "BTCUSD-PERP",
      "m" : "4611686018686785435"
    }, {
      "d" : "1756460392927237729",
      "t" : 1756460392927,
      "tn" : 1756460392927237729,
      "q" : "0.0001",
      "p" : "109693.1",
      "s" : "buy",
      "i" : "BTCUSD-PERP",
      "m" : "4611686018686785434"
    }, {
      "d" : "1756460392927135374",
      "t" : 1756460392927,
      "tn" : 1756460392927135374,
      "q" : "0.0001",
      "p" : "109693.1",
      "s" : "buy",
      "i" : "BTCUSD-PERP",
      "m" : "4611686018686785433"
    }, {
      "d" : "1756460392927059693",
      "t" : 1756460392927,
      "tn" : 1756460392927059693,
      "q" : "0.0465",
      "p" : "109693.1",
      "s" : "buy",
      "i" : "BTCUSD-PERP",
      "m" : "4611686018686785432"
    }, {
      "d" : "1756460392927005251",
      "t" : 1756460392927,
      "tn" : 1756460392927005251,
      "q" : "0.0236",
      "p" : "109693.1",
      "s" : "buy",
      "i" : "BTCUSD-PERP",
      "m" : "4611686018686785431"
    }, {
      "d" : "1756460392926444164",
      "t" : 1756460392926,
      "tn" : 1756460392926444164,
      "q" : "0.0001",
      "p" : "109693.1",
      "s" : "buy",
      "i" : "BTCUSD-PERP",
      "m" : "4611686018686785430"
    }, {
      "d" : "1756460392926398243",
      "t" : 1756460392926,
      "tn" : 1756460392926398243,
      "q" : "0.0001",
      "p" : "109693.1",
      "s" : "buy",
      "i" : "BTCUSD-PERP",
      "m" : "4611686018686785429"
    }, {
      "d" : "1756460392926275390",
      "t" : 1756460392926,
      "tn" : 1756460392926275390,
      "q" : "0.0001",
      "p" : "109693.1",
      "s" : "buy",
      "i" : "BTCUSD-PERP",
      "m" : "4611686018686785428"
    }, {
      "d" : "1756460392926080585",
      "t" : 1756460392926,
      "tn" : 1756460392926080585,
      "q" : "0.1000",
      "p" : "109692.2",
      "s" : "buy",
      "i" : "BTCUSD-PERP",
      "m" : "4611686018686785427"
    }, {
      "d" : "1756460392926078159",
      "t" : 1756460392926,
      "tn" : 1756460392926078159,
      "q" : "0.0073",
      "p" : "109692.1",
      "s" : "buy",
      "i" : "BTCUSD-PERP",
      "m" : "4611686018686785426"
    }, {
      "d" : "1756460389968592186",
      "t" : 1756460389968,
      "tn" : 1756460389968592186,
      "q" : "0.0001",
      "p" : "109688.1",
      "s" : "buy",
      "i" : "BTCUSD-PERP",
      "m" : "4611686018686785425"
    }, {
      "d" : "1756460389968558980",
      "t" : 1756460389968,
      "tn" : 1756460389968558980,
      "q" : "0.0164",
      "p" : "109688.1",
      "s" : "buy",
      "i" : "BTCUSD-PERP",
      "m" : "4611686018686785424"
    }, {
      "d" : "1756460386890391991",
      "t" : 1756460386890,
      "tn" : 1756460386890391991,
      "q" : "0.0820",
      "p" : "109684.4",
      "s" : "buy",
      "i" : "BTCUSD-PERP",
      "m" : "4611686018686785423"
    }, {
      "d" : "1756460386718599168",
      "t" : 1756460386718,
      "tn" : 1756460386718599168,
      "q" : "0.0001",
      "p" : "109692.0",
      "s" : "sell",
      "i" : "BTCUSD-PERP",
      "m" : "4611686018686785422"
    }, {
      "d" : "1756460386718522047",
      "t" : 1756460386718,
      "tn" : 1756460386718522046,
      "q" : "0.0443",
      "p" : "109692.0",
      "s" : "sell",
      "i" : "BTCUSD-PERP",
      "m" : "4611686018686785421"
    }, {
      "d" : "1756460386718522046",
      "t" : 1756460386718,
      "tn" : 1756460386718522046,
      "q" : "0.0655",
      "p" : "109692.0",
      "s" : "sell",
      "i" : "BTCUSD-PERP",
      "m" : "4611686018686785421"
    }, {
      "d" : "1756460386718515869",
      "t" : 1756460386718,
      "tn" : 1756460386718515869,
      "q" : "0.0001",
      "p" : "109692.0",
      "s" : "sell",
      "i" : "BTCUSD-PERP",
      "m" : "4611686018686785420"
    } ]
  }
}