{
  "id" : -1,
  "method" : "public/get-trades",
  "code" : 0,
  "result" : {
    "data" : [ {
      "d" : "1756439629516000796",
      "t" : 1756439629516,
      "tn" : 1756439629516000796,
      "q" : "0.0100",
      "p" : "111466.3",
      "s" : "buy",
      "i" : "BTCUSD-250829",
      "m" : "4611686018427388382"
    }, {
      "d" : "1756439629515998691",
      "t" : 1756439629515,
      "tn" : 1756439629515998691,
      "q" : "0.0083",
      "p" : "111440.3",
      "s" : "buy",
      "i" : "BTCUSD-250829",
      "m" : "4611686018427388381"
    }, {
      "d" : "1756438750756310174",
      "t" : 1756438750756,
      "tn" : 1756438750756310174,
      "q" : "0.0016",
      "p" : "111440.3",
      "s" : "buy",
      "i" : "BTCUSD-250829",
      "m" : "4611686018427388380"
    }, {
      "d" : "1756433042406928948",
      "t" : 1756433042406,
      "tn" : 1756433042406928948,
      "q" : "0.0001",
      "p" : "111466.2",
      "s" : "sell",
      "i" : "BTCUSD-250829",
      "m" : "4611686018427388379"
    }, {
      "d" : "1756431632555568968",
      "t" : 1756431632555,
      "tn" : 1756431632555568968,
      "q" : "0.0800",
      "p" : "111555.8",
      "s" : "sell",
      "i" : "BTCUSD-250829",
      "m" : "4611686018427388378"
    }, {
      "d" : "1756431632555565918",
      "t" : 1756431632555,
      "tn" : 1756431632555565918,
      "q" : "0.0001",
      "p" : "111585.1",
      "s" : "sell",
      "i" : "BTCUSD-250829",
      "m" : "4611686018427388377"
    }, {
      "d" : "1756431469679488934",
      "t" : 1756431469679,
      "tn" : 1756431469679488934,
      "q" : "0.0199",
      "p" : "111430.1",
      "s" : "sell",
      "i" : "BTCUSD-250829",
      "m" : "4611686018427388376"
    }, {
      "d" : "1756431469679486951",
      "t" : 1756431469679,
      "tn" : 1756431469679486951,
      "q" : "0.0001",
      "p" : "111504.5",
      "s" : "sell",
      "i" : "BTCUSD-250829",
      "m" : "4611686018427388375"
    }, {
      "d" : "1756431469679484425",
      "t" : 1756431469679,
      "tn" : 1756431469679484425,
      "q" : "0.0800",
      "p" : "111524.5",
      "s" : "sell",
      "i" : "BTCUSD-250829",
      "m" : "4611686018427388374"
    }, {
      "d" : "1756431461541488967",
      "t" : 1756431461541,
      "tn" : 1756431461541488967,
      "q" : "0.0199",
      "p" : "111493.7",
      "s" : "sell",
      "i" : "BTCUSD-250829",
      "m" : "4611686018427388373"
    }, {
      "d" : "1756431461541487107",
      "t" : 1756431461541,
      "tn" : 1756431461541487107,
      "q" : "0.0001",
      "p" : "111502.0",
      "s" : "sell",
      "i" : "BTCUSD-250829",
      "m" : "4611686018427388372"
    }, {
      "d" : "1756431461541485204",
      "t" : 1756431461541,
      "tn" : 1756431461541485204,
      "q" : "0.0800",
      "p" : "111521.5",
      "s" : "sell",
      "i" : "BTCUSD-250829",
      "m" : "4611686018427388371"
    }, {
      "d" : "1756402778244822978",
      "t" : 1756402778244,
      "tn" : 1756402778244822978,
      "q" : "0.0014",
      "p" : "112832.2",
      "s" : "buy",
      "i" : "BTCUSD-250829",
      "m" : "4611686018427388370"
    }, {
      "d" : "1756402778244821029",
      "t" : 1756402778244,
      "tn" : 1756402778244821029,
      "q" : "0.0001",
      "p" : "112620.0",
      "s" : "buy",
      "i" : "BTCUSD-250829",
      "m" : "4611686018427388369"
    }, {
      "d" : "1756388756058533864",
      "t" : 1756388756058,
      "tn" : 1756388756058533864,
      "q" : "0.0035",
      "p" : "113300.0",
      "s" : "sell",
      "i" : "BTCUSD-250829",
      "m" : "4611686018427388368"
    }, {
      "d" : "1756387548317238246",
      "t" : 1756387548317,
      "tn" : 1756387548317238246,
      "q" : "0.0001",
      "p" : "113284.7",
      "s" : "buy",
      "i" : "BTCUSD-250829",
      "m" : "4611686018427388367"
    }, {
      "d" : "1756382846660800995",
      "t" : 1756382846660,
      "tn" : 1756382846660800995,
      "q" : "0.0001",
      "p" : "112888.0",
      "s" : "sell",
      "i" : "BTCUSD-250829",
      "m" : "4611686018427388366"
    }, {
      "d" : "1756381499459289891",
      "t" : 1756381499459,
      "tn" : 1756381499459289891,
      "q" : "0.0001",
      "p" : "112974.4",
      "s" : "buy",
      "i" : "BTCUSD-250829",
      "m" : "4611686018427388365"
    }, {
      "d" : "1756379486511725447",
      "t" : 1756379486511,
      "tn" : 1756379486511725447,
      "q" : "0.0002",
      "p" : "113052.2",
      "s" : "sell",
      "i" : "BTCUSD-250829",
      "m" : "4611686018427388364"
    }, {
      "d" : "1756379029617315830",
      "t" : 1756379029617,
      "tn" : 1756379029617315830,
      "q" : "0.0001",
      "p" : "113230.2",
      "s" : "buy",
      "i" : "BTCUSD-250829",
      "m" : "4611686018427388363"
    }, {
      "d" : "1756378904850729609",
      "t" : 1756378904850,
      "tn" : 1756378904850729609,
      "q" : "0.0001",
      "p" : "113219.9",
      "s" : "buy",
      "i" : "BTCUSD-250829",
      "m" : "4611686018427388362"
    }, {
      "d" : "1756378123429989996",
      "t" : 1756378123429,
      "tn" : 1756378123429989996,
      "q" : "0.0001",
      "p" : "112976.7",
      "s" : "sell",
      "i" : "BTCUSD-250829",
      "m" : "4611686018427388361"
    }, {
      "d" : "1756378038082337416",
      "t" : 1756378038082,
      "tn" : 1756378038082337416,
      "q" : "0.0001",
      "p" : "113051.5",
      "s" : "sell",
      "i" : "BTCUSD-250829",
      "m" : "4611686018427388360"
    }, {
      "d" : "1756376304765968852",
      "t" : 1756376304765,
      "tn" : 1756376304765968852,
      "q" : "0.0001",
      "p" : "113051.5",
      "s" : "buy",
      "i" : "BTCUSD-250829",
      "m" : "4611686018427388359"
    }, {
      "d" : "1756376285168740151",
      "t" : 1756376285168,
      "tn" : 1756376285168740151,
      "q" : "0.0001",
      "p" : "112975.3",
      "s" : "sell",
      "i" : "BTCUSD-250829",
      "m" : "4611686018427388358"
    }, {
      "d" : "1756375681385767565",
      "t" : 1756375681385,
      "tn" : 1756375681385767565,
      "q" : "0.0001",
      "p" : "113087.1",
      "s" : "buy",
      "i" : "BTCUSD-250829",
      "m" : "4611686018427388357"
    } ]
  }
}