{
  "id" : -1,
  "method" : "public/get-trades",
  "code" : 0,
  "result" : {
    "data" : [ {
      "d" : "1756455466108788071",
      "t" : 1756455466108,
      "tn" : 1756455466108788071,
      "q" : "822",
      "p" : "0.04869",
      "s" : "sell",
      "i" : "C98_USD",
      "m" : "4611686018429004184"
    }, {
      "d" : "1756454044143209477",
      "t" : 1756454044143,
      "tn" : 1756454044143209477,
      "q" : "409",
      "p" : "0.04888",
      "s" : "sell",
      "i" : "C98_USD",
      "m" : "4611686018429004183"
    }, {
      "d" : "1756435846351519700",
      "t" : 1756435846351,
      "tn" : 1756435846351519700,
      "q" : "57",
      "p" : "0.05082",
      "s" : "sell",
      "i" : "C98_USD",
      "m" : "4611686018429004182"
    }, {
      "d" : "1756435842546758156",
      "t" : 1756435842546,
      "tn" : 1756435842546758156,
      "q" : "57",
      "p" : "0.05078",
      "s" : "sell",
      "i" : "C98_USD",
      "m" : "4611686018429004181"
    }, {
      "d" : "1756435838301174671",
      "t" : 1756435838301,
      "tn" : 1756435838301174671,
      "q" : "252",
      "p" : "0.05074",
      "s" : "sell",
      "i" : "C98_USD",
      "m" : "4611686018429004180"
    }, {
      "d" : "1756414820640864388",
      "t" : 1756414820640,
      "tn" : 1756414820640864388,
      "q" : "230",
      "p" : "0.05054",
      "s" : "buy",
      "i" : "C98_USD",
      "m" : "4611686018429004179"
    }, {
      "d" : "1756412841280066316",
      "t" : 1756412841280,
      "tn" : 1756412841280066316,
      "q" : "1700",
      "p" : "0.05107",
      "s" : "sell",
      "i" : "C98_USD",
      "m" : "4611686018429004178"
    }, {
      "d" : "1756412789344518474",
      "t" : 1756412789344,
      "tn" : 1756412789344518474,
      "q" : "1000",
      "p" : "0.05074",
      "s" : "buy",
      "i" : "C98_USD",
      "m" : "4611686018429004177"
    }, {
      "d" : "1756400306951466973",
      "t" : 1756400306951,
      "tn" : 1756400306951466973,
      "q" : "150",
      "p" : "0.05105",
      "s" : "buy",
      "i" : "C98_USD",
      "m" : "4611686018429004176"
    }, {
      "d" : "1756390205461342229",
      "t" : 1756390205461,
      "tn" : 1756390205461342229,
      "q" : "3186",
      "p" : "0.05196",
      "s" : "sell",
      "i" : "C98_USD",
      "m" : "4611686018429004175"
    }, {
      "d" : "1756390049273601872",
      "t" : 1756390049273,
      "tn" : 1756390049273601872,
      "q" : "5303",
      "p" : "0.05200",
      "s" : "sell",
      "i" : "C98_USD",
      "m" : "4611686018429004174"
    }, {
      "d" : "1756389712208029191",
      "t" : 1756389712208,
      "tn" : 1756389712208029191,
      "q" : "75",
      "p" : "0.05152",
      "s" : "buy",
      "i" : "C98_USD",
      "m" : "4611686018429004173"
    }, {
      "d" : "1756389611185782974",
      "t" : 1756389611185,
      "tn" : 1756389611185782974,
      "q" : "970",
      "p" : "0.05152",
      "s" : "buy",
      "i" : "C98_USD",
      "m" : "4611686018429004172"
    }, {
      "d" : "1756389611169321177",
      "t" : 1756389611169,
      "tn" : 1756389611169321177,
      "q" : "1747",
      "p" : "0.05152",
      "s" : "buy",
      "i" : "C98_USD",
      "m" : "4611686018429004171"
    }, {
      "d" : "1756388775085281230",
      "t" : 1756388775085,
      "tn" : 1756388775085281230,
      "q" : "111",
      "p" : "0.05123",
      "s" : "buy",
      "i" : "C98_USD",
      "m" : "4611686018429004170"
    }, {
      "d" : "1756388678987145585",
      "t" : 1756388678987,
      "tn" : 1756388678987145585,
      "q" : "45",
      "p" : "0.05142",
      "s" : "buy",
      "i" : "C98_USD",
      "m" : "4611686018429004169"
    }, {
      "d" : "1756386614384155607",
      "t" : 1756386614384,
      "tn" : 1756386614384155607,
      "q" : "123",
      "p" : "0.05160",
      "s" : "sell",
      "i" : "C98_USD",
      "m" : "4611686018429004168"
    }, {
      "d" : "1756386536609712073",
      "t" : 1756386536609,
      "tn" : 1756386536609712073,
      "q" : "338",
      "p" : "0.05172",
      "s" : "sell",
      "i" : "C98_USD",
      "m" : "4611686018429004167"
    }, {
      "d" : "1756385633925276242",
      "t" : 1756385633925,
      "tn" : 1756385633925276242,
      "q" : "227",
      "p" : "0.05165",
      "s" : "sell",
      "i" : "C98_USD",
      "m" : "4611686018429004166"
    }, {
      "d" : "1756384611648871187",
      "t" : 1756384611648,
      "tn" : 1756384611648871187,
      "q" : "554",
      "p" : "0.05062",
      "s" : "sell",
      "i" : "C98_USD",
      "m" : "4611686018429004165"
    }, {
      "d" : "1756378764408965105",
      "t" : 1756378764408,
      "tn" : 1756378764408965105,
      "q" : "589",
      "p" : "0.05094",
      "s" : "buy",
      "i" : "C98_USD",
      "m" : "4611686018429004164"
    }, {
      "d" : "1756378593811564610",
      "t" : 1756378593811,
      "tn" : 1756378593811564610,
      "q" : "313",
      "p" : "0.05094",
      "s" : "buy",
      "i" : "C98_USD",
      "m" : "4611686018429004163"
    }, {
      "d" : "1756378593697656338",
      "t" : 1756378593697,
      "tn" : 1756378593697656338,
      "q" : "473",
      "p" : "0.05094",
      "s" : "buy",
      "i" : "C98_USD",
      "m" : "4611686018429004162"
    }, {
      "d" : "1756378593560829254",
      "t" : 1756378593560,
      "tn" : 1756378593560829254,
      "q" : "550",
      "p" : "0.05094",
      "s" : "buy",
      "i" : "C98_USD",
      "m" : "4611686018429004161"
    }, {
      "d" : "1756378593481599977",
      "t" : 1756378593481,
      "tn" : 1756378593481599977,
      "q" : "661",
      "p" : "0.05094",
      "s" : "buy",
      "i" : "C98_USD",
      "m" : "4611686018429004160"
    }, {
      "d" : "1756378593461569019",
      "t" : 1756378593461,
      "tn" : 1756378593461569019,
      "q" : "332",
      "p" : "0.05094",
      "s" : "buy",
      "i" : "C98_USD",
      "m" : "4611686018429004159"
    }, {
      "d" : "1756378589521418945",
      "t" : 1756378589521,
      "tn" : 1756378589521418945,
      "q" : "722",
      "p" : "0.05094",
      "s" : "buy",
      "i" : "C98_USD",
      "m" : "4611686018429004158"
    }, {
      "d" : "1756378588424590382",
      "t" : 1756378588424,
      "tn" : 1756378588424590382,
      "q" : "371",
      "p" : "0.05094",
      "s" : "buy",
      "i" : "C98_USD",
      "m" : "4611686018429004157"
    }, {
      "d" : "1756378468155707277",
      "t" : 1756378468155,
      "tn" : 1756378468155707277,
      "q" : "415",
      "p" : "0.05094",
      "s" : "buy",
      "i" : "C98_USD",
      "m" : "4611686018429004156"
    }, {
      "d" : "1756378467986890227",
      "t" : 1756378467986,
      "tn" : 1756378467986890227,
      "q" : "309",
      "p" : "0.05094",
      "s" : "buy",
      "i" : "C98_USD",
      "m" : "4611686018429004155"
    }, {
      "d" : "1756378421724531914",
      "t" : 1756378421724,
      "tn" : 1756378421724531914,
      "q" : "2365",
      "p" : "0.05094",
      "s" : "buy",
      "i" : "C98_USD",
      "m" : "4611686018429004154"
    }, {
      "d" : "1756378407793632997",
      "t" : 1756378407793,
      "tn" : 1756378407793632997,
      "q" : "325",
      "p" : "0.05094",
      "s" : "buy",
      "i" : "C98_USD",
      "m" : "4611686018429004153"
    }, {
      "d" : "1756378340291448546",
      "t" : 1756378340291,
      "tn" : 1756378340291448546,
      "q" : "1770",
      "p" : "0.05084",
      "s" : "buy",
      "i" : "C98_USD",
      "m" : "4611686018429004152"
    }, {
      "d" : "1756378340278648486",
      "t" : 1756378340278,
      "tn" : 1756378340278648486,
      "q" : "1770",
      "p" : "0.05084",
      "s" : "buy",
      "i" : "C98_USD",
      "m" : "4611686018429004151"
    }, {
      "d" : "1756378340261415893",
      "t" : 1756378340261,
      "tn" : 1756378340261415893,
      "q" : "1770",
      "p" : "0.05084",
      "s" : "buy",
      "i" : "C98_USD",
      "m" : "4611686018429004150"
    }, {
      "d" : "1756378340249111976",
      "t" : 1756378340249,
      "tn" : 1756378340249111976,
      "q" : "1770",
      "p" : "0.05084",
      "s" : "buy",
      "i" : "C98_USD",
      "m" : "4611686018429004149"
    }, {
      "d" : "1756378340248303585",
      "t" : 1756378340248,
      "tn" : 1756378340248303585,
      "q" : "795",
      "p" : "0.05084",
      "s" : "buy",
      "i" : "C98_USD",
      "m" : "4611686018429004148"
    }, {
      "d" : "1756378322128232402",
      "t" : 1756378322128,
      "tn" : 1756378322128232402,
      "q" : "1216",
      "p" : "0.05084",
      "s" : "buy",
      "i" : "C98_USD",
      "m" : "4611686018429004147"
    }, {
      "d" : "1756378303148646031",
      "t" : 1756378303148,
      "tn" : 1756378303148646031,
      "q" : "549",
      "p" : "0.05084",
      "s" : "buy",
      "i" : "C98_USD",
      "m" : "4611686018429004146"
    }, {
      "d" : "1756378287804380787",
      "t" : 1756378287804,
      "tn" : 1756378287804380787,
      "q" : "477",
      "p" : "0.05084",
      "s" : "buy",
      "i" : "C98_USD",
      "m" : "4611686018429004145"
    }, {
      "d" : "1756378281988002288",
      "t" : 1756378281988,
      "tn" : 1756378281988002288,
      "q" : "1780",
      "p" : "0.05084",
      "s" : "buy",
      "i" : "C98_USD",
      "m" : "4611686018429004144"
    }, {
      "d" : "1756378278756141983",
      "t" : 1756378278756,
      "tn" : 1756378278756141983,
      "q" : "388",
      "p" : "0.05085",
      "s" : "buy",
      "i" : "C98_USD",
      "m" : "4611686018429004143"
    } ]
  }
}