{
  "id" : -1,
  "method" : "public/get-trades",
  "code" : 0,
  "result" : {
    "data" : [ {
      "d" : "1756460177180841183",
      "t" : 1756460177180,
      "tn" : 1756460177180841183,
      "q" : "295",
      "p" : "0.0065517",
      "s" : "buy",
      "i" : "CANTO_USD",
      "m" : "4611686018429655545"
    }, {
      "d" : "1756455674668547120",
      "t" : 1756455674668,
      "tn" : 1756455674668547120,
      "q" : "213",
      "p" : "0.0066617",
      "s" : "sell",
      "i" : "CANTO_USD",
      "m" : "4611686018429655544"
    }, {
      "d" : "1756455372758805340",
      "t" : 1756455372758,
      "tn" : 1756455372758805340,
      "q" : "211",
      "p" : "0.0067482",
      "s" : "sell",
      "i" : "CANTO_USD",
      "m" : "4611686018429655543"
    }, {
      "d" : "1756455198483303312",
      "t" : 1756455198483,
      "tn" : 1756455198483303312,
      "q" : "208",
      "p" : "0.0068348",
      "s" : "sell",
      "i" : "CANTO_USD",
      "m" : "4611686018429655542"
    }, {
      "d" : "1756452675686949259",
      "t" : 1756452675686,
      "tn" : 1756452675686949259,
      "q" : "205",
      "p" : "0.0069213",
      "s" : "sell",
      "i" : "CANTO_USD",
      "m" : "4611686018429655541"
    }, {
      "d" : "1756450873939984182",
      "t" : 1756450873939,
      "tn" : 1756450873939984181,
      "q" : "203",
      "p" : "0.0070077",
      "s" : "sell",
      "i" : "CANTO_USD",
      "m" : "4611686018429655540"
    }, {
      "d" : "1756450873939984181",
      "t" : 1756450873939,
      "tn" : 1756450873939984181,
      "q" : "203",
      "p" : "0.0070077",
      "s" : "sell",
      "i" : "CANTO_USD",
      "m" : "4611686018429655540"
    }, {
      "d" : "1756450580891774123",
      "t" : 1756450580891,
      "tn" : 1756450580891774123,
      "q" : "577",
      "p" : "0.0071164",
      "s" : "buy",
      "i" : "CANTO_USD",
      "m" : "4611686018429655539"
    }, {
      "d" : "1756450566325584756",
      "t" : 1756450566325,
      "tn" : 1756450566325584756,
      "q" : "11415",
      "p" : "0.0070085",
      "s" : "sell",
      "i" : "CANTO_USD",
      "m" : "4611686018429655538"
    }, {
      "d" : "1756450340170404184",
      "t" : 1756450340170,
      "tn" : 1756450340170404184,
      "q" : "535",
      "p" : "0.0073472",
      "s" : "sell",
      "i" : "CANTO_USD",
      "m" : "4611686018429655537"
    }, {
      "d" : "1756450318956660920",
      "t" : 1756450318956,
      "tn" : 1756450318956660920,
      "q" : "4494",
      "p" : "0.0072072",
      "s" : "sell",
      "i" : "CANTO_USD",
      "m" : "4611686018429655536"
    }, {
      "d" : "1756450294854277105",
      "t" : 1756450294854,
      "tn" : 1756450294854277105,
      "q" : "6824",
      "p" : "0.0073270",
      "s" : "buy",
      "i" : "CANTO_USD",
      "m" : "4611686018429655535"
    }, {
      "d" : "1756450026427986774",
      "t" : 1756450026427,
      "tn" : 1756450026427986774,
      "q" : "7505",
      "p" : "0.0071136",
      "s" : "sell",
      "i" : "CANTO_USD",
      "m" : "4611686018429655534"
    }, {
      "d" : "1756449650548026499",
      "t" : 1756449650548,
      "tn" : 1756449650548026499,
      "q" : "133",
      "p" : "0.0075555",
      "s" : "sell",
      "i" : "CANTO_USD",
      "m" : "4611686018429655533"
    }, {
      "d" : "1756449601685380042",
      "t" : 1756449601685,
      "tn" : 1756449601685380042,
      "q" : "1",
      "p" : "0.0076000",
      "s" : "sell",
      "i" : "CANTO_USD",
      "m" : "4611686018429655532"
    }, {
      "d" : "1756449599530261807",
      "t" : 1756449599530,
      "tn" : 1756449599530261807,
      "q" : "534",
      "p" : "0.0074900",
      "s" : "buy",
      "i" : "CANTO_USD",
      "m" : "4611686018429655531"
    }, {
      "d" : "1756449546033336712",
      "t" : 1756449546033,
      "tn" : 1756449546033336712,
      "q" : "200",
      "p" : "0.0071814",
      "s" : "buy",
      "i" : "CANTO_USD",
      "m" : "4611686018429655530"
    }, {
      "d" : "1756449546033334267",
      "t" : 1756449546033,
      "tn" : 1756449546033334267,
      "q" : "203",
      "p" : "0.0070943",
      "s" : "buy",
      "i" : "CANTO_USD",
      "m" : "4611686018429655529"
    }, {
      "d" : "1756449378358321186",
      "t" : 1756449378358,
      "tn" : 1756449378358321186,
      "q" : "204",
      "p" : "0.0070077",
      "s" : "buy",
      "i" : "CANTO_USD",
      "m" : "4611686018429655528"
    }, {
      "d" : "1756445546361002028",
      "t" : 1756445546361,
      "tn" : 1756445546361002028,
      "q" : "205",
      "p" : "0.0069213",
      "s" : "sell",
      "i" : "CANTO_USD",
      "m" : "4611686018429655527"
    }, {
      "d" : "1756445540638718826",
      "t" : 1756445540638,
      "tn" : 1756445540638718826,
      "q" : "203",
      "p" : "0.0070077",
      "s" : "sell",
      "i" : "CANTO_USD",
      "m" : "4611686018429655526"
    }, {
      "d" : "1756445473378614303",
      "t" : 1756445473378,
      "tn" : 1756445473378614303,
      "q" : "200",
      "p" : "0.0070943",
      "s" : "sell",
      "i" : "CANTO_USD",
      "m" : "4611686018429655525"
    }, {
      "d" : "1756445205928529199",
      "t" : 1756445205928,
      "tn" : 1756445205928529198,
      "q" : "4221",
      "p" : "0.0074898",
      "s" : "buy",
      "i" : "CANTO_USD",
      "m" : "4611686018429655524"
    }, {
      "d" : "1756445205928529198",
      "t" : 1756445205928,
      "tn" : 1756445205928529198,
      "q" : "1120",
      "p" : "0.0074898",
      "s" : "buy",
      "i" : "CANTO_USD",
      "m" : "4611686018429655524"
    }, {
      "d" : "1756445191334690129",
      "t" : 1756445191334,
      "tn" : 1756445191334690129,
      "q" : "12016",
      "p" : "0.0074898",
      "s" : "buy",
      "i" : "CANTO_USD",
      "m" : "4611686018429655523"
    }, {
      "d" : "1756445191280313773",
      "t" : 1756445191280,
      "tn" : 1756445191280313773,
      "q" : "12016",
      "p" : "0.0074898",
      "s" : "buy",
      "i" : "CANTO_USD",
      "m" : "4611686018429655522"
    }, {
      "d" : "1756445188070918638",
      "t" : 1756445188070,
      "tn" : 1756445188070918638,
      "q" : "14137",
      "p" : "0.0074898",
      "s" : "buy",
      "i" : "CANTO_USD",
      "m" : "4611686018429655521"
    }, {
      "d" : "1756445174060567621",
      "t" : 1756445174060,
      "tn" : 1756445174060567621,
      "q" : "202",
      "p" : "0.0071814",
      "s" : "buy",
      "i" : "CANTO_USD",
      "m" : "4611686018429655520"
    }, {
      "d" : "1756445161714277420",
      "t" : 1756445161714,
      "tn" : 1756445161714277420,
      "q" : "202",
      "p" : "0.0070943",
      "s" : "buy",
      "i" : "CANTO_USD",
      "m" : "4611686018429655519"
    }, {
      "d" : "1756445153220982579",
      "t" : 1756445153220,
      "tn" : 1756445153220982579,
      "q" : "218",
      "p" : "0.0070770",
      "s" : "buy",
      "i" : "CANTO_USD",
      "m" : "4611686018429655518"
    }, {
      "d" : "1756445144981781157",
      "t" : 1756445144981,
      "tn" : 1756445144981781157,
      "q" : "10923",
      "p" : "0.0070527",
      "s" : "sell",
      "i" : "CANTO_USD",
      "m" : "4611686018429655517"
    }, {
      "d" : "1756445144981779103",
      "t" : 1756445144981,
      "tn" : 1756445144981779103,
      "q" : "9357",
      "p" : "0.0070528",
      "s" : "sell",
      "i" : "CANTO_USD",
      "m" : "4611686018429655516"
    }, {
      "d" : "1756445043104493023",
      "t" : 1756445043104,
      "tn" : 1756445043104493023,
      "q" : "7065",
      "p" : "0.0070770",
      "s" : "buy",
      "i" : "CANTO_USD",
      "m" : "4611686018429655515"
    }, {
      "d" : "1756445043084987205",
      "t" : 1756445043084,
      "tn" : 1756445043084987205,
      "q" : "12717",
      "p" : "0.0070770",
      "s" : "buy",
      "i" : "CANTO_USD",
      "m" : "4611686018429655514"
    }, {
      "d" : "1756444877323874738",
      "t" : 1756444877323,
      "tn" : 1756444877323874738,
      "q" : "205",
      "p" : "0.0070077",
      "s" : "buy",
      "i" : "CANTO_USD",
      "m" : "4611686018429655513"
    }, {
      "d" : "1756444614980415080",
      "t" : 1756444614980,
      "tn" : 1756444614980415080,
      "q" : "336",
      "p" : "0.0069962",
      "s" : "buy",
      "i" : "CANTO_USD",
      "m" : "4611686018429655512"
    }, {
      "d" : "1756444499518571353",
      "t" : 1756444499518,
      "tn" : 1756444499518571353,
      "q" : "208",
      "p" : "0.0069213",
      "s" : "buy",
      "i" : "CANTO_USD",
      "m" : "4611686018429655511"
    }, {
      "d" : "1756444478728571447",
      "t" : 1756444478728,
      "tn" : 1756444478728571447,
      "q" : "211",
      "p" : "0.0068348",
      "s" : "buy",
      "i" : "CANTO_USD",
      "m" : "4611686018429655510"
    }, {
      "d" : "1756444377229866077",
      "t" : 1756444377229,
      "tn" : 1756444377229866077,
      "q" : "514",
      "p" : "0.0068100",
      "s" : "buy",
      "i" : "CANTO_USD",
      "m" : "4611686018429655509"
    }, {
      "d" : "1756444377225604989",
      "t" : 1756444377225,
      "tn" : 1756444377225604989,
      "q" : "2719",
      "p" : "0.0068100",
      "s" : "buy",
      "i" : "CANTO_USD",
      "m" : "4611686018429655508"
    }, {
      "d" : "1756444377225602531",
      "t" : 1756444377225,
      "tn" : 1756444377225602531,
      "q" : "218",
      "p" : "0.0067482",
      "s" : "buy",
      "i" : "CANTO_USD",
      "m" : "4611686018429655507"
    }, {
      "d" : "1756441281009257635",
      "t" : 1756441281009,
      "tn" : 1756441281009257635,
      "q" : "5437",
      "p" : "0.0067480",
      "s" : "buy",
      "i" : "CANTO_USD",
      "m" : "4611686018429655506"
    }, {
      "d" : "1756441281009255631",
      "t" : 1756441281009,
      "tn" : 1756441281009255631,
      "q" : "222",
      "p" : "0.0066617",
      "s" : "buy",
      "i" : "CANTO_USD",
      "m" : "4611686018429655505"
    }, {
      "d" : "1756441281009253252",
      "t" : 1756441281009,
      "tn" : 1756441281009253252,
      "q" : "7195",
      "p" : "0.0066616",
      "s" : "buy",
      "i" : "CANTO_USD",
      "m" : "4611686018429655504"
    }, {
      "d" : "1756441281009250435",
      "t" : 1756441281009,
      "tn" : 1756441281009250435,
      "q" : "483",
      "p" : "0.0066000",
      "s" : "buy",
      "i" : "CANTO_USD",
      "m" : "4611686018429655503"
    }, {
      "d" : "1756439775311572897",
      "t" : 1756439775311,
      "tn" : 1756439775311572897,
      "q" : "259",
      "p" : "0.0064891",
      "s" : "buy",
      "i" : "CANTO_USD",
      "m" : "4611686018429655502"
    }, {
      "d" : "1756439124417150168",
      "t" : 1756439124417,
      "tn" : 1756439124417150168,
      "q" : "4623",
      "p" : "0.0064891",
      "s" : "buy",
      "i" : "CANTO_USD",
      "m" : "4611686018429655501"
    }, {
      "d" : "1756439124397707071",
      "t" : 1756439124397,
      "tn" : 1756439124397707071,
      "q" : "24037",
      "p" : "0.0064891",
      "s" : "sell",
      "i" : "CANTO_USD",
      "m" : "4611686018429655500"
    }, {
      "d" : "1756438433511517148",
      "t" : 1756438433511,
      "tn" : 1756438433511517148,
      "q" : "4976",
      "p" : "0.0063791",
      "s" : "sell",
      "i" : "CANTO_USD",
      "m" : "4611686018429655499"
    }, {
      "d" : "1756436118911701979",
      "t" : 1756436118911,
      "tn" : 1756436118911701979,
      "q" : "442",
      "p" : "0.0065999",
      "s" : "sell",
      "i" : "CANTO_USD",
      "m" : "4611686018429655498"
    }, {
      "d" : "1756436112510331694",
      "t" : 1756436112510,
      "tn" : 1756436112510331694,
      "q" : "1166",
      "p" : "0.0065999",
      "s" : "buy",
      "i" : "CANTO_USD",
      "m" : "4611686018429655497"
    }, {
      "d" : "1756431029591443257",
      "t" : 1756431029591,
      "tn" : 1756431029591443257,
      "q" : "3114",
      "p" : "0.0066000",
      "s" : "buy",
      "i" : "CANTO_USD",
      "m" : "4611686018429655496"
    }, {
      "d" : "1756431029591441435",
      "t" : 1756431029591,
      "tn" : 1756431029591441435,
      "q" : "225",
      "p" : "0.0065753",
      "s" : "buy",
      "i" : "CANTO_USD",
      "m" : "4611686018429655495"
    }, {
      "d" : "1756431029591438784",
      "t" : 1756431029591,
      "tn" : 1756431029591438784,
      "q" : "225",
      "p" : "0.0064888",
      "s" : "buy",
      "i" : "CANTO_USD",
      "m" : "4611686018429655494"
    }, {
      "d" : "1756431029591435851",
      "t" : 1756431029591,
      "tn" : 1756431029591435851,
      "q" : "224",
      "p" : "0.0064022",
      "s" : "buy",
      "i" : "CANTO_USD",
      "m" : "4611686018429655493"
    }, {
      "d" : "1756430818378177624",
      "t" : 1756430818378,
      "tn" : 1756430818378177624,
      "q" : "228",
      "p" : "0.0063157",
      "s" : "buy",
      "i" : "CANTO_USD",
      "m" : "4611686018429655492"
    }, {
      "d" : "1756430472741816426",
      "t" : 1756430472741,
      "tn" : 1756430472741816426,
      "q" : "2219",
      "p" : "0.0062284",
      "s" : "sell",
      "i" : "CANTO_USD",
      "m" : "4611686018429655491"
    }, {
      "d" : "1756430263736528643",
      "t" : 1756430263736,
      "tn" : 1756430263736528643,
      "q" : "5785",
      "p" : "0.0063121",
      "s" : "buy",
      "i" : "CANTO_USD",
      "m" : "4611686018429655490"
    }, {
      "d" : "1756430263736526626",
      "t" : 1756430263736,
      "tn" : 1756430263736526626,
      "q" : "5206",
      "p" : "0.0063120",
      "s" : "buy",
      "i" : "CANTO_USD",
      "m" : "4611686018429655489"
    }, {
      "d" : "1756430263736523784",
      "t" : 1756430263736,
      "tn" : 1756430263736523784,
      "q" : "99",
      "p" : "0.0062293",
      "s" : "buy",
      "i" : "CANTO_USD",
      "m" : "4611686018429655488"
    }, {
      "d" : "1756430116650313056",
      "t" : 1756430116650,
      "tn" : 1756430116650313056,
      "q" : "8027",
      "p" : "0.0062293",
      "s" : "buy",
      "i" : "CANTO_USD",
      "m" : "4611686018429655487"
    }, {
      "d" : "1756430000407469904",
      "t" : 1756430000407,
      "tn" : 1756430000407469904,
      "q" : "14448",
      "p" : "0.0062293",
      "s" : "buy",
      "i" : "CANTO_USD",
      "m" : "4611686018429655486"
    }, {
      "d" : "1756429999287359040",
      "t" : 1756429999287,
      "tn" : 1756429999287359040,
      "q" : "228",
      "p" : "0.0062293",
      "s" : "sell",
      "i" : "CANTO_USD",
      "m" : "4611686018429655485"
    }, {
      "d" : "1756429914256345054",
      "t" : 1756429914256,
      "tn" : 1756429914256345054,
      "q" : "14995",
      "p" : "0.0062926",
      "s" : "sell",
      "i" : "CANTO_USD",
      "m" : "4611686018429655484"
    }, {
      "d" : "1756429914256343189",
      "t" : 1756429914256,
      "tn" : 1756429914256343189,
      "q" : "5535",
      "p" : "0.0062927",
      "s" : "sell",
      "i" : "CANTO_USD",
      "m" : "4611686018429655483"
    }, {
      "d" : "1756429914256340260",
      "t" : 1756429914256,
      "tn" : 1756429914256340260,
      "q" : "241",
      "p" : "0.0062960",
      "s" : "sell",
      "i" : "CANTO_USD",
      "m" : "4611686018429655482"
    }, {
      "d" : "1756429914256337508",
      "t" : 1756429914256,
      "tn" : 1756429914256337504,
      "q" : "225",
      "p" : "0.0063156",
      "s" : "sell",
      "i" : "CANTO_USD",
      "m" : "4611686018429655481"
    }, {
      "d" : "1756429914256337507",
      "t" : 1756429914256,
      "tn" : 1756429914256337504,
      "q" : "240",
      "p" : "0.0063156",
      "s" : "sell",
      "i" : "CANTO_USD",
      "m" : "4611686018429655481"
    }, {
      "d" : "1756429914256337506",
      "t" : 1756429914256,
      "tn" : 1756429914256337504,
      "q" : "225",
      "p" : "0.0063156",
      "s" : "sell",
      "i" : "CANTO_USD",
      "m" : "4611686018429655481"
    }, {
      "d" : "1756429914256337505",
      "t" : 1756429914256,
      "tn" : 1756429914256337504,
      "q" : "240",
      "p" : "0.0063156",
      "s" : "sell",
      "i" : "CANTO_USD",
      "m" : "4611686018429655481"
    }, {
      "d" : "1756429914256337504",
      "t" : 1756429914256,
      "tn" : 1756429914256337504,
      "q" : "225",
      "p" : "0.0063156",
      "s" : "sell",
      "i" : "CANTO_USD",
      "m" : "4611686018429655481"
    }, {
      "d" : "1756429914256329759",
      "t" : 1756429914256,
      "tn" : 1756429914256329759,
      "q" : "4817",
      "p" : "0.0063157",
      "s" : "sell",
      "i" : "CANTO_USD",
      "m" : "4611686018429655480"
    }, {
      "d" : "1756429873992950902",
      "t" : 1756429873992,
      "tn" : 1756429873992950902,
      "q" : "12062",
      "p" : "0.0066000",
      "s" : "buy",
      "i" : "CANTO_USD",
      "m" : "4611686018429655479"
    }, {
      "d" : "1756429873992949353",
      "t" : 1756429873992,
      "tn" : 1756429873992949353,
      "q" : "249",
      "p" : "0.0065918",
      "s" : "buy",
      "i" : "CANTO_USD",
      "m" : "4611686018429655478"
    }, {
      "d" : "1756429873992945226",
      "t" : 1756429873992,
      "tn" : 1756429873992945226,
      "q" : "218",
      "p" : "0.0065753",
      "s" : "buy",
      "i" : "CANTO_USD",
      "m" : "4611686018429655477"
    }, {
      "d" : "1756429873992942836",
      "t" : 1756429873992,
      "tn" : 1756429873992942836,
      "q" : "249",
      "p" : "0.0064932",
      "s" : "buy",
      "i" : "CANTO_USD",
      "m" : "4611686018429655476"
    }, {
      "d" : "1756429873992940166",
      "t" : 1756429873992,
      "tn" : 1756429873992940166,
      "q" : "222",
      "p" : "0.0064888",
      "s" : "buy",
      "i" : "CANTO_USD",
      "m" : "4611686018429655475"
    }, {
      "d" : "1756429873992937580",
      "t" : 1756429873992,
      "tn" : 1756429873992937580,
      "q" : "228",
      "p" : "0.0064022",
      "s" : "buy",
      "i" : "CANTO_USD",
      "m" : "4611686018429655474"
    }, {
      "d" : "1756429873992934387",
      "t" : 1756429873992,
      "tn" : 1756429873992934387,
      "q" : "249",
      "p" : "0.0063946",
      "s" : "buy",
      "i" : "CANTO_USD",
      "m" : "4611686018429655473"
    }, {
      "d" : "1756429873992930917",
      "t" : 1756429873992,
      "tn" : 1756429873992930917,
      "q" : "159",
      "p" : "0.0063157",
      "s" : "buy",
      "i" : "CANTO_USD",
      "m" : "4611686018429655472"
    }, {
      "d" : "1756429854791961047",
      "t" : 1756429854791,
      "tn" : 1756429854791961047,
      "q" : "71",
      "p" : "0.0063157",
      "s" : "buy",
      "i" : "CANTO_USD",
      "m" : "4611686018429655471"
    }, {
      "d" : "1756429854791958843",
      "t" : 1756429854791,
      "tn" : 1756429854791958843,
      "q" : "11012",
      "p" : "0.0063090",
      "s" : "buy",
      "i" : "CANTO_USD",
      "m" : "4611686018429655470"
    }, {
      "d" : "1756429853896207586",
      "t" : 1756429853896,
      "tn" : 1756429853896207586,
      "q" : "4631",
      "p" : "0.0063090",
      "s" : "buy",
      "i" : "CANTO_USD",
      "m" : "4611686018429655469"
    }, {
      "d" : "1756429850508848016",
      "t" : 1756429850508,
      "tn" : 1756429850508848016,
      "q" : "5715",
      "p" : "0.0063089",
      "s" : "buy",
      "i" : "CANTO_USD",
      "m" : "4611686018429655468"
    }, {
      "d" : "1756429850508846346",
      "t" : 1756429850508,
      "tn" : 1756429850508846346,
      "q" : "249",
      "p" : "0.0062960",
      "s" : "buy",
      "i" : "CANTO_USD",
      "m" : "4611686018429655467"
    }, {
      "d" : "1756429850508843692",
      "t" : 1756429850508,
      "tn" : 1756429850508843692,
      "q" : "230",
      "p" : "0.0062293",
      "s" : "buy",
      "i" : "CANTO_USD",
      "m" : "4611686018429655466"
    }, {
      "d" : "1756429850508840162",
      "t" : 1756429850508,
      "tn" : 1756429850508840162,
      "q" : "249",
      "p" : "0.0061973",
      "s" : "buy",
      "i" : "CANTO_USD",
      "m" : "4611686018429655465"
    }, {
      "d" : "1756423656801472163",
      "t" : 1756423656801,
      "tn" : 1756423656801472163,
      "q" : "19",
      "p" : "0.0061797",
      "s" : "buy",
      "i" : "CANTO_USD",
      "m" : "4611686018429655464"
    }, {
      "d" : "1756423656801469979",
      "t" : 1756423656801,
      "tn" : 1756423656801469979,
      "q" : "235",
      "p" : "0.0061428",
      "s" : "buy",
      "i" : "CANTO_USD",
      "m" : "4611686018429655463"
    }, {
      "d" : "1756423656801467785",
      "t" : 1756423656801,
      "tn" : 1756423656801467785,
      "q" : "252",
      "p" : "0.0060987",
      "s" : "buy",
      "i" : "CANTO_USD",
      "m" : "4611686018429655462"
    }, {
      "d" : "1756423656801465528",
      "t" : 1756423656801,
      "tn" : 1756423656801465528,
      "q" : "238",
      "p" : "0.0060562",
      "s" : "buy",
      "i" : "CANTO_USD",
      "m" : "4611686018429655461"
    }, {
      "d" : "1756423656801462326",
      "t" : 1756423656801,
      "tn" : 1756423656801462326,
      "q" : "256",
      "p" : "0.0060001",
      "s" : "buy",
      "i" : "CANTO_USD",
      "m" : "4611686018429655460"
    }, {
      "d" : "1756407758964612520",
      "t" : 1756407758964,
      "tn" : 1756407758964612520,
      "q" : "8091",
      "p" : "0.0060000",
      "s" : "buy",
      "i" : "CANTO_USD",
      "m" : "4611686018429655459"
    }, {
      "d" : "1756407758964610067",
      "t" : 1756407758964,
      "tn" : 1756407758964610067,
      "q" : "242",
      "p" : "0.0059697",
      "s" : "buy",
      "i" : "CANTO_USD",
      "m" : "4611686018429655458"
    }, {
      "d" : "1756399664801813851",
      "t" : 1756399664801,
      "tn" : 1756399664801813851,
      "q" : "11351",
      "p" : "0.0058149",
      "s" : "sell",
      "i" : "CANTO_USD",
      "m" : "4611686018429655457"
    }, {
      "d" : "1756399664801812327",
      "t" : 1756399664801,
      "tn" : 1756399664801812327,
      "q" : "16434",
      "p" : "0.0058150",
      "s" : "sell",
      "i" : "CANTO_USD",
      "m" : "4611686018429655456"
    }, {
      "d" : "1756399664801807728",
      "t" : 1756399664801,
      "tn" : 1756399664801807728,
      "q" : "242",
      "p" : "0.0058833",
      "s" : "sell",
      "i" : "CANTO_USD",
      "m" : "4611686018429655455"
    }, {
      "d" : "1756399664801805356",
      "t" : 1756399664801,
      "tn" : 1756399664801805356,
      "q" : "257",
      "p" : "0.0059015",
      "s" : "sell",
      "i" : "CANTO_USD",
      "m" : "4611686018429655454"
    }, {
      "d" : "1756399664801802178",
      "t" : 1756399664801,
      "tn" : 1756399664801802178,
      "q" : "238",
      "p" : "0.0059696",
      "s" : "sell",
      "i" : "CANTO_USD",
      "m" : "4611686018429655453"
    }, {
      "d" : "1756399664801799207",
      "t" : 1756399664801,
      "tn" : 1756399664801799207,
      "q" : "1571",
      "p" : "0.0059697",
      "s" : "sell",
      "i" : "CANTO_USD",
      "m" : "4611686018429655452"
    }, {
      "d" : "1756392038650447841",
      "t" : 1756392038650,
      "tn" : 1756392038650447841,
      "q" : "4188",
      "p" : "0.0059697",
      "s" : "sell",
      "i" : "CANTO_USD",
      "m" : "4611686018429655451"
    }, {
      "d" : "1756392012397733145",
      "t" : 1756392012397,
      "tn" : 1756392012397733145,
      "q" : "1228",
      "p" : "0.0059880",
      "s" : "sell",
      "i" : "CANTO_USD",
      "m" : "4611686018429655450"
    }, {
      "d" : "1756392012397731128",
      "t" : 1756392012397,
      "tn" : 1756392012397731128,
      "q" : "5405",
      "p" : "0.0059881",
      "s" : "sell",
      "i" : "CANTO_USD",
      "m" : "4611686018429655449"
    }, {
      "d" : "1756387481429226924",
      "t" : 1756387481429,
      "tn" : 1756387481429226924,
      "q" : "31923",
      "p" : "0.0060077",
      "s" : "buy",
      "i" : "CANTO_USD",
      "m" : "4611686018429655448"
    }, {
      "d" : "1756385818384896876",
      "t" : 1756385818384,
      "tn" : 1756385818384896876,
      "q" : "3182",
      "p" : "0.0060985",
      "s" : "buy",
      "i" : "CANTO_USD",
      "m" : "4611686018429655447"
    }, {
      "d" : "1756385818384895108",
      "t" : 1756385818384,
      "tn" : 1756385818384895108,
      "q" : "240",
      "p" : "0.0060562",
      "s" : "buy",
      "i" : "CANTO_USD",
      "m" : "4611686018429655446"
    }, {
      "d" : "1756385818384892068",
      "t" : 1756385818384,
      "tn" : 1756385818384892068,
      "q" : "7799",
      "p" : "0.0060561",
      "s" : "buy",
      "i" : "CANTO_USD",
      "m" : "4611686018429655445"
    }, {
      "d" : "1756385818384888766",
      "t" : 1756385818384,
      "tn" : 1756385818384888766,
      "q" : "257",
      "p" : "0.0060001",
      "s" : "buy",
      "i" : "CANTO_USD",
      "m" : "4611686018429655444"
    }, {
      "d" : "1756385042004457838",
      "t" : 1756385042004,
      "tn" : 1756385042004457838,
      "q" : "1500",
      "p" : "0.0059697",
      "s" : "sell",
      "i" : "CANTO_USD",
      "m" : "4611686018429655443"
    }, {
      "d" : "1756384504491259582",
      "t" : 1756384504491,
      "tn" : 1756384504491259582,
      "q" : "241",
      "p" : "0.0059697",
      "s" : "buy",
      "i" : "CANTO_USD",
      "m" : "4611686018429655442"
    }, {
      "d" : "1756375560204685299",
      "t" : 1756375560204,
      "tn" : 1756375560204685299,
      "q" : "242",
      "p" : "0.0058833",
      "s" : "sell",
      "i" : "CANTO_USD",
      "m" : "4611686018429655441"
    }, {
      "d" : "1756375560204680606",
      "t" : 1756375560204,
      "tn" : 1756375560204680606,
      "q" : "164",
      "p" : "0.0058999",
      "s" : "sell",
      "i" : "CANTO_USD",
      "m" : "4611686018429655440"
    }, {
      "d" : "1756375560165766961",
      "t" : 1756375560165,
      "tn" : 1756375560165766960,
      "q" : "77",
      "p" : "0.0058999",
      "s" : "sell",
      "i" : "CANTO_USD",
      "m" : "4611686018429655439"
    }, {
      "d" : "1756375560165766960",
      "t" : 1756375560165,
      "tn" : 1756375560165766960,
      "q" : "257",
      "p" : "0.0058999",
      "s" : "sell",
      "i" : "CANTO_USD",
      "m" : "4611686018429655439"
    }, {
      "d" : "1756375560165763765",
      "t" : 1756375560165,
      "tn" : 1756375560165763765,
      "q" : "23703",
      "p" : "0.0059000",
      "s" : "sell",
      "i" : "CANTO_USD",
      "m" : "4611686018429655438"
    }, {
      "d" : "1756375560165754964",
      "t" : 1756375560165,
      "tn" : 1756375560165754964,
      "q" : "26844",
      "p" : "0.0059000",
      "s" : "sell",
      "i" : "CANTO_USD",
      "m" : "4611686018429655437"
    }, {
      "d" : "1756375357682201112",
      "t" : 1756375357682,
      "tn" : 1756375357682201112,
      "q" : "14007",
      "p" : "0.0059002",
      "s" : "sell",
      "i" : "CANTO_USD",
      "m" : "4611686018429655436"
    }, {
      "d" : "1756375357682198602",
      "t" : 1756375357682,
      "tn" : 1756375357682198602,
      "q" : "346",
      "p" : "0.0060562",
      "s" : "sell",
      "i" : "CANTO_USD",
      "m" : "4611686018429655435"
    }, {
      "d" : "1756374941288032159",
      "t" : 1756374941288,
      "tn" : 1756374941288032159,
      "q" : "2511",
      "p" : "0.0060562",
      "s" : "sell",
      "i" : "CANTO_USD",
      "m" : "4611686018429655434"
    }, {
      "d" : "1756374941288029571",
      "t" : 1756374941288,
      "tn" : 1756374941288029571,
      "q" : "4094",
      "p" : "0.0060563",
      "s" : "sell",
      "i" : "CANTO_USD",
      "m" : "4611686018429655433"
    }, {
      "d" : "1756374920885076805",
      "t" : 1756374920885,
      "tn" : 1756374920885076805,
      "q" : "6605",
      "p" : "0.0060562",
      "s" : "sell",
      "i" : "CANTO_USD",
      "m" : "4611686018429655432"
    }, {
      "d" : "1756374920862383361",
      "t" : 1756374920862,
      "tn" : 1756374920862383361,
      "q" : "13210",
      "p" : "0.0060562",
      "s" : "sell",
      "i" : "CANTO_USD",
      "m" : "4611686018429655431"
    }, {
      "d" : "1756374920001263706",
      "t" : 1756374920001,
      "tn" : 1756374920001263706,
      "q" : "241",
      "p" : "0.0060562",
      "s" : "buy",
      "i" : "CANTO_USD",
      "m" : "4611686018429655430"
    }, {
      "d" : "1756374481144951183",
      "t" : 1756374481144,
      "tn" : 1756374481144951183,
      "q" : "4237",
      "p" : "0.0059000",
      "s" : "sell",
      "i" : "CANTO_USD",
      "m" : "4611686018429655429"
    } ]
  }
}