{
  "id" : -1,
  "method" : "public/get-trades",
  "code" : 0,
  "result" : {
    "data" : [ {
      "d" : "1756460414431014738",
      "t" : 1756460414431,
      "tn" : 1756460414431014738,
      "q" : "97.2",
      "p" : "0.10709",
      "s" : "sell",
      "i" : "CATI_USD",
      "m" : "4611686018428678104"
    }, {
      "d" : "1756460409138328817",
      "t" : 1756460409138,
      "tn" : 1756460409138328817,
      "q" : "95.7",
      "p" : "0.10699",
      "s" : "sell",
      "i" : "CATI_USD",
      "m" : "4611686018428678103"
    }, {
      "d" : "1756459972586581634",
      "t" : 1756459972586,
      "tn" : 1756459972586581634,
      "q" : "98.7",
      "p" : "0.10695",
      "s" : "buy",
      "i" : "CATI_USD",
      "m" : "4611686018428678102"
    }, {
      "d" : "1756459878203896410",
      "t" : 1756459878203,
      "tn" : 1756459878203896410,
      "q" : "96.5",
      "p" : "0.10715",
      "s" : "sell",
      "i" : "CATI_USD",
      "m" : "4611686018428678101"
    }, {
      "d" : "1756459272992937505",
      "t" : 1756459272992,
      "tn" : 1756459272992937505,
      "q" : "95.6",
      "p" : "0.10631",
      "s" : "sell",
      "i" : "CATI_USD",
      "m" : "4611686018428678100"
    }, {
      "d" : "1756459046494847783",
      "t" : 1756459046494,
      "tn" : 1756459046494847783,
      "q" : "96.4",
      "p" : "0.10632",
      "s" : "sell",
      "i" : "CATI_USD",
      "m" : "4611686018428678099"
    }, {
      "d" : "1756458852014904168",
      "t" : 1756458852014,
      "tn" : 1756458852014904168,
      "q" : "98.4",
      "p" : "0.10653",
      "s" : "sell",
      "i" : "CATI_USD",
      "m" : "4611686018428678098"
    }, {
      "d" : "1756458718238247920",
      "t" : 1756458718238,
      "tn" : 1756458718238247920,
      "q" : "97.7",
      "p" : "0.10703",
      "s" : "sell",
      "i" : "CATI_USD",
      "m" : "4611686018428678097"
    }, {
      "d" : "1756458715890845396",
      "t" : 1756458715890,
      "tn" : 1756458715890845396,
      "q" : "98.1",
      "p" : "0.10710",
      "s" : "sell",
      "i" : "CATI_USD",
      "m" : "4611686018428678096"
    }, {
      "d" : "1756458715651375320",
      "t" : 1756458715651,
      "tn" : 1756458715651375320,
      "q" : "1000.0",
      "p" : "0.10702",
      "s" : "buy",
      "i" : "CATI_USD",
      "m" : "4611686018428678095"
    }, {
      "d" : "1756458715651371312",
      "t" : 1756458715651,
      "tn" : 1756458715651371312,
      "q" : "1570.9",
      "p" : "0.10701",
      "s" : "buy",
      "i" : "CATI_USD",
      "m" : "4611686018428678094"
    }, {
      "d" : "1756458676750845402",
      "t" : 1756458676750,
      "tn" : 1756458676750845402,
      "q" : "99.3",
      "p" : "0.10673",
      "s" : "sell",
      "i" : "CATI_USD",
      "m" : "4611686018428678093"
    }, {
      "d" : "1756458663687902028",
      "t" : 1756458663687,
      "tn" : 1756458663687902028,
      "q" : "2000.0",
      "p" : "0.10665",
      "s" : "buy",
      "i" : "CATI_USD",
      "m" : "4611686018428678092"
    }, {
      "d" : "1756458663687660994",
      "t" : 1756458663687,
      "tn" : 1756458663687660994,
      "q" : "2903.6",
      "p" : "0.10664",
      "s" : "buy",
      "i" : "CATI_USD",
      "m" : "4611686018428678091"
    }, {
      "d" : "1756458603901273215",
      "t" : 1756458603901,
      "tn" : 1756458603901273215,
      "q" : "98.1",
      "p" : "0.10661",
      "s" : "sell",
      "i" : "CATI_USD",
      "m" : "4611686018428678090"
    }, {
      "d" : "1756458549568547584",
      "t" : 1756458549568,
      "tn" : 1756458549568547584,
      "q" : "95.0",
      "p" : "0.10680",
      "s" : "sell",
      "i" : "CATI_USD",
      "m" : "4611686018428678089"
    }, {
      "d" : "1756458549406160584",
      "t" : 1756458549406,
      "tn" : 1756458549406160584,
      "q" : "96.3",
      "p" : "0.10682",
      "s" : "sell",
      "i" : "CATI_USD",
      "m" : "4611686018428678088"
    }, {
      "d" : "1756458549303438512",
      "t" : 1756458549303,
      "tn" : 1756458549303438512,
      "q" : "99.0",
      "p" : "0.10683",
      "s" : "sell",
      "i" : "CATI_USD",
      "m" : "4611686018428678087"
    }, {
      "d" : "1756458525861280434",
      "t" : 1756458525861,
      "tn" : 1756458525861280434,
      "q" : "99.0",
      "p" : "0.10670",
      "s" : "sell",
      "i" : "CATI_USD",
      "m" : "4611686018428678086"
    }, {
      "d" : "1756458486297238229",
      "t" : 1756458486297,
      "tn" : 1756458486297238229,
      "q" : "98.0",
      "p" : "0.10703",
      "s" : "sell",
      "i" : "CATI_USD",
      "m" : "4611686018428678085"
    }, {
      "d" : "1756458483443077760",
      "t" : 1756458483443,
      "tn" : 1756458483443077760,
      "q" : "96.9",
      "p" : "0.10706",
      "s" : "sell",
      "i" : "CATI_USD",
      "m" : "4611686018428678084"
    }, {
      "d" : "1756458478629613453",
      "t" : 1756458478629,
      "tn" : 1756458478629613453,
      "q" : "97.7",
      "p" : "0.10695",
      "s" : "sell",
      "i" : "CATI_USD",
      "m" : "4611686018428678083"
    }, {
      "d" : "1756458472696781167",
      "t" : 1756458472696,
      "tn" : 1756458472696781167,
      "q" : "99.1",
      "p" : "0.10698",
      "s" : "sell",
      "i" : "CATI_USD",
      "m" : "4611686018428678082"
    }, {
      "d" : "1756458472623640404",
      "t" : 1756458472623,
      "tn" : 1756458472623640404,
      "q" : "99.6",
      "p" : "0.10699",
      "s" : "sell",
      "i" : "CATI_USD",
      "m" : "4611686018428678081"
    }, {
      "d" : "1756458472406871754",
      "t" : 1756458472406,
      "tn" : 1756458472406871754,
      "q" : "99.7",
      "p" : "0.10699",
      "s" : "sell",
      "i" : "CATI_USD",
      "m" : "4611686018428678080"
    }, {
      "d" : "1756458471764257462",
      "t" : 1756458471764,
      "tn" : 1756458471764257462,
      "q" : "99.5",
      "p" : "0.10700",
      "s" : "sell",
      "i" : "CATI_USD",
      "m" : "4611686018428678079"
    }, {
      "d" : "1756458424900128472",
      "t" : 1756458424900,
      "tn" : 1756458424900128472,
      "q" : "98.5",
      "p" : "0.10684",
      "s" : "sell",
      "i" : "CATI_USD",
      "m" : "4611686018428678078"
    }, {
      "d" : "1756458424082327443",
      "t" : 1756458424082,
      "tn" : 1756458424082327443,
      "q" : "96.7",
      "p" : "0.10686",
      "s" : "sell",
      "i" : "CATI_USD",
      "m" : "4611686018428678077"
    }, {
      "d" : "1756458387972786869",
      "t" : 1756458387972,
      "tn" : 1756458387972786869,
      "q" : "97.5",
      "p" : "0.10694",
      "s" : "sell",
      "i" : "CATI_USD",
      "m" : "4611686018428678076"
    }, {
      "d" : "1756458384201770063",
      "t" : 1756458384201,
      "tn" : 1756458384201770063,
      "q" : "95.8",
      "p" : "0.10696",
      "s" : "sell",
      "i" : "CATI_USD",
      "m" : "4611686018428678075"
    }, {
      "d" : "1756458384166985183",
      "t" : 1756458384166,
      "tn" : 1756458384166985183,
      "q" : "96.3",
      "p" : "0.10696",
      "s" : "sell",
      "i" : "CATI_USD",
      "m" : "4611686018428678074"
    }, {
      "d" : "1756458249317378148",
      "t" : 1756458249317,
      "tn" : 1756458249317378148,
      "q" : "99.4",
      "p" : "0.10732",
      "s" : "sell",
      "i" : "CATI_USD",
      "m" : "4611686018428678073"
    }, {
      "d" : "1756458159631285595",
      "t" : 1756458159631,
      "tn" : 1756458159631285595,
      "q" : "99.8",
      "p" : "0.10732",
      "s" : "sell",
      "i" : "CATI_USD",
      "m" : "4611686018428678072"
    }, {
      "d" : "1756458101145649636",
      "t" : 1756458101145,
      "tn" : 1756458101145649636,
      "q" : "99.1",
      "p" : "0.10771",
      "s" : "buy",
      "i" : "CATI_USD",
      "m" : "4611686018428678071"
    }, {
      "d" : "1756458000329200090",
      "t" : 1756458000329,
      "tn" : 1756458000329200090,
      "q" : "98.2",
      "p" : "0.10779",
      "s" : "sell",
      "i" : "CATI_USD",
      "m" : "4611686018428678070"
    }, {
      "d" : "1756457979507837293",
      "t" : 1756457979507,
      "tn" : 1756457979507837293,
      "q" : "97.7",
      "p" : "0.10788",
      "s" : "sell",
      "i" : "CATI_USD",
      "m" : "4611686018428678069"
    }, {
      "d" : "1756457952698611301",
      "t" : 1756457952698,
      "tn" : 1756457952698611301,
      "q" : "95.4",
      "p" : "0.10787",
      "s" : "sell",
      "i" : "CATI_USD",
      "m" : "4611686018428678068"
    }, {
      "d" : "1756457952689244415",
      "t" : 1756457952689,
      "tn" : 1756457952689244415,
      "q" : "98.3",
      "p" : "0.10789",
      "s" : "sell",
      "i" : "CATI_USD",
      "m" : "4611686018428678067"
    }, {
      "d" : "1756457910961893072",
      "t" : 1756457910961,
      "tn" : 1756457910961893072,
      "q" : "99.6",
      "p" : "0.10813",
      "s" : "sell",
      "i" : "CATI_USD",
      "m" : "4611686018428678066"
    }, {
      "d" : "1756457889303717025",
      "t" : 1756457889303,
      "tn" : 1756457889303717025,
      "q" : "98.1",
      "p" : "0.10791",
      "s" : "sell",
      "i" : "CATI_USD",
      "m" : "4611686018428678065"
    }, {
      "d" : "1756457889261750618",
      "t" : 1756457889261,
      "tn" : 1756457889261750618,
      "q" : "99.4",
      "p" : "0.10793",
      "s" : "sell",
      "i" : "CATI_USD",
      "m" : "4611686018428678064"
    }, {
      "d" : "1756457887762734041",
      "t" : 1756457887762,
      "tn" : 1756457887762734041,
      "q" : "96.6",
      "p" : "0.10794",
      "s" : "sell",
      "i" : "CATI_USD",
      "m" : "4611686018428678063"
    }, {
      "d" : "1756457887417778876",
      "t" : 1756457887417,
      "tn" : 1756457887417778876,
      "q" : "95.2",
      "p" : "0.10816",
      "s" : "sell",
      "i" : "CATI_USD",
      "m" : "4611686018428678062"
    }, {
      "d" : "1756457887209224893",
      "t" : 1756457887209,
      "tn" : 1756457887209224893,
      "q" : "827.4",
      "p" : "0.10816",
      "s" : "buy",
      "i" : "CATI_USD",
      "m" : "4611686018428678061"
    }, {
      "d" : "1756457887209223269",
      "t" : 1756457887209,
      "tn" : 1756457887209223269,
      "q" : "97.5",
      "p" : "0.10792",
      "s" : "buy",
      "i" : "CATI_USD",
      "m" : "4611686018428678060"
    }, {
      "d" : "1756457887203957394",
      "t" : 1756457887203,
      "tn" : 1756457887203957394,
      "q" : "99.3",
      "p" : "0.10792",
      "s" : "buy",
      "i" : "CATI_USD",
      "m" : "4611686018428678059"
    }, {
      "d" : "1756457883252375668",
      "t" : 1756457883252,
      "tn" : 1756457883252375668,
      "q" : "96.5",
      "p" : "0.10783",
      "s" : "sell",
      "i" : "CATI_USD",
      "m" : "4611686018428678058"
    }, {
      "d" : "1756457883142731854",
      "t" : 1756457883142,
      "tn" : 1756457883142731854,
      "q" : "98.2",
      "p" : "0.10785",
      "s" : "sell",
      "i" : "CATI_USD",
      "m" : "4611686018428678057"
    }, {
      "d" : "1756457882183728452",
      "t" : 1756457882183,
      "tn" : 1756457882183728452,
      "q" : "97.5",
      "p" : "0.10786",
      "s" : "sell",
      "i" : "CATI_USD",
      "m" : "4611686018428678056"
    }, {
      "d" : "1756457881937682677",
      "t" : 1756457881937,
      "tn" : 1756457881937682677,
      "q" : "97.9",
      "p" : "0.10787",
      "s" : "sell",
      "i" : "CATI_USD",
      "m" : "4611686018428678055"
    }, {
      "d" : "1756457881933858262",
      "t" : 1756457881933,
      "tn" : 1756457881933858262,
      "q" : "99.3",
      "p" : "0.10788",
      "s" : "sell",
      "i" : "CATI_USD",
      "m" : "4611686018428678054"
    }, {
      "d" : "1756457881470581349",
      "t" : 1756457881470,
      "tn" : 1756457881470581349,
      "q" : "97.2",
      "p" : "0.10788",
      "s" : "sell",
      "i" : "CATI_USD",
      "m" : "4611686018428678053"
    }, {
      "d" : "1756457829476754889",
      "t" : 1756457829476,
      "tn" : 1756457829476754889,
      "q" : "96.4",
      "p" : "0.10745",
      "s" : "sell",
      "i" : "CATI_USD",
      "m" : "4611686018428678052"
    }, {
      "d" : "1756457769543507489",
      "t" : 1756457769543,
      "tn" : 1756457769543507489,
      "q" : "98.9",
      "p" : "0.10727",
      "s" : "buy",
      "i" : "CATI_USD",
      "m" : "4611686018428678051"
    }, {
      "d" : "1756457736584955128",
      "t" : 1756457736584,
      "tn" : 1756457736584955128,
      "q" : "96.5",
      "p" : "0.10733",
      "s" : "sell",
      "i" : "CATI_USD",
      "m" : "4611686018428678050"
    }, {
      "d" : "1756457622129750564",
      "t" : 1756457622129,
      "tn" : 1756457622129750564,
      "q" : "97.6",
      "p" : "0.10803",
      "s" : "sell",
      "i" : "CATI_USD",
      "m" : "4611686018428678049"
    }, {
      "d" : "1756457589336822772",
      "t" : 1756457589336,
      "tn" : 1756457589336822772,
      "q" : "96.2",
      "p" : "0.10783",
      "s" : "sell",
      "i" : "CATI_USD",
      "m" : "4611686018428678048"
    }, {
      "d" : "1756457572598324744",
      "t" : 1756457572598,
      "tn" : 1756457572598324744,
      "q" : "96.2",
      "p" : "0.10783",
      "s" : "sell",
      "i" : "CATI_USD",
      "m" : "4611686018428678047"
    }, {
      "d" : "1756457570770967109",
      "t" : 1756457570770,
      "tn" : 1756457570770967109,
      "q" : "98.6",
      "p" : "0.10785",
      "s" : "sell",
      "i" : "CATI_USD",
      "m" : "4611686018428678046"
    }, {
      "d" : "1756457545734193165",
      "t" : 1756457545734,
      "tn" : 1756457545734193165,
      "q" : "98.1",
      "p" : "0.10757",
      "s" : "buy",
      "i" : "CATI_USD",
      "m" : "4611686018428678045"
    }, {
      "d" : "1756457540804320646",
      "t" : 1756457540804,
      "tn" : 1756457540804320646,
      "q" : "98.9",
      "p" : "0.10763",
      "s" : "sell",
      "i" : "CATI_USD",
      "m" : "4611686018428678044"
    }, {
      "d" : "1756457471152354125",
      "t" : 1756457471152,
      "tn" : 1756457471152354125,
      "q" : "98.0",
      "p" : "0.10759",
      "s" : "buy",
      "i" : "CATI_USD",
      "m" : "4611686018428678043"
    }, {
      "d" : "1756457395395599898",
      "t" : 1756457395395,
      "tn" : 1756457395395599898,
      "q" : "95.2",
      "p" : "0.10724",
      "s" : "sell",
      "i" : "CATI_USD",
      "m" : "4611686018428678042"
    }, {
      "d" : "1756457358988207618",
      "t" : 1756457358988,
      "tn" : 1756457358988207618,
      "q" : "97.1",
      "p" : "0.10711",
      "s" : "sell",
      "i" : "CATI_USD",
      "m" : "4611686018428678041"
    }, {
      "d" : "1756457301848249522",
      "t" : 1756457301848,
      "tn" : 1756457301848249522,
      "q" : "98.9",
      "p" : "0.10702",
      "s" : "sell",
      "i" : "CATI_USD",
      "m" : "4611686018428678040"
    }, {
      "d" : "1756457209007206266",
      "t" : 1756457209007,
      "tn" : 1756457209007206266,
      "q" : "97.3",
      "p" : "0.10706",
      "s" : "buy",
      "i" : "CATI_USD",
      "m" : "4611686018428678039"
    }, {
      "d" : "1756456794931374646",
      "t" : 1756456794931,
      "tn" : 1756456794931374646,
      "q" : "95.0",
      "p" : "0.10682",
      "s" : "buy",
      "i" : "CATI_USD",
      "m" : "4611686018428678038"
    }, {
      "d" : "1756456725370215795",
      "t" : 1756456725370,
      "tn" : 1756456725370215795,
      "q" : "1200.0",
      "p" : "0.10654",
      "s" : "buy",
      "i" : "CATI_USD",
      "m" : "4611686018428678037"
    }, {
      "d" : "1756456688295537105",
      "t" : 1756456688295,
      "tn" : 1756456688295537105,
      "q" : "98.9",
      "p" : "0.10630",
      "s" : "sell",
      "i" : "CATI_USD",
      "m" : "4611686018428678036"
    }, {
      "d" : "1756456623477389901",
      "t" : 1756456623477,
      "tn" : 1756456623477389901,
      "q" : "694.3",
      "p" : "0.10606",
      "s" : "buy",
      "i" : "CATI_USD",
      "m" : "4611686018428678035"
    }, {
      "d" : "1756456623477366927",
      "t" : 1756456623477,
      "tn" : 1756456623477366927,
      "q" : "405.7",
      "p" : "0.10606",
      "s" : "buy",
      "i" : "CATI_USD",
      "m" : "4611686018428678034"
    }, {
      "d" : "1756456602571613372",
      "t" : 1756456602571,
      "tn" : 1756456602571613372,
      "q" : "95.8",
      "p" : "0.10587",
      "s" : "buy",
      "i" : "CATI_USD",
      "m" : "4611686018428678033"
    }, {
      "d" : "1756456553592554184",
      "t" : 1756456553592,
      "tn" : 1756456553592554184,
      "q" : "164.7",
      "p" : "0.10605",
      "s" : "buy",
      "i" : "CATI_USD",
      "m" : "4611686018428678032"
    }, {
      "d" : "1756456553592533204",
      "t" : 1756456553592,
      "tn" : 1756456553592533204,
      "q" : "835.3",
      "p" : "0.10605",
      "s" : "buy",
      "i" : "CATI_USD",
      "m" : "4611686018428678031"
    }, {
      "d" : "1756456536341150359",
      "t" : 1756456536341,
      "tn" : 1756456536341150359,
      "q" : "364.7",
      "p" : "0.10588",
      "s" : "buy",
      "i" : "CATI_USD",
      "m" : "4611686018428678030"
    }, {
      "d" : "1756456536341145909",
      "t" : 1756456536341,
      "tn" : 1756456536341145909,
      "q" : "835.3",
      "p" : "0.10588",
      "s" : "buy",
      "i" : "CATI_USD",
      "m" : "4611686018428678029"
    }, {
      "d" : "1756456522067604144",
      "t" : 1756456522067,
      "tn" : 1756456522067604144,
      "q" : "1375.0",
      "p" : "0.10588",
      "s" : "buy",
      "i" : "CATI_USD",
      "m" : "4611686018428678028"
    }, {
      "d" : "1756456522067599048",
      "t" : 1756456522067,
      "tn" : 1756456522067599048,
      "q" : "125.0",
      "p" : "0.10588",
      "s" : "buy",
      "i" : "CATI_USD",
      "m" : "4611686018428678027"
    }, {
      "d" : "1756456497404842494",
      "t" : 1756456497404,
      "tn" : 1756456497404842494,
      "q" : "1107.0",
      "p" : "0.10584",
      "s" : "sell",
      "i" : "CATI_USD",
      "m" : "4611686018428678026"
    }, {
      "d" : "1756456483850975838",
      "t" : 1756456483850,
      "tn" : 1756456483850975838,
      "q" : "167.0",
      "p" : "0.10627",
      "s" : "sell",
      "i" : "CATI_USD",
      "m" : "4611686018428678025"
    }, {
      "d" : "1756456483752895905",
      "t" : 1756456483752,
      "tn" : 1756456483752895905,
      "q" : "97.8",
      "p" : "0.10627",
      "s" : "sell",
      "i" : "CATI_USD",
      "m" : "4611686018428678024"
    }, {
      "d" : "1756456483746451688",
      "t" : 1756456483746,
      "tn" : 1756456483746451688,
      "q" : "96.4",
      "p" : "0.10662",
      "s" : "sell",
      "i" : "CATI_USD",
      "m" : "4611686018428678023"
    }, {
      "d" : "1756456483746028926",
      "t" : 1756456483746,
      "tn" : 1756456483746028926,
      "q" : "2664.5",
      "p" : "0.10672",
      "s" : "sell",
      "i" : "CATI_USD",
      "m" : "4611686018428678022"
    }, {
      "d" : "1756456483745175011",
      "t" : 1756456483745,
      "tn" : 1756456483745175011,
      "q" : "535.5",
      "p" : "0.10672",
      "s" : "sell",
      "i" : "CATI_USD",
      "m" : "4611686018428678021"
    }, {
      "d" : "1756456483745173332",
      "t" : 1756456483745,
      "tn" : 1756456483745173332,
      "q" : "1738.0",
      "p" : "0.10673",
      "s" : "sell",
      "i" : "CATI_USD",
      "m" : "4611686018428678020"
    }, {
      "d" : "1756456483744158260",
      "t" : 1756456483744,
      "tn" : 1756456483744158260,
      "q" : "2829.2",
      "p" : "0.10673",
      "s" : "sell",
      "i" : "CATI_USD",
      "m" : "4611686018428678019"
    }, {
      "d" : "1756456457997321454",
      "t" : 1756456457997,
      "tn" : 1756456457997321454,
      "q" : "96.4",
      "p" : "0.10619",
      "s" : "buy",
      "i" : "CATI_USD",
      "m" : "4611686018428678018"
    }, {
      "d" : "1756456457993985487",
      "t" : 1756456457993,
      "tn" : 1756456457993985487,
      "q" : "99.9",
      "p" : "0.10592",
      "s" : "buy",
      "i" : "CATI_USD",
      "m" : "4611686018428678017"
    }, {
      "d" : "1756456447899154108",
      "t" : 1756456447899,
      "tn" : 1756456447899154108,
      "q" : "99.8",
      "p" : "0.10609",
      "s" : "sell",
      "i" : "CATI_USD",
      "m" : "4611686018428678016"
    }, {
      "d" : "1756456352954711689",
      "t" : 1756456352954,
      "tn" : 1756456352954711689,
      "q" : "99.0",
      "p" : "0.10655",
      "s" : "sell",
      "i" : "CATI_USD",
      "m" : "4611686018428678015"
    }, {
      "d" : "1756456145506541744",
      "t" : 1756456145506,
      "tn" : 1756456145506541744,
      "q" : "96.6",
      "p" : "0.10626",
      "s" : "sell",
      "i" : "CATI_USD",
      "m" : "4611686018428678014"
    }, {
      "d" : "1756455951762288876",
      "t" : 1756455951762,
      "tn" : 1756455951762288876,
      "q" : "96.6",
      "p" : "0.10689",
      "s" : "sell",
      "i" : "CATI_USD",
      "m" : "4611686018428678013"
    }, {
      "d" : "1756455904896247105",
      "t" : 1756455904896,
      "tn" : 1756455904896247105,
      "q" : "95.7",
      "p" : "0.10689",
      "s" : "sell",
      "i" : "CATI_USD",
      "m" : "4611686018428678012"
    }, {
      "d" : "1756455843433339492",
      "t" : 1756455843433,
      "tn" : 1756455843433339492,
      "q" : "98.1",
      "p" : "0.10736",
      "s" : "sell",
      "i" : "CATI_USD",
      "m" : "4611686018428678011"
    }, {
      "d" : "1756455780344307773",
      "t" : 1756455780344,
      "tn" : 1756455780344307773,
      "q" : "99.7",
      "p" : "0.10742",
      "s" : "sell",
      "i" : "CATI_USD",
      "m" : "4611686018428678010"
    }, {
      "d" : "1756455701225697050",
      "t" : 1756455701225,
      "tn" : 1756455701225697050,
      "q" : "98.5",
      "p" : "0.10840",
      "s" : "sell",
      "i" : "CATI_USD",
      "m" : "4611686018428678009"
    }, {
      "d" : "1756455673634014874",
      "t" : 1756455673634,
      "tn" : 1756455673634014874,
      "q" : "95.5",
      "p" : "0.10822",
      "s" : "sell",
      "i" : "CATI_USD",
      "m" : "4611686018428678008"
    }, {
      "d" : "1756455652194254993",
      "t" : 1756455652194,
      "tn" : 1756455652194254993,
      "q" : "97.1",
      "p" : "0.10775",
      "s" : "buy",
      "i" : "CATI_USD",
      "m" : "4611686018428678007"
    }, {
      "d" : "1756455642196965618",
      "t" : 1756455642196,
      "tn" : 1756455642196965618,
      "q" : "96.4",
      "p" : "0.10761",
      "s" : "sell",
      "i" : "CATI_USD",
      "m" : "4611686018428678006"
    }, {
      "d" : "1756455185120671825",
      "t" : 1756455185120,
      "tn" : 1756455185120671825,
      "q" : "1900.0",
      "p" : "0.10658",
      "s" : "buy",
      "i" : "CATI_USD",
      "m" : "4611686018428678005"
    }, {
      "d" : "1756454847188327349",
      "t" : 1756454847188,
      "tn" : 1756454847188327349,
      "q" : "97.1",
      "p" : "0.10683",
      "s" : "sell",
      "i" : "CATI_USD",
      "m" : "4611686018428678004"
    }, {
      "d" : "1756454836346338200",
      "t" : 1756454836346,
      "tn" : 1756454836346338200,
      "q" : "97.7",
      "p" : "0.10695",
      "s" : "sell",
      "i" : "CATI_USD",
      "m" : "4611686018428678003"
    }, {
      "d" : "1756454818990655036",
      "t" : 1756454818990,
      "tn" : 1756454818990655036,
      "q" : "98.0",
      "p" : "0.10694",
      "s" : "sell",
      "i" : "CATI_USD",
      "m" : "4611686018428678002"
    }, {
      "d" : "1756454784892240686",
      "t" : 1756454784892,
      "tn" : 1756454784892240686,
      "q" : "96.1",
      "p" : "0.10705",
      "s" : "sell",
      "i" : "CATI_USD",
      "m" : "4611686018428678001"
    }, {
      "d" : "1756454767526482213",
      "t" : 1756454767526,
      "tn" : 1756454767526482213,
      "q" : "96.9",
      "p" : "0.10695",
      "s" : "sell",
      "i" : "CATI_USD",
      "m" : "4611686018428678000"
    }, {
      "d" : "1756454704577123743",
      "t" : 1756454704577,
      "tn" : 1756454704577123743,
      "q" : "97.3",
      "p" : "0.10683",
      "s" : "sell",
      "i" : "CATI_USD",
      "m" : "4611686018428677999"
    }, {
      "d" : "1756454704485238074",
      "t" : 1756454704485,
      "tn" : 1756454704485238074,
      "q" : "99.7",
      "p" : "0.10684",
      "s" : "sell",
      "i" : "CATI_USD",
      "m" : "4611686018428677998"
    }, {
      "d" : "1756454682562369394",
      "t" : 1756454682562,
      "tn" : 1756454682562369394,
      "q" : "99.3",
      "p" : "0.10704",
      "s" : "sell",
      "i" : "CATI_USD",
      "m" : "4611686018428677997"
    }, {
      "d" : "1756454678808886425",
      "t" : 1756454678808,
      "tn" : 1756454678808886425,
      "q" : "99.7",
      "p" : "0.10712",
      "s" : "sell",
      "i" : "CATI_USD",
      "m" : "4611686018428677996"
    }, {
      "d" : "1756454620206052519",
      "t" : 1756454620206,
      "tn" : 1756454620206052519,
      "q" : "98.7",
      "p" : "0.10729",
      "s" : "sell",
      "i" : "CATI_USD",
      "m" : "4611686018428677995"
    }, {
      "d" : "1756454487884907884",
      "t" : 1756454487884,
      "tn" : 1756454487884907884,
      "q" : "95.0",
      "p" : "0.10756",
      "s" : "sell",
      "i" : "CATI_USD",
      "m" : "4611686018428677994"
    }, {
      "d" : "1756454483670073114",
      "t" : 1756454483670,
      "tn" : 1756454483670073114,
      "q" : "99.7",
      "p" : "0.10767",
      "s" : "sell",
      "i" : "CATI_USD",
      "m" : "4611686018428677993"
    }, {
      "d" : "1756454483591663943",
      "t" : 1756454483591,
      "tn" : 1756454483591663943,
      "q" : "96.7",
      "p" : "0.10767",
      "s" : "sell",
      "i" : "CATI_USD",
      "m" : "4611686018428677992"
    }, {
      "d" : "1756454462473938118",
      "t" : 1756454462473,
      "tn" : 1756454462473938118,
      "q" : "99.4",
      "p" : "0.10766",
      "s" : "sell",
      "i" : "CATI_USD",
      "m" : "4611686018428677991"
    }, {
      "d" : "1756454462233925264",
      "t" : 1756454462233,
      "tn" : 1756454462233925264,
      "q" : "96.7",
      "p" : "0.10766",
      "s" : "sell",
      "i" : "CATI_USD",
      "m" : "4611686018428677990"
    }, {
      "d" : "1756454461962238009",
      "t" : 1756454461962,
      "tn" : 1756454461962238009,
      "q" : "99.3",
      "p" : "0.10767",
      "s" : "sell",
      "i" : "CATI_USD",
      "m" : "4611686018428677989"
    }, {
      "d" : "1756454461761897855",
      "t" : 1756454461761,
      "tn" : 1756454461761897855,
      "q" : "99.4",
      "p" : "0.10768",
      "s" : "sell",
      "i" : "CATI_USD",
      "m" : "4611686018428677988"
    }, {
      "d" : "1756454461754831247",
      "t" : 1756454461754,
      "tn" : 1756454461754831247,
      "q" : "97.0",
      "p" : "0.10768",
      "s" : "sell",
      "i" : "CATI_USD",
      "m" : "4611686018428677987"
    }, {
      "d" : "1756454420496325703",
      "t" : 1756454420496,
      "tn" : 1756454420496325703,
      "q" : "98.3",
      "p" : "0.10744",
      "s" : "sell",
      "i" : "CATI_USD",
      "m" : "4611686018428677986"
    }, {
      "d" : "1756454408616318776",
      "t" : 1756454408616,
      "tn" : 1756454408616318776,
      "q" : "97.7",
      "p" : "0.10745",
      "s" : "sell",
      "i" : "CATI_USD",
      "m" : "4611686018428677985"
    }, {
      "d" : "1756454382836836834",
      "t" : 1756454382836,
      "tn" : 1756454382836836834,
      "q" : "97.2",
      "p" : "0.10743",
      "s" : "sell",
      "i" : "CATI_USD",
      "m" : "4611686018428677984"
    }, {
      "d" : "1756454161639084335",
      "t" : 1756454161639,
      "tn" : 1756454161639084335,
      "q" : "97.6",
      "p" : "0.10726",
      "s" : "sell",
      "i" : "CATI_USD",
      "m" : "4611686018428677983"
    }, {
      "d" : "1756454118982451523",
      "t" : 1756454118982,
      "tn" : 1756454118982451523,
      "q" : "97.8",
      "p" : "0.10738",
      "s" : "sell",
      "i" : "CATI_USD",
      "m" : "4611686018428677982"
    }, {
      "d" : "1756454118976462598",
      "t" : 1756454118976,
      "tn" : 1756454118976462598,
      "q" : "99.0",
      "p" : "0.10738",
      "s" : "sell",
      "i" : "CATI_USD",
      "m" : "4611686018428677981"
    }, {
      "d" : "1756454090416690871",
      "t" : 1756454090416,
      "tn" : 1756454090416690871,
      "q" : "95.8",
      "p" : "0.10735",
      "s" : "sell",
      "i" : "CATI_USD",
      "m" : "4611686018428677980"
    }, {
      "d" : "1756454090360959350",
      "t" : 1756454090360,
      "tn" : 1756454090360959350,
      "q" : "95.4",
      "p" : "0.10737",
      "s" : "sell",
      "i" : "CATI_USD",
      "m" : "4611686018428677979"
    }, {
      "d" : "1756454072667696223",
      "t" : 1756454072667,
      "tn" : 1756454072667696223,
      "q" : "98.3",
      "p" : "0.10735",
      "s" : "sell",
      "i" : "CATI_USD",
      "m" : "4611686018428677978"
    }, {
      "d" : "1756453912453772317",
      "t" : 1756453912453,
      "tn" : 1756453912453772317,
      "q" : "98.4",
      "p" : "0.10727",
      "s" : "sell",
      "i" : "CATI_USD",
      "m" : "4611686018428677977"
    }, {
      "d" : "1756453891325416214",
      "t" : 1756453891325,
      "tn" : 1756453891325416214,
      "q" : "95.1",
      "p" : "0.10711",
      "s" : "sell",
      "i" : "CATI_USD",
      "m" : "4611686018428677976"
    }, {
      "d" : "1756453685568802899",
      "t" : 1756453685568,
      "tn" : 1756453685568802899,
      "q" : "99.9",
      "p" : "0.10722",
      "s" : "buy",
      "i" : "CATI_USD",
      "m" : "4611686018428677975"
    }, {
      "d" : "1756453685568636720",
      "t" : 1756453685568,
      "tn" : 1756453685568636720,
      "q" : "2500.0",
      "p" : "0.10717",
      "s" : "buy",
      "i" : "CATI_USD",
      "m" : "4611686018428677974"
    }, {
      "d" : "1756453587720871152",
      "t" : 1756453587720,
      "tn" : 1756453587720871152,
      "q" : "98.1",
      "p" : "0.10706",
      "s" : "sell",
      "i" : "CATI_USD",
      "m" : "4611686018428677973"
    }, {
      "d" : "1756453427377506663",
      "t" : 1756453427377,
      "tn" : 1756453427377506663,
      "q" : "472.4",
      "p" : "0.10692",
      "s" : "buy",
      "i" : "CATI_USD",
      "m" : "4611686018428677972"
    }, {
      "d" : "1756453427377480565",
      "t" : 1756453427377,
      "tn" : 1756453427377480565,
      "q" : "333.8",
      "p" : "0.10692",
      "s" : "buy",
      "i" : "CATI_USD",
      "m" : "4611686018428677971"
    }, {
      "d" : "1756453426069178534",
      "t" : 1756453426069,
      "tn" : 1756453426069178534,
      "q" : "96.4",
      "p" : "0.10692",
      "s" : "sell",
      "i" : "CATI_USD",
      "m" : "4611686018428677970"
    }, {
      "d" : "1756453421948791759",
      "t" : 1756453421948,
      "tn" : 1756453421948791759,
      "q" : "97.4",
      "p" : "0.10693",
      "s" : "sell",
      "i" : "CATI_USD",
      "m" : "4611686018428677969"
    }, {
      "d" : "1756453324291009740",
      "t" : 1756453324291,
      "tn" : 1756453324291009740,
      "q" : "97.6",
      "p" : "0.10726",
      "s" : "sell",
      "i" : "CATI_USD",
      "m" : "4611686018428677968"
    }, {
      "d" : "1756452962628916744",
      "t" : 1756452962628,
      "tn" : 1756452962628916744,
      "q" : "98.8",
      "p" : "0.10666",
      "s" : "buy",
      "i" : "CATI_USD",
      "m" : "4611686018428677967"
    }, {
      "d" : "1756452852382897653",
      "t" : 1756452852382,
      "tn" : 1756452852382897653,
      "q" : "99.5",
      "p" : "0.10733",
      "s" : "sell",
      "i" : "CATI_USD",
      "m" : "4611686018428677966"
    }, {
      "d" : "1756452782018685169",
      "t" : 1756452782018,
      "tn" : 1756452782018685169,
      "q" : "95.7",
      "p" : "0.10725",
      "s" : "sell",
      "i" : "CATI_USD",
      "m" : "4611686018428677965"
    }, {
      "d" : "1756452734797103576",
      "t" : 1756452734797,
      "tn" : 1756452734797103576,
      "q" : "97.0",
      "p" : "0.10707",
      "s" : "sell",
      "i" : "CATI_USD",
      "m" : "4611686018428677964"
    }, {
      "d" : "1756452702489912432",
      "t" : 1756452702489,
      "tn" : 1756452702489912432,
      "q" : "99.0",
      "p" : "0.10693",
      "s" : "sell",
      "i" : "CATI_USD",
      "m" : "4611686018428677963"
    }, {
      "d" : "1756452655516550707",
      "t" : 1756452655516,
      "tn" : 1756452655516550707,
      "q" : "99.2",
      "p" : "0.10704",
      "s" : "sell",
      "i" : "CATI_USD",
      "m" : "4611686018428677962"
    }, {
      "d" : "1756452649931206197",
      "t" : 1756452649931,
      "tn" : 1756452649931206197,
      "q" : "98.3",
      "p" : "0.10705",
      "s" : "sell",
      "i" : "CATI_USD",
      "m" : "4611686018428677961"
    }, {
      "d" : "1756452632532914337",
      "t" : 1756452632532,
      "tn" : 1756452632532914337,
      "q" : "97.9",
      "p" : "0.10715",
      "s" : "sell",
      "i" : "CATI_USD",
      "m" : "4611686018428677960"
    }, {
      "d" : "1756452617823014796",
      "t" : 1756452617823,
      "tn" : 1756452617823014796,
      "q" : "97.5",
      "p" : "0.10712",
      "s" : "sell",
      "i" : "CATI_USD",
      "m" : "4611686018428677959"
    }, {
      "d" : "1756452617819720131",
      "t" : 1756452617819,
      "tn" : 1756452617819720131,
      "q" : "97.3",
      "p" : "0.10714",
      "s" : "sell",
      "i" : "CATI_USD",
      "m" : "4611686018428677958"
    }, {
      "d" : "1756452617508363212",
      "t" : 1756452617508,
      "tn" : 1756452617508363212,
      "q" : "98.6",
      "p" : "0.10716",
      "s" : "sell",
      "i" : "CATI_USD",
      "m" : "4611686018428677957"
    }, {
      "d" : "1756452612602291759",
      "t" : 1756452612602,
      "tn" : 1756452612602291759,
      "q" : "97.0",
      "p" : "0.10729",
      "s" : "sell",
      "i" : "CATI_USD",
      "m" : "4611686018428677956"
    }, {
      "d" : "1756452612596508074",
      "t" : 1756452612596,
      "tn" : 1756452612596508074,
      "q" : "99.4",
      "p" : "0.10729",
      "s" : "sell",
      "i" : "CATI_USD",
      "m" : "4611686018428677955"
    } ]
  }
}