{
  "id" : -1,
  "method" : "public/get-trades",
  "code" : 0,
  "result" : {
    "data" : [ {
      "d" : "1756460355747522015",
      "t" : 1756460355747,
      "tn" : 1756460355747522015,
      "q" : "1",
      "p" : "0.10725",
      "s" : "sell",
      "i" : "CATIUSD-PERP",
      "m" : "4611686018427593408"
    }, {
      "d" : "1756460293340306627",
      "t" : 1756460293340,
      "tn" : 1756460293340306627,
      "q" : "1",
      "p" : "0.10726",
      "s" : "sell",
      "i" : "CATIUSD-PERP",
      "m" : "4611686018427593407"
    }, {
      "d" : "1756460058477099921",
      "t" : 1756460058477,
      "tn" : 1756460058477099921,
      "q" : "1",
      "p" : "0.10735",
      "s" : "sell",
      "i" : "CATIUSD-PERP",
      "m" : "4611686018427593406"
    }, {
      "d" : "1756459817507136259",
      "t" : 1756459817507,
      "tn" : 1756459817507136259,
      "q" : "1",
      "p" : "0.10727",
      "s" : "sell",
      "i" : "CATIUSD-PERP",
      "m" : "4611686018427593405"
    }, {
      "d" : "1756459817507133154",
      "t" : 1756459817507,
      "tn" : 1756459817507133154,
      "q" : "1",
      "p" : "0.10731",
      "s" : "sell",
      "i" : "CATIUSD-PERP",
      "m" : "4611686018427593404"
    }, {
      "d" : "1756459758744295620",
      "t" : 1756459758744,
      "tn" : 1756459758744295620,
      "q" : "1",
      "p" : "0.10714",
      "s" : "sell",
      "i" : "CATIUSD-PERP",
      "m" : "4611686018427593403"
    }, {
      "d" : "1756459696984707549",
      "t" : 1756459696984,
      "tn" : 1756459696984707549,
      "q" : "1",
      "p" : "0.10689",
      "s" : "sell",
      "i" : "CATIUSD-PERP",
      "m" : "4611686018427593402"
    }, {
      "d" : "1756459696984704066",
      "t" : 1756459696984,
      "tn" : 1756459696984704066,
      "q" : "1",
      "p" : "0.10693",
      "s" : "sell",
      "i" : "CATIUSD-PERP",
      "m" : "4611686018427593401"
    }, {
      "d" : "1756459675639708161",
      "t" : 1756459675639,
      "tn" : 1756459675639708161,
      "q" : "1",
      "p" : "0.10681",
      "s" : "sell",
      "i" : "CATIUSD-PERP",
      "m" : "4611686018427593400"
    }, {
      "d" : "1756459619400893353",
      "t" : 1756459619400,
      "tn" : 1756459619400893353,
      "q" : "1",
      "p" : "0.10683",
      "s" : "sell",
      "i" : "CATIUSD-PERP",
      "m" : "4611686018427593399"
    }, {
      "d" : "1756459619400890149",
      "t" : 1756459619400,
      "tn" : 1756459619400890149,
      "q" : "1",
      "p" : "0.10691",
      "s" : "sell",
      "i" : "CATIUSD-PERP",
      "m" : "4611686018427593398"
    }, {
      "d" : "1756459600959236754",
      "t" : 1756459600959,
      "tn" : 1756459600959236754,
      "q" : "1",
      "p" : "0.10684",
      "s" : "sell",
      "i" : "CATIUSD-PERP",
      "m" : "4611686018427593397"
    }, {
      "d" : "1756459510975325568",
      "t" : 1756459510975,
      "tn" : 1756459510975325568,
      "q" : "1",
      "p" : "0.10630",
      "s" : "sell",
      "i" : "CATIUSD-PERP",
      "m" : "4611686018427593396"
    }, {
      "d" : "1756459510975323243",
      "t" : 1756459510975,
      "tn" : 1756459510975323243,
      "q" : "1",
      "p" : "0.10634",
      "s" : "sell",
      "i" : "CATIUSD-PERP",
      "m" : "4611686018427593395"
    }, {
      "d" : "1756459448675510023",
      "t" : 1756459448675,
      "tn" : 1756459448675510023,
      "q" : "1",
      "p" : "0.10651",
      "s" : "sell",
      "i" : "CATIUSD-PERP",
      "m" : "4611686018427593394"
    }, {
      "d" : "1756459388393119836",
      "t" : 1756459388393,
      "tn" : 1756459388393119836,
      "q" : "1",
      "p" : "0.10650",
      "s" : "sell",
      "i" : "CATIUSD-PERP",
      "m" : "4611686018427593393"
    }, {
      "d" : "1756459388393117127",
      "t" : 1756459388393,
      "tn" : 1756459388393117127,
      "q" : "1",
      "p" : "0.10654",
      "s" : "sell",
      "i" : "CATIUSD-PERP",
      "m" : "4611686018427593392"
    }, {
      "d" : "1756459358529553168",
      "t" : 1756459358529,
      "tn" : 1756459358529553168,
      "q" : "1",
      "p" : "0.10655",
      "s" : "sell",
      "i" : "CATIUSD-PERP",
      "m" : "4611686018427593391"
    }, {
      "d" : "1756459358529550731",
      "t" : 1756459358529,
      "tn" : 1756459358529550731,
      "q" : "1",
      "p" : "0.10659",
      "s" : "sell",
      "i" : "CATIUSD-PERP",
      "m" : "4611686018427593390"
    }, {
      "d" : "1756459324352632523",
      "t" : 1756459324352,
      "tn" : 1756459324352632523,
      "q" : "1",
      "p" : "0.10662",
      "s" : "sell",
      "i" : "CATIUSD-PERP",
      "m" : "4611686018427593389"
    }, {
      "d" : "1756459306321478083",
      "t" : 1756459306321,
      "tn" : 1756459306321478083,
      "q" : "1",
      "p" : "0.10656",
      "s" : "sell",
      "i" : "CATIUSD-PERP",
      "m" : "4611686018427593388"
    }, {
      "d" : "1756459306321475781",
      "t" : 1756459306321,
      "tn" : 1756459306321475781,
      "q" : "1",
      "p" : "0.10661",
      "s" : "sell",
      "i" : "CATIUSD-PERP",
      "m" : "4611686018427593387"
    }, {
      "d" : "1756459285243526494",
      "t" : 1756459285243,
      "tn" : 1756459285243526494,
      "q" : "1",
      "p" : "0.10654",
      "s" : "sell",
      "i" : "CATIUSD-PERP",
      "m" : "4611686018427593386"
    }, {
      "d" : "1756459285243523955",
      "t" : 1756459285243,
      "tn" : 1756459285243523955,
      "q" : "1",
      "p" : "0.10658",
      "s" : "sell",
      "i" : "CATIUSD-PERP",
      "m" : "4611686018427593385"
    }, {
      "d" : "1756459263379059687",
      "t" : 1756459263379,
      "tn" : 1756459263379059687,
      "q" : "1",
      "p" : "0.10644",
      "s" : "sell",
      "i" : "CATIUSD-PERP",
      "m" : "4611686018427593384"
    }, {
      "d" : "1756459263379057010",
      "t" : 1756459263379,
      "tn" : 1756459263379057010,
      "q" : "1",
      "p" : "0.10648",
      "s" : "sell",
      "i" : "CATIUSD-PERP",
      "m" : "4611686018427593383"
    }, {
      "d" : "1756459242804879836",
      "t" : 1756459242804,
      "tn" : 1756459242804879836,
      "q" : "1",
      "p" : "0.10651",
      "s" : "sell",
      "i" : "CATIUSD-PERP",
      "m" : "4611686018427593382"
    }, {
      "d" : "1756459242804875232",
      "t" : 1756459242804,
      "tn" : 1756459242804875232,
      "q" : "1",
      "p" : "0.10655",
      "s" : "sell",
      "i" : "CATIUSD-PERP",
      "m" : "4611686018427593381"
    }, {
      "d" : "1756459207289524403",
      "t" : 1756459207289,
      "tn" : 1756459207289524403,
      "q" : "1",
      "p" : "0.10651",
      "s" : "sell",
      "i" : "CATIUSD-PERP",
      "m" : "4611686018427593380"
    }, {
      "d" : "1756459207289521837",
      "t" : 1756459207289,
      "tn" : 1756459207289521837,
      "q" : "1",
      "p" : "0.10655",
      "s" : "sell",
      "i" : "CATIUSD-PERP",
      "m" : "4611686018427593379"
    }, {
      "d" : "1756459188375627939",
      "t" : 1756459188375,
      "tn" : 1756459188375627939,
      "q" : "1",
      "p" : "0.10651",
      "s" : "sell",
      "i" : "CATIUSD-PERP",
      "m" : "4611686018427593378"
    }, {
      "d" : "1756459188375625330",
      "t" : 1756459188375,
      "tn" : 1756459188375625330,
      "q" : "1",
      "p" : "0.10655",
      "s" : "sell",
      "i" : "CATIUSD-PERP",
      "m" : "4611686018427593377"
    }, {
      "d" : "1756459143961965232",
      "t" : 1756459143961,
      "tn" : 1756459143961965232,
      "q" : "1",
      "p" : "0.10636",
      "s" : "sell",
      "i" : "CATIUSD-PERP",
      "m" : "4611686018427593376"
    }, {
      "d" : "1756459143961962849",
      "t" : 1756459143961,
      "tn" : 1756459143961962849,
      "q" : "1",
      "p" : "0.10640",
      "s" : "sell",
      "i" : "CATIUSD-PERP",
      "m" : "4611686018427593375"
    }, {
      "d" : "1756459124850487499",
      "t" : 1756459124850,
      "tn" : 1756459124850487499,
      "q" : "1",
      "p" : "0.10641",
      "s" : "sell",
      "i" : "CATIUSD-PERP",
      "m" : "4611686018427593374"
    }, {
      "d" : "1756459124850484737",
      "t" : 1756459124850,
      "tn" : 1756459124850484737,
      "q" : "1",
      "p" : "0.10645",
      "s" : "sell",
      "i" : "CATIUSD-PERP",
      "m" : "4611686018427593373"
    }, {
      "d" : "1756459102765192084",
      "t" : 1756459102765,
      "tn" : 1756459102765192084,
      "q" : "1",
      "p" : "0.10646",
      "s" : "sell",
      "i" : "CATIUSD-PERP",
      "m" : "4611686018427593372"
    }, {
      "d" : "1756459079421582423",
      "t" : 1756459079421,
      "tn" : 1756459079421582423,
      "q" : "1",
      "p" : "0.10637",
      "s" : "sell",
      "i" : "CATIUSD-PERP",
      "m" : "4611686018427593371"
    }, {
      "d" : "1756459079421580835",
      "t" : 1756459079421,
      "tn" : 1756459079421580835,
      "q" : "1",
      "p" : "0.10641",
      "s" : "sell",
      "i" : "CATIUSD-PERP",
      "m" : "4611686018427593370"
    }, {
      "d" : "1756459061326085359",
      "t" : 1756459061326,
      "tn" : 1756459061326085359,
      "q" : "1",
      "p" : "0.10638",
      "s" : "sell",
      "i" : "CATIUSD-PERP",
      "m" : "4611686018427593369"
    }, {
      "d" : "1756459061326082450",
      "t" : 1756459061326,
      "tn" : 1756459061326082450,
      "q" : "1",
      "p" : "0.10643",
      "s" : "sell",
      "i" : "CATIUSD-PERP",
      "m" : "4611686018427593368"
    }, {
      "d" : "1756459027373609513",
      "t" : 1756459027373,
      "tn" : 1756459027373609513,
      "q" : "1",
      "p" : "0.10653",
      "s" : "sell",
      "i" : "CATIUSD-PERP",
      "m" : "4611686018427593367"
    }, {
      "d" : "1756459007881986430",
      "t" : 1756459007881,
      "tn" : 1756459007881986430,
      "q" : "1",
      "p" : "0.10656",
      "s" : "sell",
      "i" : "CATIUSD-PERP",
      "m" : "4611686018427593366"
    }, {
      "d" : "1756458965528645663",
      "t" : 1756458965528,
      "tn" : 1756458965528645663,
      "q" : "1",
      "p" : "0.10658",
      "s" : "sell",
      "i" : "CATIUSD-PERP",
      "m" : "4611686018427593365"
    }, {
      "d" : "1756458965528643639",
      "t" : 1756458965528,
      "tn" : 1756458965528643639,
      "q" : "1",
      "p" : "0.10663",
      "s" : "sell",
      "i" : "CATIUSD-PERP",
      "m" : "4611686018427593364"
    }, {
      "d" : "1756457616735828283",
      "t" : 1756457616735,
      "tn" : 1756457616735828283,
      "q" : "1",
      "p" : "0.10827",
      "s" : "sell",
      "i" : "CATIUSD-PERP",
      "m" : "4611686018427593363"
    }, {
      "d" : "1756457571537754814",
      "t" : 1756457571537,
      "tn" : 1756457571537754814,
      "q" : "1",
      "p" : "0.10794",
      "s" : "sell",
      "i" : "CATIUSD-PERP",
      "m" : "4611686018427593362"
    }, {
      "d" : "1756457549242467769",
      "t" : 1756457549242,
      "tn" : 1756457549242467769,
      "q" : "1",
      "p" : "0.10775",
      "s" : "sell",
      "i" : "CATIUSD-PERP",
      "m" : "4611686018427593361"
    }, {
      "d" : "1756457522955151101",
      "t" : 1756457522955,
      "tn" : 1756457522955151101,
      "q" : "1",
      "p" : "0.10765",
      "s" : "sell",
      "i" : "CATIUSD-PERP",
      "m" : "4611686018427593360"
    }, {
      "d" : "1756457522955147801",
      "t" : 1756457522955,
      "tn" : 1756457522955147801,
      "q" : "1",
      "p" : "0.10770",
      "s" : "sell",
      "i" : "CATIUSD-PERP",
      "m" : "4611686018427593359"
    }, {
      "d" : "1756457504187427287",
      "t" : 1756457504187,
      "tn" : 1756457504187427287,
      "q" : "1",
      "p" : "0.10755",
      "s" : "sell",
      "i" : "CATIUSD-PERP",
      "m" : "4611686018427593358"
    }, {
      "d" : "1756457504187423961",
      "t" : 1756457504187,
      "tn" : 1756457504187423961,
      "q" : "1",
      "p" : "0.10760",
      "s" : "sell",
      "i" : "CATIUSD-PERP",
      "m" : "4611686018427593357"
    }, {
      "d" : "1756457413632611853",
      "t" : 1756457413632,
      "tn" : 1756457413632611853,
      "q" : "1",
      "p" : "0.10742",
      "s" : "sell",
      "i" : "CATIUSD-PERP",
      "m" : "4611686018427593356"
    }, {
      "d" : "1756457073543158934",
      "t" : 1756457073543,
      "tn" : 1756457073543158934,
      "q" : "1",
      "p" : "0.10740",
      "s" : "sell",
      "i" : "CATIUSD-PERP",
      "m" : "4611686018427593355"
    }, {
      "d" : "1756457073543156551",
      "t" : 1756457073543,
      "tn" : 1756457073543156551,
      "q" : "1",
      "p" : "0.10747",
      "s" : "sell",
      "i" : "CATIUSD-PERP",
      "m" : "4611686018427593354"
    }, {
      "d" : "1756456907017977603",
      "t" : 1756456907017,
      "tn" : 1756456907017977603,
      "q" : "1",
      "p" : "0.10706",
      "s" : "sell",
      "i" : "CATIUSD-PERP",
      "m" : "4611686018427593353"
    }, {
      "d" : "1756456907017975009",
      "t" : 1756456907017,
      "tn" : 1756456907017975009,
      "q" : "1",
      "p" : "0.10710",
      "s" : "sell",
      "i" : "CATIUSD-PERP",
      "m" : "4611686018427593352"
    }, {
      "d" : "1756456699947562720",
      "t" : 1756456699947,
      "tn" : 1756456699947562720,
      "q" : "1",
      "p" : "0.10678",
      "s" : "sell",
      "i" : "CATIUSD-PERP",
      "m" : "4611686018427593351"
    }, {
      "d" : "1756456483750896327",
      "t" : 1756456483750,
      "tn" : 1756456483750896327,
      "q" : "1",
      "p" : "0.10703",
      "s" : "sell",
      "i" : "CATIUSD-PERP",
      "m" : "4611686018427593350"
    }, {
      "d" : "1756456480655405909",
      "t" : 1756456480655,
      "tn" : 1756456480655405909,
      "q" : "938",
      "p" : "0.10644",
      "s" : "buy",
      "i" : "CATIUSD-PERP",
      "m" : "4611686018427593349"
    }, {
      "d" : "1756456480424883219",
      "t" : 1756456480424,
      "tn" : 1756456480424883219,
      "q" : "936",
      "p" : "0.10644",
      "s" : "buy",
      "i" : "CATIUSD-PERP",
      "m" : "4611686018427593348"
    }, {
      "d" : "1756456480345401654",
      "t" : 1756456480345,
      "tn" : 1756456480345401654,
      "q" : "939",
      "p" : "0.10644",
      "s" : "buy",
      "i" : "CATIUSD-PERP",
      "m" : "4611686018427593347"
    }, {
      "d" : "1756456480035408636",
      "t" : 1756456480035,
      "tn" : 1756456480035408636,
      "q" : "939",
      "p" : "0.10644",
      "s" : "buy",
      "i" : "CATIUSD-PERP",
      "m" : "4611686018427593346"
    }, {
      "d" : "1756456479725441763",
      "t" : 1756456479725,
      "tn" : 1756456479725441763,
      "q" : "938",
      "p" : "0.10644",
      "s" : "buy",
      "i" : "CATIUSD-PERP",
      "m" : "4611686018427593345"
    }, {
      "d" : "1756456479415431742",
      "t" : 1756456479415,
      "tn" : 1756456479415431742,
      "q" : "938",
      "p" : "0.10644",
      "s" : "buy",
      "i" : "CATIUSD-PERP",
      "m" : "4611686018427593344"
    }, {
      "d" : "1756456479105386321",
      "t" : 1756456479105,
      "tn" : 1756456479105386321,
      "q" : "938",
      "p" : "0.10644",
      "s" : "buy",
      "i" : "CATIUSD-PERP",
      "m" : "4611686018427593343"
    }, {
      "d" : "1756456478795403209",
      "t" : 1756456478795,
      "tn" : 1756456478795403209,
      "q" : "939",
      "p" : "0.10644",
      "s" : "buy",
      "i" : "CATIUSD-PERP",
      "m" : "4611686018427593342"
    }, {
      "d" : "1756456478485380445",
      "t" : 1756456478485,
      "tn" : 1756456478485380445,
      "q" : "938",
      "p" : "0.10644",
      "s" : "buy",
      "i" : "CATIUSD-PERP",
      "m" : "4611686018427593341"
    }, {
      "d" : "1756456478175426402",
      "t" : 1756456478175,
      "tn" : 1756456478175426402,
      "q" : "938",
      "p" : "0.10644",
      "s" : "buy",
      "i" : "CATIUSD-PERP",
      "m" : "4611686018427593340"
    }, {
      "d" : "1756455145052365512",
      "t" : 1756455145052,
      "tn" : 1756455145052365512,
      "q" : "1",
      "p" : "0.10635",
      "s" : "sell",
      "i" : "CATIUSD-PERP",
      "m" : "4611686018427593339"
    }, {
      "d" : "1756455145052362792",
      "t" : 1756455145052,
      "tn" : 1756455145052362792,
      "q" : "1",
      "p" : "0.10646",
      "s" : "sell",
      "i" : "CATIUSD-PERP",
      "m" : "4611686018427593338"
    }, {
      "d" : "1756453563409641735",
      "t" : 1756453563409,
      "tn" : 1756453563409641735,
      "q" : "1",
      "p" : "0.10710",
      "s" : "sell",
      "i" : "CATIUSD-PERP",
      "m" : "4611686018427593337"
    }, {
      "d" : "1756453517278944288",
      "t" : 1756453517278,
      "tn" : 1756453517278944288,
      "q" : "1",
      "p" : "0.10694",
      "s" : "sell",
      "i" : "CATIUSD-PERP",
      "m" : "4611686018427593336"
    }, {
      "d" : "1756453517278941924",
      "t" : 1756453517278,
      "tn" : 1756453517278941924,
      "q" : "1",
      "p" : "0.10698",
      "s" : "sell",
      "i" : "CATIUSD-PERP",
      "m" : "4611686018427593335"
    }, {
      "d" : "1756453484748864524",
      "t" : 1756453484748,
      "tn" : 1756453484748864524,
      "q" : "1",
      "p" : "0.10692",
      "s" : "sell",
      "i" : "CATIUSD-PERP",
      "m" : "4611686018427593334"
    }, {
      "d" : "1756453484748861363",
      "t" : 1756453484748,
      "tn" : 1756453484748861363,
      "q" : "1",
      "p" : "0.10696",
      "s" : "sell",
      "i" : "CATIUSD-PERP",
      "m" : "4611686018427593333"
    }, {
      "d" : "1756453397471916248",
      "t" : 1756453397471,
      "tn" : 1756453397471916248,
      "q" : "1",
      "p" : "0.10711",
      "s" : "sell",
      "i" : "CATIUSD-PERP",
      "m" : "4611686018427593332"
    }, {
      "d" : "1756453319652549676",
      "t" : 1756453319652,
      "tn" : 1756453319652549676,
      "q" : "1",
      "p" : "0.10732",
      "s" : "sell",
      "i" : "CATIUSD-PERP",
      "m" : "4611686018427593331"
    }, {
      "d" : "1756453296527932899",
      "t" : 1756453296527,
      "tn" : 1756453296527932899,
      "q" : "1",
      "p" : "0.10712",
      "s" : "sell",
      "i" : "CATIUSD-PERP",
      "m" : "4611686018427593330"
    }, {
      "d" : "1756453271014885095",
      "t" : 1756453271014,
      "tn" : 1756453271014885095,
      "q" : "1",
      "p" : "0.10694",
      "s" : "sell",
      "i" : "CATIUSD-PERP",
      "m" : "4611686018427593329"
    }, {
      "d" : "1756453271014882455",
      "t" : 1756453271014,
      "tn" : 1756453271014882455,
      "q" : "1",
      "p" : "0.10698",
      "s" : "sell",
      "i" : "CATIUSD-PERP",
      "m" : "4611686018427593328"
    }, {
      "d" : "1756452777066948906",
      "t" : 1756452777066,
      "tn" : 1756452777066948906,
      "q" : "1",
      "p" : "0.10744",
      "s" : "sell",
      "i" : "CATIUSD-PERP",
      "m" : "4611686018427593327"
    }, {
      "d" : "1756452753633151390",
      "t" : 1756452753633,
      "tn" : 1756452753633151390,
      "q" : "1",
      "p" : "0.10727",
      "s" : "sell",
      "i" : "CATIUSD-PERP",
      "m" : "4611686018427593326"
    }, {
      "d" : "1756452728662700260",
      "t" : 1756452728662,
      "tn" : 1756452728662700260,
      "q" : "1",
      "p" : "0.10717",
      "s" : "sell",
      "i" : "CATIUSD-PERP",
      "m" : "4611686018427593325"
    }, {
      "d" : "1756452679254375089",
      "t" : 1756452679254,
      "tn" : 1756452679254375089,
      "q" : "1",
      "p" : "0.10723",
      "s" : "sell",
      "i" : "CATIUSD-PERP",
      "m" : "4611686018427593324"
    }, {
      "d" : "1756452430103282297",
      "t" : 1756452430103,
      "tn" : 1756452430103282297,
      "q" : "1",
      "p" : "0.10741",
      "s" : "sell",
      "i" : "CATIUSD-PERP",
      "m" : "4611686018427593323"
    }, {
      "d" : "1756452245206490160",
      "t" : 1756452245206,
      "tn" : 1756452245206490160,
      "q" : "1",
      "p" : "0.10848",
      "s" : "sell",
      "i" : "CATIUSD-PERP",
      "m" : "4611686018427593322"
    }, {
      "d" : "1756452245206486626",
      "t" : 1756452245206,
      "tn" : 1756452245206486626,
      "q" : "1",
      "p" : "0.10853",
      "s" : "sell",
      "i" : "CATIUSD-PERP",
      "m" : "4611686018427593321"
    }, {
      "d" : "1756452175320189867",
      "t" : 1756452175320,
      "tn" : 1756452175320189867,
      "q" : "4036",
      "p" : "0.10809",
      "s" : "buy",
      "i" : "CATIUSD-PERP",
      "m" : "4611686018427593320"
    }, {
      "d" : "1756452158867214314",
      "t" : 1756452158867,
      "tn" : 1756452158867214314,
      "q" : "1",
      "p" : "0.10816",
      "s" : "sell",
      "i" : "CATIUSD-PERP",
      "m" : "4611686018427593319"
    }, {
      "d" : "1756450840985320630",
      "t" : 1756450840985,
      "tn" : 1756450840985320630,
      "q" : "1844",
      "p" : "0.10806",
      "s" : "sell",
      "i" : "CATIUSD-PERP",
      "m" : "4611686018427593318"
    }, {
      "d" : "1756450840984221121",
      "t" : 1756450840984,
      "tn" : 1756450840984221121,
      "q" : "922",
      "p" : "0.10806",
      "s" : "sell",
      "i" : "CATIUSD-PERP",
      "m" : "4611686018427593317"
    }, {
      "d" : "1756450840978735773",
      "t" : 1756450840978,
      "tn" : 1756450840978735773,
      "q" : "461",
      "p" : "0.10822",
      "s" : "sell",
      "i" : "CATIUSD-PERP",
      "m" : "4611686018427593316"
    }, {
      "d" : "1756450840978733346",
      "t" : 1756450840978,
      "tn" : 1756450840978733346,
      "q" : "461",
      "p" : "0.10824",
      "s" : "sell",
      "i" : "CATIUSD-PERP",
      "m" : "4611686018427593315"
    }, {
      "d" : "1756450840978730597",
      "t" : 1756450840978,
      "tn" : 1756450840978730597,
      "q" : "461",
      "p" : "0.10826",
      "s" : "sell",
      "i" : "CATIUSD-PERP",
      "m" : "4611686018427593314"
    }, {
      "d" : "1756450840978727812",
      "t" : 1756450840978,
      "tn" : 1756450840978727812,
      "q" : "461",
      "p" : "0.10828",
      "s" : "sell",
      "i" : "CATIUSD-PERP",
      "m" : "4611686018427593313"
    }, {
      "d" : "1756450840978724317",
      "t" : 1756450840978,
      "tn" : 1756450840978724317,
      "q" : "922",
      "p" : "0.10838",
      "s" : "sell",
      "i" : "CATIUSD-PERP",
      "m" : "4611686018427593312"
    }, {
      "d" : "1756450455465371473",
      "t" : 1756450455465,
      "tn" : 1756450455465371473,
      "q" : "925",
      "p" : "0.10804",
      "s" : "buy",
      "i" : "CATIUSD-PERP",
      "m" : "4611686018427593311"
    }, {
      "d" : "1756447913094598783",
      "t" : 1756447913094,
      "tn" : 1756447913094598783,
      "q" : "1",
      "p" : "0.10867",
      "s" : "sell",
      "i" : "CATIUSD-PERP",
      "m" : "4611686018427593310"
    }, {
      "d" : "1756447847040692402",
      "t" : 1756447847040,
      "tn" : 1756447847040692402,
      "q" : "1",
      "p" : "0.10868",
      "s" : "sell",
      "i" : "CATIUSD-PERP",
      "m" : "4611686018427593309"
    }, {
      "d" : "1756447809407278840",
      "t" : 1756447809407,
      "tn" : 1756447809407278840,
      "q" : "1",
      "p" : "0.10874",
      "s" : "sell",
      "i" : "CATIUSD-PERP",
      "m" : "4611686018427593308"
    }, {
      "d" : "1756447689456040520",
      "t" : 1756447689456,
      "tn" : 1756447689456040520,
      "q" : "1",
      "p" : "0.10871",
      "s" : "sell",
      "i" : "CATIUSD-PERP",
      "m" : "4611686018427593307"
    }, {
      "d" : "1756447657037227115",
      "t" : 1756447657037,
      "tn" : 1756447657037227115,
      "q" : "1",
      "p" : "0.10857",
      "s" : "sell",
      "i" : "CATIUSD-PERP",
      "m" : "4611686018427593306"
    }, {
      "d" : "1756447657037224275",
      "t" : 1756447657037,
      "tn" : 1756447657037224275,
      "q" : "1",
      "p" : "0.10861",
      "s" : "sell",
      "i" : "CATIUSD-PERP",
      "m" : "4611686018427593305"
    }, {
      "d" : "1756447628697508361",
      "t" : 1756447628697,
      "tn" : 1756447628697508361,
      "q" : "1",
      "p" : "0.10860",
      "s" : "sell",
      "i" : "CATIUSD-PERP",
      "m" : "4611686018427593304"
    }, {
      "d" : "1756447596269882211",
      "t" : 1756447596269,
      "tn" : 1756447596269882211,
      "q" : "1",
      "p" : "0.10832",
      "s" : "sell",
      "i" : "CATIUSD-PERP",
      "m" : "4611686018427593303"
    }, {
      "d" : "1756447570283305780",
      "t" : 1756447570283,
      "tn" : 1756447570283305780,
      "q" : "1",
      "p" : "0.10839",
      "s" : "sell",
      "i" : "CATIUSD-PERP",
      "m" : "4611686018427593302"
    }, {
      "d" : "1756447548926664288",
      "t" : 1756447548926,
      "tn" : 1756447548926664288,
      "q" : "1",
      "p" : "0.10833",
      "s" : "sell",
      "i" : "CATIUSD-PERP",
      "m" : "4611686018427593301"
    }, {
      "d" : "1756447548926661048",
      "t" : 1756447548926,
      "tn" : 1756447548926661048,
      "q" : "1",
      "p" : "0.10839",
      "s" : "sell",
      "i" : "CATIUSD-PERP",
      "m" : "4611686018427593300"
    }, {
      "d" : "1756447525607580905",
      "t" : 1756447525607,
      "tn" : 1756447525607580905,
      "q" : "1",
      "p" : "0.10828",
      "s" : "sell",
      "i" : "CATIUSD-PERP",
      "m" : "4611686018427593299"
    }, {
      "d" : "1756447494136796899",
      "t" : 1756447494136,
      "tn" : 1756447494136796899,
      "q" : "1",
      "p" : "0.10829",
      "s" : "sell",
      "i" : "CATIUSD-PERP",
      "m" : "4611686018427593298"
    }, {
      "d" : "1756447188271405164",
      "t" : 1756447188271,
      "tn" : 1756447188271405164,
      "q" : "1",
      "p" : "0.10811",
      "s" : "sell",
      "i" : "CATIUSD-PERP",
      "m" : "4611686018427593297"
    }, {
      "d" : "1756447188271402411",
      "t" : 1756447188271,
      "tn" : 1756447188271402411,
      "q" : "1",
      "p" : "0.10815",
      "s" : "sell",
      "i" : "CATIUSD-PERP",
      "m" : "4611686018427593296"
    }, {
      "d" : "1756447162376951535",
      "t" : 1756447162376,
      "tn" : 1756447162376951535,
      "q" : "1",
      "p" : "0.10798",
      "s" : "sell",
      "i" : "CATIUSD-PERP",
      "m" : "4611686018427593295"
    }, {
      "d" : "1756447139669024231",
      "t" : 1756447139669,
      "tn" : 1756447139669024231,
      "q" : "1",
      "p" : "0.10796",
      "s" : "sell",
      "i" : "CATIUSD-PERP",
      "m" : "4611686018427593294"
    }, {
      "d" : "1756447139669021698",
      "t" : 1756447139669,
      "tn" : 1756447139669021698,
      "q" : "1",
      "p" : "0.10801",
      "s" : "sell",
      "i" : "CATIUSD-PERP",
      "m" : "4611686018427593293"
    }, {
      "d" : "1756447115102903515",
      "t" : 1756447115102,
      "tn" : 1756447115102903515,
      "q" : "1",
      "p" : "0.10794",
      "s" : "sell",
      "i" : "CATIUSD-PERP",
      "m" : "4611686018427593292"
    }, {
      "d" : "1756447115102900290",
      "t" : 1756447115102,
      "tn" : 1756447115102900290,
      "q" : "1",
      "p" : "0.10798",
      "s" : "sell",
      "i" : "CATIUSD-PERP",
      "m" : "4611686018427593291"
    }, {
      "d" : "1756447093590049171",
      "t" : 1756447093590,
      "tn" : 1756447093590049171,
      "q" : "1",
      "p" : "0.10797",
      "s" : "sell",
      "i" : "CATIUSD-PERP",
      "m" : "4611686018427593290"
    }, {
      "d" : "1756447093590045997",
      "t" : 1756447093590,
      "tn" : 1756447093590045997,
      "q" : "1",
      "p" : "0.10801",
      "s" : "sell",
      "i" : "CATIUSD-PERP",
      "m" : "4611686018427593289"
    }, {
      "d" : "1756447071787207818",
      "t" : 1756447071787,
      "tn" : 1756447071787207818,
      "q" : "1",
      "p" : "0.10794",
      "s" : "sell",
      "i" : "CATIUSD-PERP",
      "m" : "4611686018427593288"
    }, {
      "d" : "1756447071787205110",
      "t" : 1756447071787,
      "tn" : 1756447071787205110,
      "q" : "1",
      "p" : "0.10801",
      "s" : "sell",
      "i" : "CATIUSD-PERP",
      "m" : "4611686018427593287"
    }, {
      "d" : "1756447050916735778",
      "t" : 1756447050916,
      "tn" : 1756447050916735778,
      "q" : "1",
      "p" : "0.10798",
      "s" : "sell",
      "i" : "CATIUSD-PERP",
      "m" : "4611686018427593286"
    }, {
      "d" : "1756447026577793748",
      "t" : 1756447026577,
      "tn" : 1756447026577793748,
      "q" : "1",
      "p" : "0.10794",
      "s" : "sell",
      "i" : "CATIUSD-PERP",
      "m" : "4611686018427593285"
    }, {
      "d" : "1756447026577791332",
      "t" : 1756447026577,
      "tn" : 1756447026577791332,
      "q" : "1",
      "p" : "0.10810",
      "s" : "sell",
      "i" : "CATIUSD-PERP",
      "m" : "4611686018427593284"
    }, {
      "d" : "1756447006576396528",
      "t" : 1756447006576,
      "tn" : 1756447006576396528,
      "q" : "1",
      "p" : "0.10791",
      "s" : "sell",
      "i" : "CATIUSD-PERP",
      "m" : "4611686018427593283"
    }, {
      "d" : "1756447006576393474",
      "t" : 1756447006576,
      "tn" : 1756447006576393474,
      "q" : "1",
      "p" : "0.10795",
      "s" : "sell",
      "i" : "CATIUSD-PERP",
      "m" : "4611686018427593282"
    }, {
      "d" : "1756446984671655596",
      "t" : 1756446984671,
      "tn" : 1756446984671655596,
      "q" : "1",
      "p" : "0.10782",
      "s" : "sell",
      "i" : "CATIUSD-PERP",
      "m" : "4611686018427593281"
    }, {
      "d" : "1756446984671652106",
      "t" : 1756446984671,
      "tn" : 1756446984671652106,
      "q" : "1",
      "p" : "0.10788",
      "s" : "sell",
      "i" : "CATIUSD-PERP",
      "m" : "4611686018427593280"
    }, {
      "d" : "1756446953565412004",
      "t" : 1756446953565,
      "tn" : 1756446953565412004,
      "q" : "1",
      "p" : "0.10778",
      "s" : "sell",
      "i" : "CATIUSD-PERP",
      "m" : "4611686018427593279"
    }, {
      "d" : "1756446923012788815",
      "t" : 1756446923012,
      "tn" : 1756446923012788815,
      "q" : "1",
      "p" : "0.10783",
      "s" : "sell",
      "i" : "CATIUSD-PERP",
      "m" : "4611686018427593278"
    }, {
      "d" : "1756446898262461150",
      "t" : 1756446898262,
      "tn" : 1756446898262461150,
      "q" : "1",
      "p" : "0.10789",
      "s" : "sell",
      "i" : "CATIUSD-PERP",
      "m" : "4611686018427593277"
    }, {
      "d" : "1756446860172928698",
      "t" : 1756446860172,
      "tn" : 1756446860172928698,
      "q" : "1",
      "p" : "0.10783",
      "s" : "sell",
      "i" : "CATIUSD-PERP",
      "m" : "4611686018427593276"
    }, {
      "d" : "1756446860172924816",
      "t" : 1756446860172,
      "tn" : 1756446860172924816,
      "q" : "1",
      "p" : "0.10789",
      "s" : "sell",
      "i" : "CATIUSD-PERP",
      "m" : "4611686018427593275"
    }, {
      "d" : "1756446824210910350",
      "t" : 1756446824210,
      "tn" : 1756446824210910350,
      "q" : "1",
      "p" : "0.10792",
      "s" : "sell",
      "i" : "CATIUSD-PERP",
      "m" : "4611686018427593274"
    }, {
      "d" : "1756446797993411480",
      "t" : 1756446797993,
      "tn" : 1756446797993411480,
      "q" : "1",
      "p" : "0.10789",
      "s" : "sell",
      "i" : "CATIUSD-PERP",
      "m" : "4611686018427593273"
    }, {
      "d" : "1756446797993409358",
      "t" : 1756446797993,
      "tn" : 1756446797993409358,
      "q" : "1",
      "p" : "0.10794",
      "s" : "sell",
      "i" : "CATIUSD-PERP",
      "m" : "4611686018427593272"
    }, {
      "d" : "1756446769616228607",
      "t" : 1756446769616,
      "tn" : 1756446769616228607,
      "q" : "1",
      "p" : "0.10785",
      "s" : "sell",
      "i" : "CATIUSD-PERP",
      "m" : "4611686018427593271"
    }, {
      "d" : "1756446769616223686",
      "t" : 1756446769616,
      "tn" : 1756446769616223686,
      "q" : "1",
      "p" : "0.10789",
      "s" : "sell",
      "i" : "CATIUSD-PERP",
      "m" : "4611686018427593270"
    }, {
      "d" : "1756446742705446521",
      "t" : 1756446742705,
      "tn" : 1756446742705446521,
      "q" : "1",
      "p" : "0.10788",
      "s" : "sell",
      "i" : "CATIUSD-PERP",
      "m" : "4611686018427593269"
    }, {
      "d" : "1756446719347430736",
      "t" : 1756446719347,
      "tn" : 1756446719347430736,
      "q" : "1",
      "p" : "0.10807",
      "s" : "sell",
      "i" : "CATIUSD-PERP",
      "m" : "4611686018427593268"
    }, {
      "d" : "1756446699919439710",
      "t" : 1756446699919,
      "tn" : 1756446699919439710,
      "q" : "1",
      "p" : "0.10799",
      "s" : "sell",
      "i" : "CATIUSD-PERP",
      "m" : "4611686018427593267"
    }, {
      "d" : "1756446610473087259",
      "t" : 1756446610473,
      "tn" : 1756446610473087259,
      "q" : "1",
      "p" : "0.10827",
      "s" : "sell",
      "i" : "CATIUSD-PERP",
      "m" : "4611686018427593266"
    }, {
      "d" : "1756446587352037722",
      "t" : 1756446587352,
      "tn" : 1756446587352037722,
      "q" : "1",
      "p" : "0.10834",
      "s" : "sell",
      "i" : "CATIUSD-PERP",
      "m" : "4611686018427593265"
    }, {
      "d" : "1756446497079494854",
      "t" : 1756446497079,
      "tn" : 1756446497079494854,
      "q" : "1",
      "p" : "0.10826",
      "s" : "sell",
      "i" : "CATIUSD-PERP",
      "m" : "4611686018427593264"
    }, {
      "d" : "1756446427219612151",
      "t" : 1756446427219,
      "tn" : 1756446427219612151,
      "q" : "1",
      "p" : "0.10797",
      "s" : "sell",
      "i" : "CATIUSD-PERP",
      "m" : "4611686018427593263"
    }, {
      "d" : "1756446427219609277",
      "t" : 1756446427219,
      "tn" : 1756446427219609277,
      "q" : "1",
      "p" : "0.10802",
      "s" : "sell",
      "i" : "CATIUSD-PERP",
      "m" : "4611686018427593262"
    }, {
      "d" : "1756446375256476745",
      "t" : 1756446375256,
      "tn" : 1756446375256476745,
      "q" : "1",
      "p" : "0.10829",
      "s" : "sell",
      "i" : "CATIUSD-PERP",
      "m" : "4611686018427593261"
    }, {
      "d" : "1756446327589318291",
      "t" : 1756446327589,
      "tn" : 1756446327589318291,
      "q" : "1",
      "p" : "0.10824",
      "s" : "sell",
      "i" : "CATIUSD-PERP",
      "m" : "4611686018427593260"
    }, {
      "d" : "1756446327589315579",
      "t" : 1756446327589,
      "tn" : 1756446327589315579,
      "q" : "1",
      "p" : "0.10828",
      "s" : "sell",
      "i" : "CATIUSD-PERP",
      "m" : "4611686018427593259"
    } ]
  }
}