{
  "id" : -1,
  "method" : "public/get-trades",
  "code" : 0,
  "result" : {
    "data" : [ {
      "d" : "1756458062474269495",
      "t" : 1756458062474,
      "tn" : 1756458062474269495,
      "q" : "10000000",
      "p" : "0.00000003161",
      "s" : "buy",
      "i" : "CAW_USD",
      "m" : "4611686018428313451"
    }, {
      "d" : "1756458062474267066",
      "t" : 1756458062474,
      "tn" : 1756458062474267066,
      "q" : "1390000000",
      "p" : "0.00000003160",
      "s" : "buy",
      "i" : "CAW_USD",
      "m" : "4611686018428313450"
    }, {
      "d" : "1756458062303566044",
      "t" : 1756458062303,
      "tn" : 1756458062303566044,
      "q" : "2530000000",
      "p" : "0.00000003160",
      "s" : "buy",
      "i" : "CAW_USD",
      "m" : "4611686018428313449"
    }, {
      "d" : "1756457962167601576",
      "t" : 1756457962167,
      "tn" : 1756457962167601576,
      "q" : "1200000000",
      "p" : "0.00000003161",
      "s" : "buy",
      "i" : "CAW_USD",
      "m" : "4611686018428313448"
    }, {
      "d" : "1756454155574205791",
      "t" : 1756454155574,
      "tn" : 1756454155574205791,
      "q" : "6680000000",
      "p" : "0.00000003209",
      "s" : "sell",
      "i" : "CAW_USD",
      "m" : "4611686018428313447"
    }, {
      "d" : "1756454155574202925",
      "t" : 1756454155574,
      "tn" : 1756454155574202925,
      "q" : "12970000000",
      "p" : "0.00000003219",
      "s" : "sell",
      "i" : "CAW_USD",
      "m" : "4611686018428313446"
    }, {
      "d" : "1756454155574200014",
      "t" : 1756454155574,
      "tn" : 1756454155574200014,
      "q" : "340000000",
      "p" : "0.00000003221",
      "s" : "sell",
      "i" : "CAW_USD",
      "m" : "4611686018428313445"
    }, {
      "d" : "1756453872069558770",
      "t" : 1756453872069,
      "tn" : 1756453872069558770,
      "q" : "1700000000",
      "p" : "0.00000003234",
      "s" : "sell",
      "i" : "CAW_USD",
      "m" : "4611686018428313444"
    }, {
      "d" : "1756448338551048145",
      "t" : 1756448338551,
      "tn" : 1756448338551048145,
      "q" : "1520000000",
      "p" : "0.00000003286",
      "s" : "buy",
      "i" : "CAW_USD",
      "m" : "4611686018428313443"
    }, {
      "d" : "1756448337648192556",
      "t" : 1756448337648,
      "tn" : 1756448337648192556,
      "q" : "910000000",
      "p" : "0.00000003286",
      "s" : "buy",
      "i" : "CAW_USD",
      "m" : "4611686018428313442"
    }, {
      "d" : "1756445166780076115",
      "t" : 1756445166780,
      "tn" : 1756445166780076115,
      "q" : "40000000",
      "p" : "0.00000003277",
      "s" : "sell",
      "i" : "CAW_USD",
      "m" : "4611686018428313441"
    }, {
      "d" : "1756440767765710459",
      "t" : 1756440767765,
      "tn" : 1756440767765710459,
      "q" : "620000000",
      "p" : "0.00000003221",
      "s" : "sell",
      "i" : "CAW_USD",
      "m" : "4611686018428313440"
    }, {
      "d" : "1756440745128679907",
      "t" : 1756440745128,
      "tn" : 1756440745128679907,
      "q" : "13970000000",
      "p" : "0.00000003221",
      "s" : "sell",
      "i" : "CAW_USD",
      "m" : "4611686018428313439"
    }, {
      "d" : "1756437975200831294",
      "t" : 1756437975200,
      "tn" : 1756437975200831294,
      "q" : "1810000000",
      "p" : "0.00000003322",
      "s" : "buy",
      "i" : "CAW_USD",
      "m" : "4611686018428313438"
    }, {
      "d" : "1756434197528827174",
      "t" : 1756434197528,
      "tn" : 1756434197528827174,
      "q" : "1180000000",
      "p" : "0.00000003384",
      "s" : "buy",
      "i" : "CAW_USD",
      "m" : "4611686018428313437"
    }, {
      "d" : "1756434159472248167",
      "t" : 1756434159472,
      "tn" : 1756434159472248167,
      "q" : "2660000000",
      "p" : "0.00000003382",
      "s" : "buy",
      "i" : "CAW_USD",
      "m" : "4611686018428313436"
    }, {
      "d" : "1756434151778905428",
      "t" : 1756434151778,
      "tn" : 1756434151778905428,
      "q" : "1180000000",
      "p" : "0.00000003395",
      "s" : "buy",
      "i" : "CAW_USD",
      "m" : "4611686018428313435"
    }, {
      "d" : "1756432953662006662",
      "t" : 1756432953662,
      "tn" : 1756432953662006662,
      "q" : "100000000",
      "p" : "0.00000003436",
      "s" : "sell",
      "i" : "CAW_USD",
      "m" : "4611686018428313434"
    }, {
      "d" : "1756432238585591792",
      "t" : 1756432238585,
      "tn" : 1756432238585591792,
      "q" : "720000000",
      "p" : "0.00000003451",
      "s" : "buy",
      "i" : "CAW_USD",
      "m" : "4611686018428313433"
    }, {
      "d" : "1756432238580457567",
      "t" : 1756432238580,
      "tn" : 1756432238580457567,
      "q" : "720000000",
      "p" : "0.00000003451",
      "s" : "buy",
      "i" : "CAW_USD",
      "m" : "4611686018428313432"
    }, {
      "d" : "1756431714812022528",
      "t" : 1756431714812,
      "tn" : 1756431714812022528,
      "q" : "1150000000",
      "p" : "0.00000003464",
      "s" : "buy",
      "i" : "CAW_USD",
      "m" : "4611686018428313431"
    }, {
      "d" : "1756431143085279181",
      "t" : 1756431143085,
      "tn" : 1756431143085279181,
      "q" : "690000000",
      "p" : "0.00000003475",
      "s" : "sell",
      "i" : "CAW_USD",
      "m" : "4611686018428313430"
    }, {
      "d" : "1756431143081768619",
      "t" : 1756431143081,
      "tn" : 1756431143081768619,
      "q" : "690000000",
      "p" : "0.00000003475",
      "s" : "sell",
      "i" : "CAW_USD",
      "m" : "4611686018428313429"
    }, {
      "d" : "1756431142954738989",
      "t" : 1756431142954,
      "tn" : 1756431142954738989,
      "q" : "1150000000",
      "p" : "0.00000003475",
      "s" : "sell",
      "i" : "CAW_USD",
      "m" : "4611686018428313428"
    }, {
      "d" : "1756431141078365627",
      "t" : 1756431141078,
      "tn" : 1756431141078365627,
      "q" : "1150000000",
      "p" : "0.00000003471",
      "s" : "sell",
      "i" : "CAW_USD",
      "m" : "4611686018428313427"
    }, {
      "d" : "1756431140958226122",
      "t" : 1756431140958,
      "tn" : 1756431140958226122,
      "q" : "1200000000",
      "p" : "0.00000003472",
      "s" : "sell",
      "i" : "CAW_USD",
      "m" : "4611686018428313426"
    }, {
      "d" : "1756429255977880185",
      "t" : 1756429255977,
      "tn" : 1756429255977880185,
      "q" : "4260000000",
      "p" : "0.00000003520",
      "s" : "sell",
      "i" : "CAW_USD",
      "m" : "4611686018428313425"
    }, {
      "d" : "1756429255459127973",
      "t" : 1756429255459,
      "tn" : 1756429255459127973,
      "q" : "8520000000",
      "p" : "0.00000003520",
      "s" : "sell",
      "i" : "CAW_USD",
      "m" : "4611686018428313424"
    }, {
      "d" : "1756427523712035651",
      "t" : 1756427523712,
      "tn" : 1756427523712035651,
      "q" : "4790000000",
      "p" : "0.00000003426",
      "s" : "buy",
      "i" : "CAW_USD",
      "m" : "4611686018428313423"
    }, {
      "d" : "1756427290578645890",
      "t" : 1756427290578,
      "tn" : 1756427290578645890,
      "q" : "2090000000",
      "p" : "0.00000003578",
      "s" : "buy",
      "i" : "CAW_USD",
      "m" : "4611686018428313422"
    }, {
      "d" : "1756427290278655332",
      "t" : 1756427290278,
      "tn" : 1756427290278655332,
      "q" : "2520000000",
      "p" : "0.00000003578",
      "s" : "buy",
      "i" : "CAW_USD",
      "m" : "4611686018428313421"
    }, {
      "d" : "1756427282255635360",
      "t" : 1756427282255,
      "tn" : 1756427282255635360,
      "q" : "1670000000",
      "p" : "0.00000003592",
      "s" : "buy",
      "i" : "CAW_USD",
      "m" : "4611686018428313420"
    }, {
      "d" : "1756427277245346722",
      "t" : 1756427277245,
      "tn" : 1756427277245346722,
      "q" : "1390000000",
      "p" : "0.00000003597",
      "s" : "buy",
      "i" : "CAW_USD",
      "m" : "4611686018428313419"
    }, {
      "d" : "1756427266985002492",
      "t" : 1756427266985,
      "tn" : 1756427266985002492,
      "q" : "1760000000",
      "p" : "0.00000003601",
      "s" : "buy",
      "i" : "CAW_USD",
      "m" : "4611686018428313418"
    }, {
      "d" : "1756427266773389747",
      "t" : 1756427266773,
      "tn" : 1756427266773389747,
      "q" : "1630000000",
      "p" : "0.00000003601",
      "s" : "buy",
      "i" : "CAW_USD",
      "m" : "4611686018428313417"
    }, {
      "d" : "1756427257231112556",
      "t" : 1756427257231,
      "tn" : 1756427257231112556,
      "q" : "910000000",
      "p" : "0.00000003594",
      "s" : "buy",
      "i" : "CAW_USD",
      "m" : "4611686018428313416"
    }, {
      "d" : "1756427250339844717",
      "t" : 1756427250339,
      "tn" : 1756427250339844717,
      "q" : "1660000000",
      "p" : "0.00000003604",
      "s" : "buy",
      "i" : "CAW_USD",
      "m" : "4611686018428313415"
    }, {
      "d" : "1756427250233786799",
      "t" : 1756427250233,
      "tn" : 1756427250233786799,
      "q" : "810000000",
      "p" : "0.00000003604",
      "s" : "buy",
      "i" : "CAW_USD",
      "m" : "4611686018428313414"
    }, {
      "d" : "1756427250227960928",
      "t" : 1756427250227,
      "tn" : 1756427250227960928,
      "q" : "810000000",
      "p" : "0.00000003603",
      "s" : "buy",
      "i" : "CAW_USD",
      "m" : "4611686018428313413"
    }, {
      "d" : "1756427218204538901",
      "t" : 1756427218204,
      "tn" : 1756427218204538901,
      "q" : "830000000",
      "p" : "0.00000003615",
      "s" : "buy",
      "i" : "CAW_USD",
      "m" : "4611686018428313412"
    }, {
      "d" : "1756427218197998530",
      "t" : 1756427218197,
      "tn" : 1756427218197998530,
      "q" : "830000000",
      "p" : "0.00000003615",
      "s" : "buy",
      "i" : "CAW_USD",
      "m" : "4611686018428313411"
    }, {
      "d" : "1756427146738929747",
      "t" : 1756427146738,
      "tn" : 1756427146738929747,
      "q" : "1560000000",
      "p" : "0.00000003606",
      "s" : "buy",
      "i" : "CAW_USD",
      "m" : "4611686018428313410"
    }, {
      "d" : "1756427146618353163",
      "t" : 1756427146618,
      "tn" : 1756427146618353163,
      "q" : "2500000000",
      "p" : "0.00000003605",
      "s" : "buy",
      "i" : "CAW_USD",
      "m" : "4611686018428313409"
    }, {
      "d" : "1756427142011490122",
      "t" : 1756427142011,
      "tn" : 1756427142011490122,
      "q" : "1110000000",
      "p" : "0.00000003611",
      "s" : "buy",
      "i" : "CAW_USD",
      "m" : "4611686018428313408"
    }, {
      "d" : "1756427139018100386",
      "t" : 1756427139018,
      "tn" : 1756427139018100386,
      "q" : "1110000000",
      "p" : "0.00000003615",
      "s" : "buy",
      "i" : "CAW_USD",
      "m" : "4611686018428313407"
    }, {
      "d" : "1756427028895579517",
      "t" : 1756427028895,
      "tn" : 1756427028895579517,
      "q" : "150000000",
      "p" : "0.00000003648",
      "s" : "sell",
      "i" : "CAW_USD",
      "m" : "4611686018428313406"
    }, {
      "d" : "1756425197622232642",
      "t" : 1756425197622,
      "tn" : 1756425197622232642,
      "q" : "280000000",
      "p" : "0.00000003648",
      "s" : "sell",
      "i" : "CAW_USD",
      "m" : "4611686018428313405"
    }, {
      "d" : "1756423582741980088",
      "t" : 1756423582741,
      "tn" : 1756423582741980088,
      "q" : "1100000000",
      "p" : "0.00000003648",
      "s" : "sell",
      "i" : "CAW_USD",
      "m" : "4611686018428313404"
    }, {
      "d" : "1756423574729989131",
      "t" : 1756423574729,
      "tn" : 1756423574729989131,
      "q" : "2470000000",
      "p" : "0.00000003648",
      "s" : "sell",
      "i" : "CAW_USD",
      "m" : "4611686018428313403"
    }, {
      "d" : "1756423274526776340",
      "t" : 1756423274526,
      "tn" : 1756423274526776340,
      "q" : "1430000000",
      "p" : "0.00000003694",
      "s" : "buy",
      "i" : "CAW_USD",
      "m" : "4611686018428313402"
    }, {
      "d" : "1756423263547419194",
      "t" : 1756423263547,
      "tn" : 1756423263547419194,
      "q" : "1220000000",
      "p" : "0.00000003686",
      "s" : "buy",
      "i" : "CAW_USD",
      "m" : "4611686018428313401"
    }, {
      "d" : "1756423251765881729",
      "t" : 1756423251765,
      "tn" : 1756423251765881729,
      "q" : "1420000000",
      "p" : "0.00000003690",
      "s" : "buy",
      "i" : "CAW_USD",
      "m" : "4611686018428313400"
    }, {
      "d" : "1756423251294024455",
      "t" : 1756423251294,
      "tn" : 1756423251294024455,
      "q" : "690000000",
      "p" : "0.00000003690",
      "s" : "buy",
      "i" : "CAW_USD",
      "m" : "4611686018428313399"
    }, {
      "d" : "1756423251288098054",
      "t" : 1756423251288,
      "tn" : 1756423251288098054,
      "q" : "690000000",
      "p" : "0.00000003690",
      "s" : "buy",
      "i" : "CAW_USD",
      "m" : "4611686018428313398"
    }, {
      "d" : "1756422319745268089",
      "t" : 1756422319745,
      "tn" : 1756422319745268089,
      "q" : "90000000",
      "p" : "0.00000003648",
      "s" : "buy",
      "i" : "CAW_USD",
      "m" : "4611686018428313397"
    }, {
      "d" : "1756422139791482126",
      "t" : 1756422139791,
      "tn" : 1756422139791482126,
      "q" : "1100000000",
      "p" : "0.00000003634",
      "s" : "sell",
      "i" : "CAW_USD",
      "m" : "4611686018428313396"
    }, {
      "d" : "1756420332218322603",
      "t" : 1756420332218,
      "tn" : 1756420332218322603,
      "q" : "1120000000",
      "p" : "0.00000003577",
      "s" : "sell",
      "i" : "CAW_USD",
      "m" : "4611686018428313395"
    }, {
      "d" : "1756420330218820439",
      "t" : 1756420330218,
      "tn" : 1756420330218820439,
      "q" : "1120000000",
      "p" : "0.00000003571",
      "s" : "sell",
      "i" : "CAW_USD",
      "m" : "4611686018428313394"
    }, {
      "d" : "1756419999694537920",
      "t" : 1756419999694,
      "tn" : 1756419999694537920,
      "q" : "420000000",
      "p" : "0.00000003522",
      "s" : "buy",
      "i" : "CAW_USD",
      "m" : "4611686018428313393"
    }, {
      "d" : "1756418676761161619",
      "t" : 1756418676761,
      "tn" : 1756418676761161619,
      "q" : "1180000000",
      "p" : "0.00000003545",
      "s" : "sell",
      "i" : "CAW_USD",
      "m" : "4611686018428313392"
    }, {
      "d" : "1756418676738131525",
      "t" : 1756418676738,
      "tn" : 1756418676738131525,
      "q" : "2260000000",
      "p" : "0.00000003546",
      "s" : "sell",
      "i" : "CAW_USD",
      "m" : "4611686018428313391"
    }, {
      "d" : "1756417534124058313",
      "t" : 1756417534124,
      "tn" : 1756417534124058313,
      "q" : "1140000000",
      "p" : "0.00000003508",
      "s" : "sell",
      "i" : "CAW_USD",
      "m" : "4611686018428313390"
    }, {
      "d" : "1756417533137877424",
      "t" : 1756417533137,
      "tn" : 1756417533137877424,
      "q" : "1140000000",
      "p" : "0.00000003500",
      "s" : "sell",
      "i" : "CAW_USD",
      "m" : "4611686018428313389"
    }, {
      "d" : "1756417456030799402",
      "t" : 1756417456030,
      "tn" : 1756417456030799402,
      "q" : "1150000000",
      "p" : "0.00000003479",
      "s" : "sell",
      "i" : "CAW_USD",
      "m" : "4611686018428313388"
    }, {
      "d" : "1756417454057920465",
      "t" : 1756417454057,
      "tn" : 1756417454057920465,
      "q" : "2300000000",
      "p" : "0.00000003480",
      "s" : "sell",
      "i" : "CAW_USD",
      "m" : "4611686018428313387"
    }, {
      "d" : "1756417449042482899",
      "t" : 1756417449042,
      "tn" : 1756417449042482899,
      "q" : "1160000000",
      "p" : "0.00000003464",
      "s" : "sell",
      "i" : "CAW_USD",
      "m" : "4611686018428313386"
    }, {
      "d" : "1756417449022490680",
      "t" : 1756417449022,
      "tn" : 1756417449022490680,
      "q" : "1160000000",
      "p" : "0.00000003461",
      "s" : "sell",
      "i" : "CAW_USD",
      "m" : "4611686018428313385"
    }, {
      "d" : "1756417394963796735",
      "t" : 1756417394963,
      "tn" : 1756417394963796735,
      "q" : "1160000000",
      "p" : "0.00000003446",
      "s" : "sell",
      "i" : "CAW_USD",
      "m" : "4611686018428313384"
    }, {
      "d" : "1756417394084591029",
      "t" : 1756417394084,
      "tn" : 1756417394084591029,
      "q" : "1350000000",
      "p" : "0.00000003432",
      "s" : "sell",
      "i" : "CAW_USD",
      "m" : "4611686018428313383"
    }, {
      "d" : "1756417393978020692",
      "t" : 1756417393978,
      "tn" : 1756417393978020692,
      "q" : "2330000000",
      "p" : "0.00000003433",
      "s" : "sell",
      "i" : "CAW_USD",
      "m" : "4611686018428313382"
    }, {
      "d" : "1756417392957646315",
      "t" : 1756417392957,
      "tn" : 1756417392957646315,
      "q" : "1200000000",
      "p" : "0.00000003442",
      "s" : "sell",
      "i" : "CAW_USD",
      "m" : "4611686018428313381"
    }, {
      "d" : "1756417388539509313",
      "t" : 1756417388539,
      "tn" : 1756417388539509313,
      "q" : "250000000",
      "p" : "0.00000003400",
      "s" : "buy",
      "i" : "CAW_USD",
      "m" : "4611686018428313380"
    }, {
      "d" : "1756408160001286133",
      "t" : 1756408160001,
      "tn" : 1756408160001286133,
      "q" : "590000000",
      "p" : "0.00000003400",
      "s" : "buy",
      "i" : "CAW_USD",
      "m" : "4611686018428313379"
    }, {
      "d" : "1756408159995678032",
      "t" : 1756408159995,
      "tn" : 1756408159995678032,
      "q" : "1330000000",
      "p" : "0.00000003400",
      "s" : "buy",
      "i" : "CAW_USD",
      "m" : "4611686018428313378"
    }, {
      "d" : "1756408159995675424",
      "t" : 1756408159995,
      "tn" : 1756408159995675424,
      "q" : "430000000",
      "p" : "0.00000003363",
      "s" : "buy",
      "i" : "CAW_USD",
      "m" : "4611686018428313377"
    }, {
      "d" : "1756407832561467330",
      "t" : 1756407832561,
      "tn" : 1756407832561467330,
      "q" : "1190000000",
      "p" : "0.00000003363",
      "s" : "buy",
      "i" : "CAW_USD",
      "m" : "4611686018428313376"
    }, {
      "d" : "1756405401086932831",
      "t" : 1756405401086,
      "tn" : 1756405401086932831,
      "q" : "740000000",
      "p" : "0.00000003371",
      "s" : "buy",
      "i" : "CAW_USD",
      "m" : "4611686018428313375"
    }, {
      "d" : "1756403666611256085",
      "t" : 1756403666611,
      "tn" : 1756403666611256085,
      "q" : "800000000",
      "p" : "0.00000003273",
      "s" : "sell",
      "i" : "CAW_USD",
      "m" : "4611686018428313374"
    }, {
      "d" : "1756401903441372523",
      "t" : 1756401903441,
      "tn" : 1756401903441372523,
      "q" : "380000000",
      "p" : "0.00000003251",
      "s" : "buy",
      "i" : "CAW_USD",
      "m" : "4611686018428313373"
    }, {
      "d" : "1756401903436331617",
      "t" : 1756401903436,
      "tn" : 1756401903436331617,
      "q" : "620000000",
      "p" : "0.00000003251",
      "s" : "buy",
      "i" : "CAW_USD",
      "m" : "4611686018428313372"
    }, {
      "d" : "1756401038061632768",
      "t" : 1756401038061,
      "tn" : 1756401038061632768,
      "q" : "1500000000",
      "p" : "0.00000003202",
      "s" : "buy",
      "i" : "CAW_USD",
      "m" : "4611686018428313371"
    }, {
      "d" : "1756400733409626637",
      "t" : 1756400733409,
      "tn" : 1756400733409626637,
      "q" : "960000000",
      "p" : "0.00000003138",
      "s" : "buy",
      "i" : "CAW_USD",
      "m" : "4611686018428313370"
    }, {
      "d" : "1756400641933343453",
      "t" : 1756400641933,
      "tn" : 1756400641933343453,
      "q" : "2220000000",
      "p" : "0.00000003148",
      "s" : "buy",
      "i" : "CAW_USD",
      "m" : "4611686018428313369"
    }, {
      "d" : "1756400123698154973",
      "t" : 1756400123698,
      "tn" : 1756400123698154973,
      "q" : "1250000000",
      "p" : "0.00000003190",
      "s" : "buy",
      "i" : "CAW_USD",
      "m" : "4611686018428313368"
    }, {
      "d" : "1756400117539062288",
      "t" : 1756400117539,
      "tn" : 1756400117539062288,
      "q" : "1250000000",
      "p" : "0.00000003193",
      "s" : "buy",
      "i" : "CAW_USD",
      "m" : "4611686018428313367"
    }, {
      "d" : "1756399552764557130",
      "t" : 1756399552764,
      "tn" : 1756399552764557130,
      "q" : "760000000",
      "p" : "0.00000003309",
      "s" : "buy",
      "i" : "CAW_USD",
      "m" : "4611686018428313366"
    }, {
      "d" : "1756399552758341120",
      "t" : 1756399552758,
      "tn" : 1756399552758341120,
      "q" : "760000000",
      "p" : "0.00000003309",
      "s" : "buy",
      "i" : "CAW_USD",
      "m" : "4611686018428313365"
    }, {
      "d" : "1756399507679517284",
      "t" : 1756399507679,
      "tn" : 1756399507679517284,
      "q" : "1490000000",
      "p" : "0.00000003363",
      "s" : "buy",
      "i" : "CAW_USD",
      "m" : "4611686018428313364"
    }, {
      "d" : "1756398365061728004",
      "t" : 1756398365061,
      "tn" : 1756398365061728004,
      "q" : "460000000",
      "p" : "0.00000003500",
      "s" : "sell",
      "i" : "CAW_USD",
      "m" : "4611686018428313363"
    }, {
      "d" : "1756398365058020291",
      "t" : 1756398365058,
      "tn" : 1756398365058020291,
      "q" : "1710000000",
      "p" : "0.00000003500",
      "s" : "sell",
      "i" : "CAW_USD",
      "m" : "4611686018428313362"
    }, {
      "d" : "1756398354003873779",
      "t" : 1756398354003,
      "tn" : 1756398354003873779,
      "q" : "4290000000",
      "p" : "0.00000003500",
      "s" : "sell",
      "i" : "CAW_USD",
      "m" : "4611686018428313361"
    }, {
      "d" : "1756398344980314651",
      "t" : 1756398344980,
      "tn" : 1756398344980314651,
      "q" : "17140000000",
      "p" : "0.00000003500",
      "s" : "sell",
      "i" : "CAW_USD",
      "m" : "4611686018428313360"
    }, {
      "d" : "1756398282303064932",
      "t" : 1756398282303,
      "tn" : 1756398282303064932,
      "q" : "3200000000",
      "p" : "0.00000003500",
      "s" : "sell",
      "i" : "CAW_USD",
      "m" : "4611686018428313359"
    }, {
      "d" : "1756397249477966634",
      "t" : 1756397249477,
      "tn" : 1756397249477966634,
      "q" : "2320000000",
      "p" : "0.00000003453",
      "s" : "sell",
      "i" : "CAW_USD",
      "m" : "4611686018428313358"
    }, {
      "d" : "1756396047698649776",
      "t" : 1756396047698,
      "tn" : 1756396047698649776,
      "q" : "2060000000",
      "p" : "0.00000003405",
      "s" : "buy",
      "i" : "CAW_USD",
      "m" : "4611686018428313357"
    }, {
      "d" : "1756395986993374573",
      "t" : 1756395986993,
      "tn" : 1756395986993374573,
      "q" : "1170000000",
      "p" : "0.00000003429",
      "s" : "buy",
      "i" : "CAW_USD",
      "m" : "4611686018428313356"
    }, {
      "d" : "1756395986618610050",
      "t" : 1756395986618,
      "tn" : 1756395986618610050,
      "q" : "1210000000",
      "p" : "0.00000003429",
      "s" : "buy",
      "i" : "CAW_USD",
      "m" : "4611686018428313355"
    }, {
      "d" : "1756395968583942061",
      "t" : 1756395968583,
      "tn" : 1756395968583942061,
      "q" : "1170000000",
      "p" : "0.00000003433",
      "s" : "buy",
      "i" : "CAW_USD",
      "m" : "4611686018428313354"
    }, {
      "d" : "1756394459254298489",
      "t" : 1756394459254,
      "tn" : 1756394459254298489,
      "q" : "260000000",
      "p" : "0.00000003470",
      "s" : "sell",
      "i" : "CAW_USD",
      "m" : "4611686018428313353"
    }, {
      "d" : "1756393846758410076",
      "t" : 1756393846758,
      "tn" : 1756393846758410076,
      "q" : "1430000000",
      "p" : "0.00000003499",
      "s" : "buy",
      "i" : "CAW_USD",
      "m" : "4611686018428313352"
    }, {
      "d" : "1756393846523152223",
      "t" : 1756393846523,
      "tn" : 1756393846523152223,
      "q" : "2570000000",
      "p" : "0.00000003499",
      "s" : "buy",
      "i" : "CAW_USD",
      "m" : "4611686018428313351"
    }, {
      "d" : "1756393775678379836",
      "t" : 1756393775678,
      "tn" : 1756393775678379836,
      "q" : "2020000000",
      "p" : "0.00000003469",
      "s" : "buy",
      "i" : "CAW_USD",
      "m" : "4611686018428313350"
    }, {
      "d" : "1756393760408966941",
      "t" : 1756393760408,
      "tn" : 1756393760408966941,
      "q" : "2010000000",
      "p" : "0.00000003476",
      "s" : "buy",
      "i" : "CAW_USD",
      "m" : "4611686018428313349"
    }, {
      "d" : "1756393755158306487",
      "t" : 1756393755158,
      "tn" : 1756393755158306487,
      "q" : "1820000000",
      "p" : "0.00000003498",
      "s" : "buy",
      "i" : "CAW_USD",
      "m" : "4611686018428313348"
    }, {
      "d" : "1756393754989342249",
      "t" : 1756393754989,
      "tn" : 1756393754989342249,
      "q" : "1640000000",
      "p" : "0.00000003498",
      "s" : "buy",
      "i" : "CAW_USD",
      "m" : "4611686018428313347"
    }, {
      "d" : "1756393754794896018",
      "t" : 1756393754794,
      "tn" : 1756393754794896018,
      "q" : "1150000000",
      "p" : "0.00000003498",
      "s" : "buy",
      "i" : "CAW_USD",
      "m" : "4611686018428313346"
    }, {
      "d" : "1756393749418677744",
      "t" : 1756393749418,
      "tn" : 1756393749418677744,
      "q" : "2300000000",
      "p" : "0.00000003474",
      "s" : "buy",
      "i" : "CAW_USD",
      "m" : "4611686018428313345"
    }, {
      "d" : "1756393749396399312",
      "t" : 1756393749396,
      "tn" : 1756393749396399312,
      "q" : "2110000000",
      "p" : "0.00000003474",
      "s" : "buy",
      "i" : "CAW_USD",
      "m" : "4611686018428313344"
    }, {
      "d" : "1756393746429665608",
      "t" : 1756393746429,
      "tn" : 1756393746429665608,
      "q" : "1220000000",
      "p" : "0.00000003486",
      "s" : "buy",
      "i" : "CAW_USD",
      "m" : "4611686018428313343"
    }, {
      "d" : "1756393746393455047",
      "t" : 1756393746393,
      "tn" : 1756393746393455047,
      "q" : "2580000000",
      "p" : "0.00000003486",
      "s" : "buy",
      "i" : "CAW_USD",
      "m" : "4611686018428313342"
    }, {
      "d" : "1756393744281723274",
      "t" : 1756393744281,
      "tn" : 1756393744281723274,
      "q" : "1610000000",
      "p" : "0.00000003494",
      "s" : "buy",
      "i" : "CAW_USD",
      "m" : "4611686018428313341"
    }, {
      "d" : "1756393744062494561",
      "t" : 1756393744062,
      "tn" : 1756393744062494561,
      "q" : "1420000000",
      "p" : "0.00000003494",
      "s" : "buy",
      "i" : "CAW_USD",
      "m" : "4611686018428313340"
    }, {
      "d" : "1756393743900492093",
      "t" : 1756393743900,
      "tn" : 1756393743900492093,
      "q" : "1200000000",
      "p" : "0.00000003494",
      "s" : "buy",
      "i" : "CAW_USD",
      "m" : "4611686018428313339"
    }, {
      "d" : "1756393743519238541",
      "t" : 1756393743519,
      "tn" : 1756393743519238541,
      "q" : "1700000000",
      "p" : "0.00000003494",
      "s" : "buy",
      "i" : "CAW_USD",
      "m" : "4611686018428313338"
    }, {
      "d" : "1756393743388543291",
      "t" : 1756393743388,
      "tn" : 1756393743388543291,
      "q" : "2580000000",
      "p" : "0.00000003494",
      "s" : "buy",
      "i" : "CAW_USD",
      "m" : "4611686018428313337"
    }, {
      "d" : "1756393738378972017",
      "t" : 1756393738378,
      "tn" : 1756393738378972017,
      "q" : "2560000000",
      "p" : "0.00000003509",
      "s" : "buy",
      "i" : "CAW_USD",
      "m" : "4611686018428313336"
    }, {
      "d" : "1756393735397806588",
      "t" : 1756393735397,
      "tn" : 1756393735397806588,
      "q" : "1140000000",
      "p" : "0.00000003512",
      "s" : "buy",
      "i" : "CAW_USD",
      "m" : "4611686018428313335"
    }, {
      "d" : "1756393711558207336",
      "t" : 1756393711558,
      "tn" : 1756393711558207336,
      "q" : "2270000000",
      "p" : "0.00000003523",
      "s" : "buy",
      "i" : "CAW_USD",
      "m" : "4611686018428313334"
    }, {
      "d" : "1756393063470105041",
      "t" : 1756393063470,
      "tn" : 1756393063470105041,
      "q" : "1420000000",
      "p" : "0.00000003453",
      "s" : "buy",
      "i" : "CAW_USD",
      "m" : "4611686018428313333"
    }, {
      "d" : "1756393063419089850",
      "t" : 1756393063419,
      "tn" : 1756393063419089850,
      "q" : "1220000000",
      "p" : "0.00000003453",
      "s" : "buy",
      "i" : "CAW_USD",
      "m" : "4611686018428313332"
    }, {
      "d" : "1756392585769277876",
      "t" : 1756392585769,
      "tn" : 1756392585769277876,
      "q" : "710000000",
      "p" : "0.00000003497",
      "s" : "sell",
      "i" : "CAW_USD",
      "m" : "4611686018428313331"
    }, {
      "d" : "1756392585758281207",
      "t" : 1756392585758,
      "tn" : 1756392585758281207,
      "q" : "710000000",
      "p" : "0.00000003497",
      "s" : "sell",
      "i" : "CAW_USD",
      "m" : "4611686018428313330"
    }, {
      "d" : "1756391793653949443",
      "t" : 1756391793653,
      "tn" : 1756391793653949443,
      "q" : "1240000000",
      "p" : "0.00000003559",
      "s" : "buy",
      "i" : "CAW_USD",
      "m" : "4611686018428313329"
    }, {
      "d" : "1756391717518799089",
      "t" : 1756391717518,
      "tn" : 1756391717518799089,
      "q" : "1950000000",
      "p" : "0.00000003587",
      "s" : "buy",
      "i" : "CAW_USD",
      "m" : "4611686018428313328"
    }, {
      "d" : "1756391711494455679",
      "t" : 1756391711494,
      "tn" : 1756391711494455679,
      "q" : "1390000000",
      "p" : "0.00000003595",
      "s" : "buy",
      "i" : "CAW_USD",
      "m" : "4611686018428313327"
    }, {
      "d" : "1756391708495167792",
      "t" : 1756391708495,
      "tn" : 1756391708495167792,
      "q" : "830000000",
      "p" : "0.00000003603",
      "s" : "buy",
      "i" : "CAW_USD",
      "m" : "4611686018428313326"
    }, {
      "d" : "1756391708489129097",
      "t" : 1756391708489,
      "tn" : 1756391708489129097,
      "q" : "830000000",
      "p" : "0.00000003603",
      "s" : "buy",
      "i" : "CAW_USD",
      "m" : "4611686018428313325"
    }, {
      "d" : "1756391707532248911",
      "t" : 1756391707532,
      "tn" : 1756391707532248911,
      "q" : "1570000000",
      "p" : "0.00000003625",
      "s" : "buy",
      "i" : "CAW_USD",
      "m" : "4611686018428313324"
    }, {
      "d" : "1756391703658304248",
      "t" : 1756391703658,
      "tn" : 1756391703658304248,
      "q" : "2510000000",
      "p" : "0.00000003590",
      "s" : "buy",
      "i" : "CAW_USD",
      "m" : "4611686018428313323"
    }, {
      "d" : "1756391703618129983",
      "t" : 1756391703618,
      "tn" : 1756391703618129983,
      "q" : "2510000000",
      "p" : "0.00000003590",
      "s" : "buy",
      "i" : "CAW_USD",
      "m" : "4611686018428313322"
    }, {
      "d" : "1756391700564829273",
      "t" : 1756391700564,
      "tn" : 1756391700564829273,
      "q" : "2240000000",
      "p" : "0.00000003599",
      "s" : "buy",
      "i" : "CAW_USD",
      "m" : "4611686018428313321"
    }, {
      "d" : "1756391700498355833",
      "t" : 1756391700498,
      "tn" : 1756391700498355833,
      "q" : "2500000000",
      "p" : "0.00000003599",
      "s" : "buy",
      "i" : "CAW_USD",
      "m" : "4611686018428313320"
    }, {
      "d" : "1756391698470740330",
      "t" : 1756391698470,
      "tn" : 1756391698470740330,
      "q" : "1390000000",
      "p" : "0.00000003602",
      "s" : "buy",
      "i" : "CAW_USD",
      "m" : "4611686018428313319"
    }, {
      "d" : "1756391697080544112",
      "t" : 1756391697080,
      "tn" : 1756391697080544112,
      "q" : "580000000",
      "p" : "0.00000003606",
      "s" : "buy",
      "i" : "CAW_USD",
      "m" : "4611686018428313318"
    }, {
      "d" : "1756391697073867964",
      "t" : 1756391697073,
      "tn" : 1756391697073867964,
      "q" : "580000000",
      "p" : "0.00000003606",
      "s" : "buy",
      "i" : "CAW_USD",
      "m" : "4611686018428313317"
    }, {
      "d" : "1756391696856839706",
      "t" : 1756391696856,
      "tn" : 1756391696856839706,
      "q" : "2500000000",
      "p" : "0.00000003606",
      "s" : "buy",
      "i" : "CAW_USD",
      "m" : "4611686018428313316"
    }, {
      "d" : "1756391696635410984",
      "t" : 1756391696635,
      "tn" : 1756391696635410984,
      "q" : "2500000000",
      "p" : "0.00000003606",
      "s" : "buy",
      "i" : "CAW_USD",
      "m" : "4611686018428313315"
    }, {
      "d" : "1756391696578545418",
      "t" : 1756391696578,
      "tn" : 1756391696578545418,
      "q" : "2500000000",
      "p" : "0.00000003606",
      "s" : "buy",
      "i" : "CAW_USD",
      "m" : "4611686018428313314"
    }, {
      "d" : "1756391696336456497",
      "t" : 1756391696336,
      "tn" : 1756391696336456497,
      "q" : "1630000000",
      "p" : "0.00000003617",
      "s" : "buy",
      "i" : "CAW_USD",
      "m" : "4611686018428313313"
    }, {
      "d" : "1756391696198116385",
      "t" : 1756391696198,
      "tn" : 1756391696198116385,
      "q" : "1660000000",
      "p" : "0.00000003617",
      "s" : "buy",
      "i" : "CAW_USD",
      "m" : "4611686018428313312"
    }, {
      "d" : "1756391695769592724",
      "t" : 1756391695769,
      "tn" : 1756391695769592724,
      "q" : "1220000000",
      "p" : "0.00000003617",
      "s" : "buy",
      "i" : "CAW_USD",
      "m" : "4611686018428313311"
    }, {
      "d" : "1756391691478052771",
      "t" : 1756391691478,
      "tn" : 1756391691478052771,
      "q" : "1940000000",
      "p" : "0.00000003615",
      "s" : "buy",
      "i" : "CAW_USD",
      "m" : "4611686018428313310"
    }, {
      "d" : "1756391689478058415",
      "t" : 1756391689478,
      "tn" : 1756391689478058415,
      "q" : "1660000000",
      "p" : "0.00000003620",
      "s" : "buy",
      "i" : "CAW_USD",
      "m" : "4611686018428313309"
    }, {
      "d" : "1756391652632996403",
      "t" : 1756391652632,
      "tn" : 1756391652632996403,
      "q" : "1230000000",
      "p" : "0.00000003638",
      "s" : "buy",
      "i" : "CAW_USD",
      "m" : "4611686018428313308"
    }, {
      "d" : "1756391652538159535",
      "t" : 1756391652538,
      "tn" : 1756391652538159535,
      "q" : "1650000000",
      "p" : "0.00000003638",
      "s" : "buy",
      "i" : "CAW_USD",
      "m" : "4611686018428313307"
    }, {
      "d" : "1756391413561118943",
      "t" : 1756391413561,
      "tn" : 1756391413561118943,
      "q" : "1370000000",
      "p" : "0.00000003648",
      "s" : "buy",
      "i" : "CAW_USD",
      "m" : "4611686018428313306"
    }, {
      "d" : "1756391413139637511",
      "t" : 1756391413139,
      "tn" : 1756391413139637511,
      "q" : "2470000000",
      "p" : "0.00000003648",
      "s" : "buy",
      "i" : "CAW_USD",
      "m" : "4611686018428313305"
    }, {
      "d" : "1756391413054442345",
      "t" : 1756391413054,
      "tn" : 1756391413054442345,
      "q" : "1430000000",
      "p" : "0.00000003648",
      "s" : "buy",
      "i" : "CAW_USD",
      "m" : "4611686018428313304"
    }, {
      "d" : "1756391412938322964",
      "t" : 1756391412938,
      "tn" : 1756391412938322964,
      "q" : "1370000000",
      "p" : "0.00000003648",
      "s" : "buy",
      "i" : "CAW_USD",
      "m" : "4611686018428313303"
    }, {
      "d" : "1756391412873944691",
      "t" : 1756391412873,
      "tn" : 1756391412873944691,
      "q" : "1370000000",
      "p" : "0.00000003648",
      "s" : "buy",
      "i" : "CAW_USD",
      "m" : "4611686018428313302"
    } ]
  }
}