{
  "id" : -1,
  "method" : "public/get-trades",
  "code" : 0,
  "result" : {
    "data" : [ {
      "d" : "1756459891008726112",
      "t" : 1756459891008,
      "tn" : 1756459891008726112,
      "q" : "0.0071",
      "p" : "1.0567",
      "s" : "buy",
      "i" : "CDCETH_ETH",
      "m" : "4611686018429058050"
    }, {
      "d" : "1756459890817330765",
      "t" : 1756459890817,
      "tn" : 1756459890817330765,
      "q" : "0.0027",
      "p" : "1.0553",
      "s" : "buy",
      "i" : "CDCETH_ETH",
      "m" : "4611686018429058049"
    }, {
      "d" : "1756458576892944131",
      "t" : 1756458576892,
      "tn" : 1756458576892944131,
      "q" : "0.0091",
      "p" : "1.0530",
      "s" : "sell",
      "i" : "CDCETH_ETH",
      "m" : "4611686018429058048"
    }, {
      "d" : "1756458573862582261",
      "t" : 1756458573862,
      "tn" : 1756458573862582261,
      "q" : "0.0088",
      "p" : "1.0531",
      "s" : "sell",
      "i" : "CDCETH_ETH",
      "m" : "4611686018429058047"
    }, {
      "d" : "1756457608935835976",
      "t" : 1756457608935,
      "tn" : 1756457608935835976,
      "q" : "0.0088",
      "p" : "1.0577",
      "s" : "buy",
      "i" : "CDCETH_ETH",
      "m" : "4611686018429058046"
    }, {
      "d" : "1756457123536652209",
      "t" : 1756457123536,
      "tn" : 1756457123536652209,
      "q" : "0.2470",
      "p" : "1.0528",
      "s" : "sell",
      "i" : "CDCETH_ETH",
      "m" : "4611686018429058045"
    }, {
      "d" : "1756457123536650338",
      "t" : 1756457123536,
      "tn" : 1756457123536650338,
      "q" : "0.9757",
      "p" : "1.0530",
      "s" : "sell",
      "i" : "CDCETH_ETH",
      "m" : "4611686018429058044"
    }, {
      "d" : "1756457123535635174",
      "t" : 1756457123535,
      "tn" : 1756457123535635174,
      "q" : "0.0495",
      "p" : "1.0530",
      "s" : "sell",
      "i" : "CDCETH_ETH",
      "m" : "4611686018429058043"
    }, {
      "d" : "1756456032943494025",
      "t" : 1756456032943,
      "tn" : 1756456032943494025,
      "q" : "0.0610",
      "p" : "1.0530",
      "s" : "sell",
      "i" : "CDCETH_ETH",
      "m" : "4611686018429058042"
    }, {
      "d" : "1756456032772166946",
      "t" : 1756456032772,
      "tn" : 1756456032772166946,
      "q" : "0.0079",
      "p" : "1.0531",
      "s" : "sell",
      "i" : "CDCETH_ETH",
      "m" : "4611686018429058041"
    }, {
      "d" : "1756454533413727994",
      "t" : 1756454533413,
      "tn" : 1756454533413727994,
      "q" : "0.0090",
      "p" : "1.0531",
      "s" : "sell",
      "i" : "CDCETH_ETH",
      "m" : "4611686018429058040"
    }, {
      "d" : "1756453582023388649",
      "t" : 1756453582023,
      "tn" : 1756453582023388649,
      "q" : "0.0262",
      "p" : "1.0531",
      "s" : "sell",
      "i" : "CDCETH_ETH",
      "m" : "4611686018429058039"
    }, {
      "d" : "1756452566930079738",
      "t" : 1756452566930,
      "tn" : 1756452566930079738,
      "q" : "0.0057",
      "p" : "1.0561",
      "s" : "buy",
      "i" : "CDCETH_ETH",
      "m" : "4611686018429058038"
    }, {
      "d" : "1756451832669723078",
      "t" : 1756451832669,
      "tn" : 1756451832669723078,
      "q" : "0.0072",
      "p" : "1.0531",
      "s" : "sell",
      "i" : "CDCETH_ETH",
      "m" : "4611686018429058037"
    }, {
      "d" : "1756450898259136927",
      "t" : 1756450898259,
      "tn" : 1756450898259136927,
      "q" : "0.0092",
      "p" : "1.0568",
      "s" : "buy",
      "i" : "CDCETH_ETH",
      "m" : "4611686018429058036"
    }, {
      "d" : "1756450898235589181",
      "t" : 1756450898235,
      "tn" : 1756450898235589181,
      "q" : "0.0224",
      "p" : "1.0568",
      "s" : "buy",
      "i" : "CDCETH_ETH",
      "m" : "4611686018429058035"
    }, {
      "d" : "1756450898225694775",
      "t" : 1756450898225,
      "tn" : 1756450898225694775,
      "q" : "0.0092",
      "p" : "1.0569",
      "s" : "buy",
      "i" : "CDCETH_ETH",
      "m" : "4611686018429058034"
    }, {
      "d" : "1756450898215666674",
      "t" : 1756450898215,
      "tn" : 1756450898215666674,
      "q" : "0.0092",
      "p" : "1.0569",
      "s" : "buy",
      "i" : "CDCETH_ETH",
      "m" : "4611686018429058033"
    }, {
      "d" : "1756448437134957349",
      "t" : 1756448437134,
      "tn" : 1756448437134957349,
      "q" : "0.0130",
      "p" : "1.0553",
      "s" : "buy",
      "i" : "CDCETH_ETH",
      "m" : "4611686018429058032"
    }, {
      "d" : "1756447527799561765",
      "t" : 1756447527799,
      "tn" : 1756447527799561765,
      "q" : "0.0078",
      "p" : "1.0553",
      "s" : "sell",
      "i" : "CDCETH_ETH",
      "m" : "4611686018429058031"
    }, {
      "d" : "1756446896772150949",
      "t" : 1756446896772,
      "tn" : 1756446896772150949,
      "q" : "0.0514",
      "p" : "1.0553",
      "s" : "sell",
      "i" : "CDCETH_ETH",
      "m" : "4611686018429058030"
    }, {
      "d" : "1756446896545346731",
      "t" : 1756446896545,
      "tn" : 1756446896545346731,
      "q" : "0.0072",
      "p" : "1.0554",
      "s" : "sell",
      "i" : "CDCETH_ETH",
      "m" : "4611686018429058029"
    }, {
      "d" : "1756445400673088880",
      "t" : 1756445400673,
      "tn" : 1756445400673088880,
      "q" : "0.9357",
      "p" : "1.0553",
      "s" : "sell",
      "i" : "CDCETH_ETH",
      "m" : "4611686018429058028"
    }, {
      "d" : "1756445397875722789",
      "t" : 1756445397875,
      "tn" : 1756445397875722788,
      "q" : "0.0091",
      "p" : "1.0554",
      "s" : "sell",
      "i" : "CDCETH_ETH",
      "m" : "4611686018429058027"
    }, {
      "d" : "1756445397875722788",
      "t" : 1756445397875,
      "tn" : 1756445397875722788,
      "q" : "0.1096",
      "p" : "1.0554",
      "s" : "sell",
      "i" : "CDCETH_ETH",
      "m" : "4611686018429058027"
    }, {
      "d" : "1756445394840654314",
      "t" : 1756445394840,
      "tn" : 1756445394840654314,
      "q" : "0.0091",
      "p" : "1.0555",
      "s" : "sell",
      "i" : "CDCETH_ETH",
      "m" : "4611686018429058026"
    }, {
      "d" : "1756445394619787451",
      "t" : 1756445394619,
      "tn" : 1756445394619787451,
      "q" : "0.0930",
      "p" : "1.0560",
      "s" : "sell",
      "i" : "CDCETH_ETH",
      "m" : "4611686018429058025"
    }, {
      "d" : "1756445224835001961",
      "t" : 1756445224835,
      "tn" : 1756445224835001961,
      "q" : "0.2429",
      "p" : "1.0571",
      "s" : "buy",
      "i" : "CDCETH_ETH",
      "m" : "4611686018429058024"
    }, {
      "d" : "1756445221914505765",
      "t" : 1756445221914,
      "tn" : 1756445221914505765,
      "q" : "0.0497",
      "p" : "1.0570",
      "s" : "buy",
      "i" : "CDCETH_ETH",
      "m" : "4611686018429058023"
    }, {
      "d" : "1756445221737344224",
      "t" : 1756445221737,
      "tn" : 1756445221737344224,
      "q" : "0.0035",
      "p" : "1.0562",
      "s" : "buy",
      "i" : "CDCETH_ETH",
      "m" : "4611686018429058022"
    }, {
      "d" : "1756444471311144057",
      "t" : 1756444471311,
      "tn" : 1756444471311144057,
      "q" : "0.0073",
      "p" : "1.0566",
      "s" : "buy",
      "i" : "CDCETH_ETH",
      "m" : "4611686018429058021"
    }, {
      "d" : "1756443715441763086",
      "t" : 1756443715441,
      "tn" : 1756443715441763086,
      "q" : "0.0089",
      "p" : "1.0555",
      "s" : "sell",
      "i" : "CDCETH_ETH",
      "m" : "4611686018429058020"
    }, {
      "d" : "1756443657189964279",
      "t" : 1756443657189,
      "tn" : 1756443657189964279,
      "q" : "0.0030",
      "p" : "1.0563",
      "s" : "sell",
      "i" : "CDCETH_ETH",
      "m" : "4611686018429058019"
    }, {
      "d" : "1756443060947943167",
      "t" : 1756443060947,
      "tn" : 1756443060947943167,
      "q" : "0.0481",
      "p" : "1.0559",
      "s" : "sell",
      "i" : "CDCETH_ETH",
      "m" : "4611686018429058018"
    }, {
      "d" : "1756442766597539035",
      "t" : 1756442766597,
      "tn" : 1756442766597539035,
      "q" : "0.2535",
      "p" : "1.0571",
      "s" : "buy",
      "i" : "CDCETH_ETH",
      "m" : "4611686018429058017"
    }, {
      "d" : "1756442763440049333",
      "t" : 1756442763440,
      "tn" : 1756442763440049333,
      "q" : "0.0071",
      "p" : "1.0570",
      "s" : "buy",
      "i" : "CDCETH_ETH",
      "m" : "4611686018429058016"
    }, {
      "d" : "1756442763440047474",
      "t" : 1756442763440,
      "tn" : 1756442763440047474,
      "q" : "0.0041",
      "p" : "1.0569",
      "s" : "buy",
      "i" : "CDCETH_ETH",
      "m" : "4611686018429058015"
    }, {
      "d" : "1756442586021350906",
      "t" : 1756442586021,
      "tn" : 1756442586021350906,
      "q" : "0.0071",
      "p" : "1.0558",
      "s" : "sell",
      "i" : "CDCETH_ETH",
      "m" : "4611686018429058014"
    }, {
      "d" : "1756441662080900345",
      "t" : 1756441662080,
      "tn" : 1756441662080900345,
      "q" : "0.9657",
      "p" : "1.0571",
      "s" : "buy",
      "i" : "CDCETH_ETH",
      "m" : "4611686018429058013"
    }, {
      "d" : "1756441659024705473",
      "t" : 1756441659024,
      "tn" : 1756441659024705473,
      "q" : "0.1094",
      "p" : "1.0568",
      "s" : "buy",
      "i" : "CDCETH_ETH",
      "m" : "4611686018429058012"
    }, {
      "d" : "1756441658779428097",
      "t" : 1756441658779,
      "tn" : 1756441658779428097,
      "q" : "0.0862",
      "p" : "1.0567",
      "s" : "buy",
      "i" : "CDCETH_ETH",
      "m" : "4611686018429058011"
    }, {
      "d" : "1756439938621733928",
      "t" : 1756439938621,
      "tn" : 1756439938621733928,
      "q" : "0.0278",
      "p" : "1.0554",
      "s" : "sell",
      "i" : "CDCETH_ETH",
      "m" : "4611686018429058010"
    }, {
      "d" : "1756439779601177272",
      "t" : 1756439779601,
      "tn" : 1756439779601177272,
      "q" : "0.0165",
      "p" : "1.0554",
      "s" : "sell",
      "i" : "CDCETH_ETH",
      "m" : "4611686018429058009"
    }, {
      "d" : "1756439170173302169",
      "t" : 1756439170173,
      "tn" : 1756439170173302169,
      "q" : "0.0157",
      "p" : "1.0555",
      "s" : "buy",
      "i" : "CDCETH_ETH",
      "m" : "4611686018429058008"
    }, {
      "d" : "1756439170173300172",
      "t" : 1756439170173,
      "tn" : 1756439170173300172,
      "q" : "0.0082",
      "p" : "1.0554",
      "s" : "buy",
      "i" : "CDCETH_ETH",
      "m" : "4611686018429058007"
    }, {
      "d" : "1756439105357300087",
      "t" : 1756439105357,
      "tn" : 1756439105357300087,
      "q" : "0.0210",
      "p" : "1.0569",
      "s" : "buy",
      "i" : "CDCETH_ETH",
      "m" : "4611686018429058006"
    }, {
      "d" : "1756439102376639644",
      "t" : 1756439102376,
      "tn" : 1756439102376639644,
      "q" : "0.0031",
      "p" : "1.0545",
      "s" : "buy",
      "i" : "CDCETH_ETH",
      "m" : "4611686018429058005"
    }, {
      "d" : "1756438968338600562",
      "t" : 1756438968338,
      "tn" : 1756438968338600562,
      "q" : "0.0233",
      "p" : "1.0544",
      "s" : "sell",
      "i" : "CDCETH_ETH",
      "m" : "4611686018429058004"
    }, {
      "d" : "1756435370258009734",
      "t" : 1756435370258,
      "tn" : 1756435370258009734,
      "q" : "0.0059",
      "p" : "1.0553",
      "s" : "sell",
      "i" : "CDCETH_ETH",
      "m" : "4611686018429058003"
    }, {
      "d" : "1756434131802930176",
      "t" : 1756434131802,
      "tn" : 1756434131802930176,
      "q" : "0.0203",
      "p" : "1.0574",
      "s" : "buy",
      "i" : "CDCETH_ETH",
      "m" : "4611686018429058002"
    }, {
      "d" : "1756433728823693876",
      "t" : 1756433728823,
      "tn" : 1756433728823693876,
      "q" : "0.0036",
      "p" : "1.0548",
      "s" : "buy",
      "i" : "CDCETH_ETH",
      "m" : "4611686018429058001"
    }, {
      "d" : "1756433365772538169",
      "t" : 1756433365772,
      "tn" : 1756433365772538169,
      "q" : "0.0441",
      "p" : "1.0530",
      "s" : "sell",
      "i" : "CDCETH_ETH",
      "m" : "4611686018429058000"
    }, {
      "d" : "1756433363276179771",
      "t" : 1756433363276,
      "tn" : 1756433363276179771,
      "q" : "0.0675",
      "p" : "1.0531",
      "s" : "sell",
      "i" : "CDCETH_ETH",
      "m" : "4611686018429057999"
    }, {
      "d" : "1756432816775939882",
      "t" : 1756432816775,
      "tn" : 1756432816775939882,
      "q" : "0.0410",
      "p" : "1.0585",
      "s" : "buy",
      "i" : "CDCETH_ETH",
      "m" : "4611686018429057998"
    }, {
      "d" : "1756432683681846775",
      "t" : 1756432683681,
      "tn" : 1756432683681846775,
      "q" : "0.0265",
      "p" : "1.0579",
      "s" : "buy",
      "i" : "CDCETH_ETH",
      "m" : "4611686018429057997"
    }, {
      "d" : "1756432514551974601",
      "t" : 1756432514551,
      "tn" : 1756432514551974601,
      "q" : "0.0032",
      "p" : "1.0553",
      "s" : "buy",
      "i" : "CDCETH_ETH",
      "m" : "4611686018429057996"
    }, {
      "d" : "1756431785877299161",
      "t" : 1756431785877,
      "tn" : 1756431785877299161,
      "q" : "0.0063",
      "p" : "1.0567",
      "s" : "buy",
      "i" : "CDCETH_ETH",
      "m" : "4611686018429057995"
    }, {
      "d" : "1756431738506643101",
      "t" : 1756431738506,
      "tn" : 1756431738506643101,
      "q" : "0.0025",
      "p" : "1.0553",
      "s" : "sell",
      "i" : "CDCETH_ETH",
      "m" : "4611686018429057994"
    }, {
      "d" : "1756431264961775462",
      "t" : 1756431264961,
      "tn" : 1756431264961775462,
      "q" : "0.0162",
      "p" : "1.0530",
      "s" : "sell",
      "i" : "CDCETH_ETH",
      "m" : "4611686018429057993"
    }, {
      "d" : "1756431173020861094",
      "t" : 1756431173020,
      "tn" : 1756431173020861094,
      "q" : "0.0092",
      "p" : "1.0530",
      "s" : "sell",
      "i" : "CDCETH_ETH",
      "m" : "4611686018429057992"
    }, {
      "d" : "1756431171021823779",
      "t" : 1756431171021,
      "tn" : 1756431171021823778,
      "q" : "0.0073",
      "p" : "1.0531",
      "s" : "sell",
      "i" : "CDCETH_ETH",
      "m" : "4611686018429057991"
    }, {
      "d" : "1756431171021823778",
      "t" : 1756431171021,
      "tn" : 1756431171021823778,
      "q" : "0.0302",
      "p" : "1.0531",
      "s" : "sell",
      "i" : "CDCETH_ETH",
      "m" : "4611686018429057991"
    }, {
      "d" : "1756431076506198096",
      "t" : 1756431076506,
      "tn" : 1756431076506198096,
      "q" : "0.0061",
      "p" : "1.0531",
      "s" : "sell",
      "i" : "CDCETH_ETH",
      "m" : "4611686018429057990"
    }, {
      "d" : "1756430955511161328",
      "t" : 1756430955511,
      "tn" : 1756430955511161328,
      "q" : "0.0073",
      "p" : "1.0559",
      "s" : "buy",
      "i" : "CDCETH_ETH",
      "m" : "4611686018429057989"
    }, {
      "d" : "1756430729288465329",
      "t" : 1756430729288,
      "tn" : 1756430729288465329,
      "q" : "0.0204",
      "p" : "1.0532",
      "s" : "sell",
      "i" : "CDCETH_ETH",
      "m" : "4611686018429057988"
    }, {
      "d" : "1756430580456876417",
      "t" : 1756430580456,
      "tn" : 1756430580456876417,
      "q" : "0.0204",
      "p" : "1.0567",
      "s" : "buy",
      "i" : "CDCETH_ETH",
      "m" : "4611686018429057987"
    }, {
      "d" : "1756430083382221194",
      "t" : 1756430083382,
      "tn" : 1756430083382221194,
      "q" : "0.0105",
      "p" : "1.0531",
      "s" : "sell",
      "i" : "CDCETH_ETH",
      "m" : "4611686018429057986"
    }, {
      "d" : "1756428226187861994",
      "t" : 1756428226187,
      "tn" : 1756428226187861994,
      "q" : "0.0117",
      "p" : "1.0553",
      "s" : "sell",
      "i" : "CDCETH_ETH",
      "m" : "4611686018429057985"
    }, {
      "d" : "1756428149031753114",
      "t" : 1756428149031,
      "tn" : 1756428149031753114,
      "q" : "0.0141",
      "p" : "1.0569",
      "s" : "buy",
      "i" : "CDCETH_ETH",
      "m" : "4611686018429057984"
    }, {
      "d" : "1756426393185632914",
      "t" : 1756426393185,
      "tn" : 1756426393185632914,
      "q" : "0.0767",
      "p" : "1.0554",
      "s" : "sell",
      "i" : "CDCETH_ETH",
      "m" : "4611686018429057983"
    }, {
      "d" : "1756426392929803132",
      "t" : 1756426392929,
      "tn" : 1756426392929803132,
      "q" : "0.0352",
      "p" : "1.0555",
      "s" : "sell",
      "i" : "CDCETH_ETH",
      "m" : "4611686018429057982"
    }, {
      "d" : "1756425695510502833",
      "t" : 1756425695510,
      "tn" : 1756425695510502833,
      "q" : "0.0065",
      "p" : "1.0570",
      "s" : "buy",
      "i" : "CDCETH_ETH",
      "m" : "4611686018429057981"
    }, {
      "d" : "1756424276936489535",
      "t" : 1756424276936,
      "tn" : 1756424276936489535,
      "q" : "0.0083",
      "p" : "1.0533",
      "s" : "sell",
      "i" : "CDCETH_ETH",
      "m" : "4611686018429057980"
    }, {
      "d" : "1756424225063506670",
      "t" : 1756424225063,
      "tn" : 1756424225063506670,
      "q" : "0.0124",
      "p" : "1.0532",
      "s" : "sell",
      "i" : "CDCETH_ETH",
      "m" : "4611686018429057979"
    }, {
      "d" : "1756424222585554432",
      "t" : 1756424222585,
      "tn" : 1756424222585554432,
      "q" : "0.0176",
      "p" : "1.0592",
      "s" : "buy",
      "i" : "CDCETH_ETH",
      "m" : "4611686018429057978"
    }, {
      "d" : "1756423573298155395",
      "t" : 1756423573298,
      "tn" : 1756423573298155395,
      "q" : "0.0273",
      "p" : "1.0532",
      "s" : "sell",
      "i" : "CDCETH_ETH",
      "m" : "4611686018429057977"
    }, {
      "d" : "1756423512560117850",
      "t" : 1756423512560,
      "tn" : 1756423512560117850,
      "q" : "0.0267",
      "p" : "1.0593",
      "s" : "buy",
      "i" : "CDCETH_ETH",
      "m" : "4611686018429057976"
    }, {
      "d" : "1756422751821684732",
      "t" : 1756422751821,
      "tn" : 1756422751821684732,
      "q" : "0.0587",
      "p" : "1.0552",
      "s" : "sell",
      "i" : "CDCETH_ETH",
      "m" : "4611686018429057975"
    }, {
      "d" : "1756422638184691863",
      "t" : 1756422638184,
      "tn" : 1756422638184691863,
      "q" : "0.0101",
      "p" : "1.0541",
      "s" : "sell",
      "i" : "CDCETH_ETH",
      "m" : "4611686018429057974"
    }, {
      "d" : "1756422638184690137",
      "t" : 1756422638184,
      "tn" : 1756422638184690137,
      "q" : "0.0027",
      "p" : "1.0542",
      "s" : "sell",
      "i" : "CDCETH_ETH",
      "m" : "4611686018429057973"
    }, {
      "d" : "1756422629116873126",
      "t" : 1756422629116,
      "tn" : 1756422629116873126,
      "q" : "0.0158",
      "p" : "1.0594",
      "s" : "buy",
      "i" : "CDCETH_ETH",
      "m" : "4611686018429057972"
    }, {
      "d" : "1756422628908144336",
      "t" : 1756422628908,
      "tn" : 1756422628908144336,
      "q" : "0.0429",
      "p" : "1.0593",
      "s" : "buy",
      "i" : "CDCETH_ETH",
      "m" : "4611686018429057971"
    }, {
      "d" : "1756422592069430049",
      "t" : 1756422592069,
      "tn" : 1756422592069430049,
      "q" : "0.0208",
      "p" : "1.0593",
      "s" : "buy",
      "i" : "CDCETH_ETH",
      "m" : "4611686018429057970"
    }, {
      "d" : "1756421918584995944",
      "t" : 1756421918584,
      "tn" : 1756421918584995944,
      "q" : "0.0637",
      "p" : "1.0562",
      "s" : "sell",
      "i" : "CDCETH_ETH",
      "m" : "4611686018429057969"
    }, {
      "d" : "1756421912800237182",
      "t" : 1756421912800,
      "tn" : 1756421912800237182,
      "q" : "0.0649",
      "p" : "1.0594",
      "s" : "buy",
      "i" : "CDCETH_ETH",
      "m" : "4611686018429057968"
    }, {
      "d" : "1756421910739761829",
      "t" : 1756421910739,
      "tn" : 1756421910739761829,
      "q" : "0.0179",
      "p" : "1.0593",
      "s" : "buy",
      "i" : "CDCETH_ETH",
      "m" : "4611686018429057967"
    }, {
      "d" : "1756421662108649002",
      "t" : 1756421662108,
      "tn" : 1756421662108649002,
      "q" : "0.0751",
      "p" : "1.0593",
      "s" : "buy",
      "i" : "CDCETH_ETH",
      "m" : "4611686018429057966"
    }, {
      "d" : "1756421586424012990",
      "t" : 1756421586424,
      "tn" : 1756421586424012990,
      "q" : "0.0090",
      "p" : "1.0532",
      "s" : "sell",
      "i" : "CDCETH_ETH",
      "m" : "4611686018429057965"
    }, {
      "d" : "1756421584561700913",
      "t" : 1756421584561,
      "tn" : 1756421584561700913,
      "q" : "0.0611",
      "p" : "1.0533",
      "s" : "sell",
      "i" : "CDCETH_ETH",
      "m" : "4611686018429057964"
    }, {
      "d" : "1756421552587288492",
      "t" : 1756421552587,
      "tn" : 1756421552587288492,
      "q" : "0.0319",
      "p" : "1.0549",
      "s" : "sell",
      "i" : "CDCETH_ETH",
      "m" : "4611686018429057963"
    }, {
      "d" : "1756421547897641396",
      "t" : 1756421547897,
      "tn" : 1756421547897641396,
      "q" : "0.0511",
      "p" : "1.0594",
      "s" : "buy",
      "i" : "CDCETH_ETH",
      "m" : "4611686018429057962"
    }, {
      "d" : "1756421544757564586",
      "t" : 1756421544757,
      "tn" : 1756421544757564586,
      "q" : "0.0095",
      "p" : "1.0592",
      "s" : "buy",
      "i" : "CDCETH_ETH",
      "m" : "4611686018429057961"
    }, {
      "d" : "1756420482926696492",
      "t" : 1756420482926,
      "tn" : 1756420482926696492,
      "q" : "0.0085",
      "p" : "1.0534",
      "s" : "sell",
      "i" : "CDCETH_ETH",
      "m" : "4611686018429057960"
    }, {
      "d" : "1756420435677832284",
      "t" : 1756420435677,
      "tn" : 1756420435677832284,
      "q" : "0.0010",
      "p" : "1.0538",
      "s" : "sell",
      "i" : "CDCETH_ETH",
      "m" : "4611686018429057959"
    }, {
      "d" : "1756420435677830695",
      "t" : 1756420435677,
      "tn" : 1756420435677830695,
      "q" : "0.0075",
      "p" : "1.0539",
      "s" : "sell",
      "i" : "CDCETH_ETH",
      "m" : "4611686018429057958"
    }, {
      "d" : "1756420188814450981",
      "t" : 1756420188814,
      "tn" : 1756420188814450981,
      "q" : "0.1194",
      "p" : "1.0594",
      "s" : "buy",
      "i" : "CDCETH_ETH",
      "m" : "4611686018429057957"
    }, {
      "d" : "1756418035877758977",
      "t" : 1756418035877,
      "tn" : 1756418035877758977,
      "q" : "0.1009",
      "p" : "1.0594",
      "s" : "buy",
      "i" : "CDCETH_ETH",
      "m" : "4611686018429057956"
    }, {
      "d" : "1756418034759075094",
      "t" : 1756418034759,
      "tn" : 1756418034759075094,
      "q" : "0.1024",
      "p" : "1.0551",
      "s" : "sell",
      "i" : "CDCETH_ETH",
      "m" : "4611686018429057955"
    }, {
      "d" : "1756418034610810108",
      "t" : 1756418034610,
      "tn" : 1756418034610810108,
      "q" : "0.0523",
      "p" : "1.0551",
      "s" : "buy",
      "i" : "CDCETH_ETH",
      "m" : "4611686018429057954"
    }, {
      "d" : "1756418018995710788",
      "t" : 1756418018995,
      "tn" : 1756418018995710788,
      "q" : "0.0123",
      "p" : "1.0567",
      "s" : "buy",
      "i" : "CDCETH_ETH",
      "m" : "4611686018429057953"
    }, {
      "d" : "1756417290380273068",
      "t" : 1756417290380,
      "tn" : 1756417290380273068,
      "q" : "0.0072",
      "p" : "1.0558",
      "s" : "buy",
      "i" : "CDCETH_ETH",
      "m" : "4611686018429057952"
    }, {
      "d" : "1756417035058504425",
      "t" : 1756417035058,
      "tn" : 1756417035058504425,
      "q" : "0.0119",
      "p" : "1.0560",
      "s" : "buy",
      "i" : "CDCETH_ETH",
      "m" : "4611686018429057951"
    }, {
      "d" : "1756417011696657064",
      "t" : 1756417011696,
      "tn" : 1756417011696657064,
      "q" : "0.0069",
      "p" : "1.0548",
      "s" : "buy",
      "i" : "CDCETH_ETH",
      "m" : "4611686018429057950"
    }, {
      "d" : "1756415444542995144",
      "t" : 1756415444542,
      "tn" : 1756415444542995144,
      "q" : "0.0100",
      "p" : "1.0531",
      "s" : "sell",
      "i" : "CDCETH_ETH",
      "m" : "4611686018429057949"
    }, {
      "d" : "1756415375666188064",
      "t" : 1756415375666,
      "tn" : 1756415375666188064,
      "q" : "0.0093",
      "p" : "1.0559",
      "s" : "buy",
      "i" : "CDCETH_ETH",
      "m" : "4611686018429057948"
    }, {
      "d" : "1756414435823011265",
      "t" : 1756414435823,
      "tn" : 1756414435823011265,
      "q" : "0.0100",
      "p" : "1.0548",
      "s" : "buy",
      "i" : "CDCETH_ETH",
      "m" : "4611686018429057947"
    }, {
      "d" : "1756414392540344898",
      "t" : 1756414392540,
      "tn" : 1756414392540344898,
      "q" : "0.0054",
      "p" : "1.0530",
      "s" : "sell",
      "i" : "CDCETH_ETH",
      "m" : "4611686018429057946"
    }, {
      "d" : "1756414164137788502",
      "t" : 1756414164137,
      "tn" : 1756414164137788502,
      "q" : "0.0162",
      "p" : "1.0530",
      "s" : "sell",
      "i" : "CDCETH_ETH",
      "m" : "4611686018429057945"
    }, {
      "d" : "1756414163921060838",
      "t" : 1756414163921,
      "tn" : 1756414163921060838,
      "q" : "0.0586",
      "p" : "1.0531",
      "s" : "sell",
      "i" : "CDCETH_ETH",
      "m" : "4611686018429057944"
    }, {
      "d" : "1756414156550049210",
      "t" : 1756414156550,
      "tn" : 1756414156550049210,
      "q" : "0.0224",
      "p" : "1.0531",
      "s" : "sell",
      "i" : "CDCETH_ETH",
      "m" : "4611686018429057943"
    }, {
      "d" : "1756414040541705275",
      "t" : 1756414040541,
      "tn" : 1756414040541705275,
      "q" : "0.0054",
      "p" : "1.0591",
      "s" : "buy",
      "i" : "CDCETH_ETH",
      "m" : "4611686018429057942"
    }, {
      "d" : "1756412871205026951",
      "t" : 1756412871205,
      "tn" : 1756412871205026951,
      "q" : "0.0071",
      "p" : "1.0531",
      "s" : "sell",
      "i" : "CDCETH_ETH",
      "m" : "4611686018429057941"
    }, {
      "d" : "1756412807971670776",
      "t" : 1756412807971,
      "tn" : 1756412807971670776,
      "q" : "0.0071",
      "p" : "1.0591",
      "s" : "buy",
      "i" : "CDCETH_ETH",
      "m" : "4611686018429057940"
    }, {
      "d" : "1756412782674550998",
      "t" : 1756412782674,
      "tn" : 1756412782674550998,
      "q" : "0.0500",
      "p" : "1.0568",
      "s" : "buy",
      "i" : "CDCETH_ETH",
      "m" : "4611686018429057939"
    }, {
      "d" : "1756412679489807567",
      "t" : 1756412679489,
      "tn" : 1756412679489807567,
      "q" : "0.0059",
      "p" : "1.0531",
      "s" : "sell",
      "i" : "CDCETH_ETH",
      "m" : "4611686018429057938"
    }, {
      "d" : "1756412596764853664",
      "t" : 1756412596764,
      "tn" : 1756412596764853664,
      "q" : "0.0053",
      "p" : "1.0557",
      "s" : "buy",
      "i" : "CDCETH_ETH",
      "m" : "4611686018429057937"
    }, {
      "d" : "1756411574136135294",
      "t" : 1756411574136,
      "tn" : 1756411574136135294,
      "q" : "0.0057",
      "p" : "1.0552",
      "s" : "buy",
      "i" : "CDCETH_ETH",
      "m" : "4611686018429057936"
    }, {
      "d" : "1756411404710669111",
      "t" : 1756411404710,
      "tn" : 1756411404710669111,
      "q" : "0.0100",
      "p" : "1.0531",
      "s" : "sell",
      "i" : "CDCETH_ETH",
      "m" : "4611686018429057935"
    }, {
      "d" : "1756411075024079874",
      "t" : 1756411075024,
      "tn" : 1756411075024079874,
      "q" : "0.0087",
      "p" : "1.0552",
      "s" : "buy",
      "i" : "CDCETH_ETH",
      "m" : "4611686018429057934"
    }, {
      "d" : "1756410608722645837",
      "t" : 1756410608722,
      "tn" : 1756410608722645837,
      "q" : "0.0218",
      "p" : "1.0553",
      "s" : "buy",
      "i" : "CDCETH_ETH",
      "m" : "4611686018429057933"
    }, {
      "d" : "1756410439544288862",
      "t" : 1756410439544,
      "tn" : 1756410439544288862,
      "q" : "0.3229",
      "p" : "1.0530",
      "s" : "sell",
      "i" : "CDCETH_ETH",
      "m" : "4611686018429057932"
    }, {
      "d" : "1756410437284256446",
      "t" : 1756410437284,
      "tn" : 1756410437284256446,
      "q" : "0.0074",
      "p" : "1.0531",
      "s" : "sell",
      "i" : "CDCETH_ETH",
      "m" : "4611686018429057931"
    }, {
      "d" : "1756410434168037688",
      "t" : 1756410434168,
      "tn" : 1756410434168037688,
      "q" : "0.0076",
      "p" : "1.0532",
      "s" : "sell",
      "i" : "CDCETH_ETH",
      "m" : "4611686018429057930"
    }, {
      "d" : "1756410431165590675",
      "t" : 1756410431165,
      "tn" : 1756410431165590675,
      "q" : "0.0400",
      "p" : "1.0533",
      "s" : "sell",
      "i" : "CDCETH_ETH",
      "m" : "4611686018429057929"
    }, {
      "d" : "1756410410353409816",
      "t" : 1756410410353,
      "tn" : 1756410410353409816,
      "q" : "0.0388",
      "p" : "1.0553",
      "s" : "buy",
      "i" : "CDCETH_ETH",
      "m" : "4611686018429057928"
    }, {
      "d" : "1756409564886140299",
      "t" : 1756409564886,
      "tn" : 1756409564886140299,
      "q" : "0.0136",
      "p" : "1.0554",
      "s" : "sell",
      "i" : "CDCETH_ETH",
      "m" : "4611686018429057927"
    }, {
      "d" : "1756408812760090864",
      "t" : 1756408812760,
      "tn" : 1756408812760090864,
      "q" : "0.0129",
      "p" : "1.0532",
      "s" : "sell",
      "i" : "CDCETH_ETH",
      "m" : "4611686018429057926"
    }, {
      "d" : "1756408572681218998",
      "t" : 1756408572681,
      "tn" : 1756408572681218998,
      "q" : "0.0057",
      "p" : "1.0553",
      "s" : "buy",
      "i" : "CDCETH_ETH",
      "m" : "4611686018429057925"
    }, {
      "d" : "1756408275947882455",
      "t" : 1756408275947,
      "tn" : 1756408275947882455,
      "q" : "0.0104",
      "p" : "1.0533",
      "s" : "sell",
      "i" : "CDCETH_ETH",
      "m" : "4611686018429057924"
    }, {
      "d" : "1756408020904628982",
      "t" : 1756408020904,
      "tn" : 1756408020904628982,
      "q" : "0.0057",
      "p" : "1.0533",
      "s" : "sell",
      "i" : "CDCETH_ETH",
      "m" : "4611686018429057923"
    }, {
      "d" : "1756407688386016321",
      "t" : 1756407688386,
      "tn" : 1756407688386016321,
      "q" : "0.0068",
      "p" : "1.0533",
      "s" : "sell",
      "i" : "CDCETH_ETH",
      "m" : "4611686018429057922"
    }, {
      "d" : "1756407688180102594",
      "t" : 1756407688180,
      "tn" : 1756407688180102594,
      "q" : "0.0071",
      "p" : "1.0533",
      "s" : "sell",
      "i" : "CDCETH_ETH",
      "m" : "4611686018429057921"
    }, {
      "d" : "1756407581905989992",
      "t" : 1756407581905,
      "tn" : 1756407581905989992,
      "q" : "0.0520",
      "p" : "1.0569",
      "s" : "buy",
      "i" : "CDCETH_ETH",
      "m" : "4611686018429057920"
    }, {
      "d" : "1756407435435176819",
      "t" : 1756407435435,
      "tn" : 1756407435435176819,
      "q" : "0.0074",
      "p" : "1.0569",
      "s" : "buy",
      "i" : "CDCETH_ETH",
      "m" : "4611686018429057919"
    }, {
      "d" : "1756407435226557720",
      "t" : 1756407435226,
      "tn" : 1756407435226557720,
      "q" : "0.0076",
      "p" : "1.0568",
      "s" : "buy",
      "i" : "CDCETH_ETH",
      "m" : "4611686018429057918"
    }, {
      "d" : "1756407040757514702",
      "t" : 1756407040757,
      "tn" : 1756407040757514702,
      "q" : "0.0058",
      "p" : "1.0530",
      "s" : "sell",
      "i" : "CDCETH_ETH",
      "m" : "4611686018429057917"
    }, {
      "d" : "1756405196981563182",
      "t" : 1756405196981,
      "tn" : 1756405196981563182,
      "q" : "0.0283",
      "p" : "1.0552",
      "s" : "sell",
      "i" : "CDCETH_ETH",
      "m" : "4611686018429057916"
    }, {
      "d" : "1756405194345668681",
      "t" : 1756405194345,
      "tn" : 1756405194345668681,
      "q" : "0.0126",
      "p" : "1.0553",
      "s" : "sell",
      "i" : "CDCETH_ETH",
      "m" : "4611686018429057915"
    }, {
      "d" : "1756404651731020237",
      "t" : 1756404651731,
      "tn" : 1756404651731020237,
      "q" : "0.0163",
      "p" : "1.0554",
      "s" : "sell",
      "i" : "CDCETH_ETH",
      "m" : "4611686018429057914"
    }, {
      "d" : "1756404108408392308",
      "t" : 1756404108408,
      "tn" : 1756404108408392308,
      "q" : "0.0083",
      "p" : "1.0565",
      "s" : "buy",
      "i" : "CDCETH_ETH",
      "m" : "4611686018429057913"
    }, {
      "d" : "1756402996523127134",
      "t" : 1756402996523,
      "tn" : 1756402996523127134,
      "q" : "0.0206",
      "p" : "1.0569",
      "s" : "buy",
      "i" : "CDCETH_ETH",
      "m" : "4611686018429057912"
    }, {
      "d" : "1756401915615242367",
      "t" : 1756401915615,
      "tn" : 1756401915615242367,
      "q" : "0.0106",
      "p" : "1.0553",
      "s" : "sell",
      "i" : "CDCETH_ETH",
      "m" : "4611686018429057911"
    }, {
      "d" : "1756401913831477853",
      "t" : 1756401913831,
      "tn" : 1756401913831477853,
      "q" : "0.0108",
      "p" : "1.0554",
      "s" : "sell",
      "i" : "CDCETH_ETH",
      "m" : "4611686018429057910"
    }, {
      "d" : "1756401461026142049",
      "t" : 1756401461026,
      "tn" : 1756401461026142049,
      "q" : "0.0108",
      "p" : "1.0566",
      "s" : "buy",
      "i" : "CDCETH_ETH",
      "m" : "4611686018429057909"
    }, {
      "d" : "1756401380775165238",
      "t" : 1756401380775,
      "tn" : 1756401380775165238,
      "q" : "0.0600",
      "p" : "1.0553",
      "s" : "sell",
      "i" : "CDCETH_ETH",
      "m" : "4611686018429057908"
    }, {
      "d" : "1756401330139170714",
      "t" : 1756401330139,
      "tn" : 1756401330139170714,
      "q" : "0.0135",
      "p" : "1.0553",
      "s" : "sell",
      "i" : "CDCETH_ETH",
      "m" : "4611686018429057907"
    }, {
      "d" : "1756401329962723964",
      "t" : 1756401329962,
      "tn" : 1756401329962723964,
      "q" : "0.0084",
      "p" : "1.0554",
      "s" : "sell",
      "i" : "CDCETH_ETH",
      "m" : "4611686018429057906"
    }, {
      "d" : "1756401281991139226",
      "t" : 1756401281991,
      "tn" : 1756401281991139226,
      "q" : "0.0104",
      "p" : "1.0554",
      "s" : "sell",
      "i" : "CDCETH_ETH",
      "m" : "4611686018429057905"
    }, {
      "d" : "1756401279098966044",
      "t" : 1756401279098,
      "tn" : 1756401279098966044,
      "q" : "0.0108",
      "p" : "1.0555",
      "s" : "sell",
      "i" : "CDCETH_ETH",
      "m" : "4611686018429057904"
    }, {
      "d" : "1756401265327106462",
      "t" : 1756401265327,
      "tn" : 1756401265327106462,
      "q" : "0.0057",
      "p" : "1.0555",
      "s" : "sell",
      "i" : "CDCETH_ETH",
      "m" : "4611686018429057903"
    } ]
  }
}