{
  "id" : -1,
  "method" : "public/get-trades",
  "code" : 0,
  "result" : {
    "data" : [ {
      "d" : "1756457123534718415",
      "t" : 1756457123534,
      "tn" : 1756457123534718415,
      "q" : "1.2722",
      "p" : "4545.45",
      "s" : "buy",
      "i" : "CDCETH_USD",
      "m" : "4611686018429028414"
    }, {
      "d" : "1756457123529264485",
      "t" : 1756457123529,
      "tn" : 1756457123529264485,
      "q" : "0.1787",
      "p" : "4545.45",
      "s" : "sell",
      "i" : "CDCETH_USD",
      "m" : "4611686018429028413"
    }, {
      "d" : "1756457123529262345",
      "t" : 1756457123529,
      "tn" : 1756457123529262345,
      "q" : "0.0491",
      "p" : "4559.88",
      "s" : "sell",
      "i" : "CDCETH_USD",
      "m" : "4611686018429028412"
    }, {
      "d" : "1756457123529259202",
      "t" : 1756457123529,
      "tn" : 1756457123529259202,
      "q" : "0.5000",
      "p" : "4572.13",
      "s" : "sell",
      "i" : "CDCETH_USD",
      "m" : "4611686018429028411"
    }, {
      "d" : "1756450898258271551",
      "t" : 1756450898258,
      "tn" : 1756450898258271551,
      "q" : "0.0092",
      "p" : "4671.22",
      "s" : "sell",
      "i" : "CDCETH_USD",
      "m" : "4611686018429028410"
    }, {
      "d" : "1756450898234818518",
      "t" : 1756450898234,
      "tn" : 1756450898234818518,
      "q" : "0.0224",
      "p" : "4671.22",
      "s" : "sell",
      "i" : "CDCETH_USD",
      "m" : "4611686018429028409"
    }, {
      "d" : "1756450898224851526",
      "t" : 1756450898224,
      "tn" : 1756450898224851526,
      "q" : "0.0092",
      "p" : "4671.22",
      "s" : "sell",
      "i" : "CDCETH_USD",
      "m" : "4611686018429028408"
    }, {
      "d" : "1756450898214725035",
      "t" : 1756450898214,
      "tn" : 1756450898214725035,
      "q" : "0.0092",
      "p" : "4671.22",
      "s" : "sell",
      "i" : "CDCETH_USD",
      "m" : "4611686018429028407"
    }, {
      "d" : "1756446673926634374",
      "t" : 1756446673926,
      "tn" : 1756446673926634374,
      "q" : "0.0014",
      "p" : "4721.60",
      "s" : "sell",
      "i" : "CDCETH_USD",
      "m" : "4611686018429028406"
    }, {
      "d" : "1756396800058912845",
      "t" : 1756396800058,
      "tn" : 1756396800058912845,
      "q" : "0.0100",
      "p" : "4727.82",
      "s" : "sell",
      "i" : "CDCETH_USD",
      "m" : "4611686018429028405"
    }, {
      "d" : "1756396392791542389",
      "t" : 1756396392791,
      "tn" : 1756396392791542389,
      "q" : "0.0003",
      "p" : "4719.75",
      "s" : "sell",
      "i" : "CDCETH_USD",
      "m" : "4611686018429028404"
    }, {
      "d" : "1756396267591813659",
      "t" : 1756396267591,
      "tn" : 1756396267591813659,
      "q" : "0.0004",
      "p" : "4712.05",
      "s" : "sell",
      "i" : "CDCETH_USD",
      "m" : "4611686018429028403"
    }, {
      "d" : "1756396142391187521",
      "t" : 1756396142391,
      "tn" : 1756396142391187521,
      "q" : "0.0003",
      "p" : "4734.97",
      "s" : "sell",
      "i" : "CDCETH_USD",
      "m" : "4611686018429028402"
    }, {
      "d" : "1756396017141532673",
      "t" : 1756396017141,
      "tn" : 1756396017141532673,
      "q" : "0.0004",
      "p" : "4738.81",
      "s" : "sell",
      "i" : "CDCETH_USD",
      "m" : "4611686018429028401"
    }, {
      "d" : "1756395891941522538",
      "t" : 1756395891941,
      "tn" : 1756395891941522538,
      "q" : "0.0003",
      "p" : "4743.47",
      "s" : "sell",
      "i" : "CDCETH_USD",
      "m" : "4611686018429028400"
    }, {
      "d" : "1756395766741589126",
      "t" : 1756395766741,
      "tn" : 1756395766741589126,
      "q" : "0.0004",
      "p" : "4747.95",
      "s" : "sell",
      "i" : "CDCETH_USD",
      "m" : "4611686018429028399"
    }, {
      "d" : "1756395641491404205",
      "t" : 1756395641491,
      "tn" : 1756395641491404205,
      "q" : "0.0003",
      "p" : "4752.49",
      "s" : "sell",
      "i" : "CDCETH_USD",
      "m" : "4611686018429028398"
    }, {
      "d" : "1756395516291810924",
      "t" : 1756395516291,
      "tn" : 1756395516291810924,
      "q" : "0.0003",
      "p" : "4757.88",
      "s" : "sell",
      "i" : "CDCETH_USD",
      "m" : "4611686018429028397"
    }, {
      "d" : "1756395391092167706",
      "t" : 1756395391092,
      "tn" : 1756395391092167706,
      "q" : "0.0003",
      "p" : "4753.25",
      "s" : "sell",
      "i" : "CDCETH_USD",
      "m" : "4611686018429028396"
    }, {
      "d" : "1756395265841220271",
      "t" : 1756395265841,
      "tn" : 1756395265841220271,
      "q" : "0.0003",
      "p" : "4756.93",
      "s" : "sell",
      "i" : "CDCETH_USD",
      "m" : "4611686018429028395"
    }, {
      "d" : "1756395140641486193",
      "t" : 1756395140641,
      "tn" : 1756395140641486193,
      "q" : "0.0003",
      "p" : "4750.88",
      "s" : "sell",
      "i" : "CDCETH_USD",
      "m" : "4611686018429028394"
    }, {
      "d" : "1756395015441873125",
      "t" : 1756395015441,
      "tn" : 1756395015441873125,
      "q" : "0.0003",
      "p" : "4747.08",
      "s" : "sell",
      "i" : "CDCETH_USD",
      "m" : "4611686018429028393"
    }, {
      "d" : "1756394890192149953",
      "t" : 1756394890192,
      "tn" : 1756394890192149953,
      "q" : "0.0003",
      "p" : "4741.51",
      "s" : "sell",
      "i" : "CDCETH_USD",
      "m" : "4611686018429028392"
    }, {
      "d" : "1756394764991347822",
      "t" : 1756394764991,
      "tn" : 1756394764991347822,
      "q" : "0.0003",
      "p" : "4750.09",
      "s" : "sell",
      "i" : "CDCETH_USD",
      "m" : "4611686018429028391"
    }, {
      "d" : "1756394639741839863",
      "t" : 1756394639741,
      "tn" : 1756394639741839863,
      "q" : "0.0003",
      "p" : "4755.87",
      "s" : "sell",
      "i" : "CDCETH_USD",
      "m" : "4611686018429028390"
    }, {
      "d" : "1756394514541362919",
      "t" : 1756394514541,
      "tn" : 1756394514541362919,
      "q" : "0.0003",
      "p" : "4762.10",
      "s" : "sell",
      "i" : "CDCETH_USD",
      "m" : "4611686018429028389"
    }, {
      "d" : "1756394389342048463",
      "t" : 1756394389342,
      "tn" : 1756394389342048463,
      "q" : "0.0003",
      "p" : "4779.13",
      "s" : "sell",
      "i" : "CDCETH_USD",
      "m" : "4611686018429028388"
    }, {
      "d" : "1756394264091982965",
      "t" : 1756394264091,
      "tn" : 1756394264091982965,
      "q" : "0.0003",
      "p" : "4789.78",
      "s" : "sell",
      "i" : "CDCETH_USD",
      "m" : "4611686018429028387"
    }, {
      "d" : "1756394138891251862",
      "t" : 1756394138891,
      "tn" : 1756394138891251862,
      "q" : "0.0003",
      "p" : "4777.30",
      "s" : "sell",
      "i" : "CDCETH_USD",
      "m" : "4611686018429028386"
    }, {
      "d" : "1756394013691892891",
      "t" : 1756394013691,
      "tn" : 1756394013691892891,
      "q" : "0.0003",
      "p" : "4782.13",
      "s" : "sell",
      "i" : "CDCETH_USD",
      "m" : "4611686018429028385"
    }, {
      "d" : "1756393888442143336",
      "t" : 1756393888442,
      "tn" : 1756393888442143336,
      "q" : "0.0003",
      "p" : "4782.13",
      "s" : "sell",
      "i" : "CDCETH_USD",
      "m" : "4611686018429028384"
    }, {
      "d" : "1756393763241821287",
      "t" : 1756393763241,
      "tn" : 1756393763241821287,
      "q" : "0.0003",
      "p" : "4785.68",
      "s" : "sell",
      "i" : "CDCETH_USD",
      "m" : "4611686018429028383"
    }, {
      "d" : "1756393638041986873",
      "t" : 1756393638041,
      "tn" : 1756393638041986873,
      "q" : "0.0003",
      "p" : "4790.17",
      "s" : "sell",
      "i" : "CDCETH_USD",
      "m" : "4611686018429028382"
    }, {
      "d" : "1756393512792101402",
      "t" : 1756393512792,
      "tn" : 1756393512792101402,
      "q" : "0.0003",
      "p" : "4813.19",
      "s" : "sell",
      "i" : "CDCETH_USD",
      "m" : "4611686018429028381"
    }, {
      "d" : "1756393387591725569",
      "t" : 1756393387591,
      "tn" : 1756393387591725569,
      "q" : "0.0003",
      "p" : "4817.29",
      "s" : "sell",
      "i" : "CDCETH_USD",
      "m" : "4611686018429028380"
    }, {
      "d" : "1756393262391416452",
      "t" : 1756393262391,
      "tn" : 1756393262391416452,
      "q" : "0.0003",
      "p" : "4814.61",
      "s" : "sell",
      "i" : "CDCETH_USD",
      "m" : "4611686018429028379"
    }, {
      "d" : "1756393137141325242",
      "t" : 1756393137141,
      "tn" : 1756393137141325242,
      "q" : "0.0003",
      "p" : "4797.51",
      "s" : "sell",
      "i" : "CDCETH_USD",
      "m" : "4611686018429028378"
    }, {
      "d" : "1756393011941230617",
      "t" : 1756393011941,
      "tn" : 1756393011941230617,
      "q" : "0.0003",
      "p" : "4802.35",
      "s" : "sell",
      "i" : "CDCETH_USD",
      "m" : "4611686018429028377"
    }, {
      "d" : "1756392886742127159",
      "t" : 1756392886742,
      "tn" : 1756392886742127159,
      "q" : "0.0003",
      "p" : "4798.44",
      "s" : "sell",
      "i" : "CDCETH_USD",
      "m" : "4611686018429028376"
    }, {
      "d" : "1756392761491471484",
      "t" : 1756392761491,
      "tn" : 1756392761491471484,
      "q" : "0.0003",
      "p" : "4814.49",
      "s" : "sell",
      "i" : "CDCETH_USD",
      "m" : "4611686018429028375"
    }, {
      "d" : "1756392636292213153",
      "t" : 1756392636292,
      "tn" : 1756392636292213153,
      "q" : "0.0003",
      "p" : "4828.19",
      "s" : "sell",
      "i" : "CDCETH_USD",
      "m" : "4611686018429028374"
    }, {
      "d" : "1756392511091913355",
      "t" : 1756392511091,
      "tn" : 1756392511091913355,
      "q" : "0.0003",
      "p" : "4825.97",
      "s" : "sell",
      "i" : "CDCETH_USD",
      "m" : "4611686018429028373"
    }, {
      "d" : "1756392385841922630",
      "t" : 1756392385841,
      "tn" : 1756392385841922630,
      "q" : "0.0003",
      "p" : "4815.58",
      "s" : "sell",
      "i" : "CDCETH_USD",
      "m" : "4611686018429028372"
    }, {
      "d" : "1756392260641302999",
      "t" : 1756392260641,
      "tn" : 1756392260641302999,
      "q" : "0.0003",
      "p" : "4818.54",
      "s" : "sell",
      "i" : "CDCETH_USD",
      "m" : "4611686018429028371"
    }, {
      "d" : "1756392135441340394",
      "t" : 1756392135441,
      "tn" : 1756392135441340394,
      "q" : "0.0003",
      "p" : "4821.74",
      "s" : "sell",
      "i" : "CDCETH_USD",
      "m" : "4611686018429028370"
    }, {
      "d" : "1756392010192202196",
      "t" : 1756392010192,
      "tn" : 1756392010192202196,
      "q" : "0.0003",
      "p" : "4793.05",
      "s" : "sell",
      "i" : "CDCETH_USD",
      "m" : "4611686018429028369"
    }, {
      "d" : "1756391884991693193",
      "t" : 1756391884991,
      "tn" : 1756391884991693193,
      "q" : "0.0003",
      "p" : "4788.42",
      "s" : "sell",
      "i" : "CDCETH_USD",
      "m" : "4611686018429028368"
    }, {
      "d" : "1756391759741726156",
      "t" : 1756391759741,
      "tn" : 1756391759741726156,
      "q" : "0.0003",
      "p" : "4788.08",
      "s" : "sell",
      "i" : "CDCETH_USD",
      "m" : "4611686018429028367"
    }, {
      "d" : "1756391634541864011",
      "t" : 1756391634541,
      "tn" : 1756391634541864011,
      "q" : "0.0003",
      "p" : "4781.08",
      "s" : "sell",
      "i" : "CDCETH_USD",
      "m" : "4611686018429028366"
    }, {
      "d" : "1756391509341358728",
      "t" : 1756391509341,
      "tn" : 1756391509341358728,
      "q" : "0.0003",
      "p" : "4773.29",
      "s" : "sell",
      "i" : "CDCETH_USD",
      "m" : "4611686018429028365"
    }, {
      "d" : "1756391384091542793",
      "t" : 1756391384091,
      "tn" : 1756391384091542793,
      "q" : "0.0003",
      "p" : "4786.00",
      "s" : "sell",
      "i" : "CDCETH_USD",
      "m" : "4611686018429028364"
    }, {
      "d" : "1756391258891600743",
      "t" : 1756391258891,
      "tn" : 1756391258891600743,
      "q" : "0.0003",
      "p" : "4787.54",
      "s" : "sell",
      "i" : "CDCETH_USD",
      "m" : "4611686018429028363"
    }, {
      "d" : "1756391133691405853",
      "t" : 1756391133691,
      "tn" : 1756391133691405853,
      "q" : "0.0003",
      "p" : "4790.09",
      "s" : "sell",
      "i" : "CDCETH_USD",
      "m" : "4611686018429028362"
    }, {
      "d" : "1756391008442002088",
      "t" : 1756391008442,
      "tn" : 1756391008442002088,
      "q" : "0.0003",
      "p" : "4825.50",
      "s" : "sell",
      "i" : "CDCETH_USD",
      "m" : "4611686018429028361"
    }, {
      "d" : "1756390883241381562",
      "t" : 1756390883241,
      "tn" : 1756390883241381562,
      "q" : "0.0003",
      "p" : "4828.34",
      "s" : "sell",
      "i" : "CDCETH_USD",
      "m" : "4611686018429028360"
    }, {
      "d" : "1756390758041825527",
      "t" : 1756390758041,
      "tn" : 1756390758041825527,
      "q" : "0.0003",
      "p" : "4807.26",
      "s" : "sell",
      "i" : "CDCETH_USD",
      "m" : "4611686018429028359"
    }, {
      "d" : "1756390632791685193",
      "t" : 1756390632791,
      "tn" : 1756390632791685193,
      "q" : "0.0003",
      "p" : "4816.28",
      "s" : "sell",
      "i" : "CDCETH_USD",
      "m" : "4611686018429028358"
    }, {
      "d" : "1756390507592130717",
      "t" : 1756390507592,
      "tn" : 1756390507592130717,
      "q" : "0.0003",
      "p" : "4808.93",
      "s" : "sell",
      "i" : "CDCETH_USD",
      "m" : "4611686018429028357"
    }, {
      "d" : "1756390382392012719",
      "t" : 1756390382392,
      "tn" : 1756390382392012719,
      "q" : "0.0003",
      "p" : "4834.40",
      "s" : "sell",
      "i" : "CDCETH_USD",
      "m" : "4611686018429028356"
    }, {
      "d" : "1756390257141718456",
      "t" : 1756390257141,
      "tn" : 1756390257141718456,
      "q" : "0.0003",
      "p" : "4833.79",
      "s" : "sell",
      "i" : "CDCETH_USD",
      "m" : "4611686018429028355"
    }, {
      "d" : "1756390131941795228",
      "t" : 1756390131941,
      "tn" : 1756390131941795228,
      "q" : "0.0003",
      "p" : "4815.26",
      "s" : "sell",
      "i" : "CDCETH_USD",
      "m" : "4611686018429028354"
    }, {
      "d" : "1756390006741411248",
      "t" : 1756390006741,
      "tn" : 1756390006741411248,
      "q" : "0.0003",
      "p" : "4812.33",
      "s" : "sell",
      "i" : "CDCETH_USD",
      "m" : "4611686018429028353"
    }, {
      "d" : "1756389881492149940",
      "t" : 1756389881492,
      "tn" : 1756389881492149940,
      "q" : "0.0003",
      "p" : "4806.55",
      "s" : "sell",
      "i" : "CDCETH_USD",
      "m" : "4611686018429028352"
    }, {
      "d" : "1756389756291791482",
      "t" : 1756389756291,
      "tn" : 1756389756291791482,
      "q" : "0.0003",
      "p" : "4799.65",
      "s" : "sell",
      "i" : "CDCETH_USD",
      "m" : "4611686018429028351"
    }, {
      "d" : "1756389631091908862",
      "t" : 1756389631091,
      "tn" : 1756389631091908862,
      "q" : "0.0003",
      "p" : "4805.71",
      "s" : "sell",
      "i" : "CDCETH_USD",
      "m" : "4611686018429028350"
    }, {
      "d" : "1756389505841563376",
      "t" : 1756389505841,
      "tn" : 1756389505841563376,
      "q" : "0.0003",
      "p" : "4800.22",
      "s" : "sell",
      "i" : "CDCETH_USD",
      "m" : "4611686018429028349"
    }, {
      "d" : "1756389380641912687",
      "t" : 1756389380641,
      "tn" : 1756389380641912687,
      "q" : "0.0003",
      "p" : "4799.83",
      "s" : "sell",
      "i" : "CDCETH_USD",
      "m" : "4611686018429028348"
    }, {
      "d" : "1756389255441279973",
      "t" : 1756389255441,
      "tn" : 1756389255441279973,
      "q" : "0.0003",
      "p" : "4794.97",
      "s" : "sell",
      "i" : "CDCETH_USD",
      "m" : "4611686018429028347"
    }, {
      "d" : "1756389130191431668",
      "t" : 1756389130191,
      "tn" : 1756389130191431668,
      "q" : "0.0003",
      "p" : "4796.87",
      "s" : "sell",
      "i" : "CDCETH_USD",
      "m" : "4611686018429028346"
    }, {
      "d" : "1756389004991435810",
      "t" : 1756389004991,
      "tn" : 1756389004991435810,
      "q" : "0.0003",
      "p" : "4799.44",
      "s" : "sell",
      "i" : "CDCETH_USD",
      "m" : "4611686018429028345"
    }, {
      "d" : "1756388879741426477",
      "t" : 1756388879741,
      "tn" : 1756388879741426477,
      "q" : "0.0003",
      "p" : "4803.16",
      "s" : "sell",
      "i" : "CDCETH_USD",
      "m" : "4611686018429028344"
    }, {
      "d" : "1756388754541557333",
      "t" : 1756388754541,
      "tn" : 1756388754541557333,
      "q" : "0.0003",
      "p" : "4805.40",
      "s" : "sell",
      "i" : "CDCETH_USD",
      "m" : "4611686018429028343"
    }, {
      "d" : "1756388629341528872",
      "t" : 1756388629341,
      "tn" : 1756388629341528872,
      "q" : "0.0003",
      "p" : "4817.45",
      "s" : "sell",
      "i" : "CDCETH_USD",
      "m" : "4611686018429028342"
    }, {
      "d" : "1756388504091877950",
      "t" : 1756388504091,
      "tn" : 1756388504091877950,
      "q" : "0.0003",
      "p" : "4822.89",
      "s" : "sell",
      "i" : "CDCETH_USD",
      "m" : "4611686018429028341"
    }, {
      "d" : "1756388378891804519",
      "t" : 1756388378891,
      "tn" : 1756388378891804519,
      "q" : "0.0003",
      "p" : "4825.38",
      "s" : "sell",
      "i" : "CDCETH_USD",
      "m" : "4611686018429028340"
    }, {
      "d" : "1756388253691456723",
      "t" : 1756388253691,
      "tn" : 1756388253691456723,
      "q" : "0.0003",
      "p" : "4824.64",
      "s" : "sell",
      "i" : "CDCETH_USD",
      "m" : "4611686018429028339"
    }, {
      "d" : "1756388128441403415",
      "t" : 1756388128441,
      "tn" : 1756388128441403415,
      "q" : "0.0003",
      "p" : "4830.57",
      "s" : "sell",
      "i" : "CDCETH_USD",
      "m" : "4611686018429028338"
    }, {
      "d" : "1756388003241516803",
      "t" : 1756388003241,
      "tn" : 1756388003241516803,
      "q" : "0.0003",
      "p" : "4830.02",
      "s" : "sell",
      "i" : "CDCETH_USD",
      "m" : "4611686018429028337"
    }, {
      "d" : "1756387878041608460",
      "t" : 1756387878041,
      "tn" : 1756387878041608460,
      "q" : "0.0003",
      "p" : "4835.86",
      "s" : "sell",
      "i" : "CDCETH_USD",
      "m" : "4611686018429028336"
    }, {
      "d" : "1756387752791864810",
      "t" : 1756387752791,
      "tn" : 1756387752791864810,
      "q" : "0.0003",
      "p" : "4830.04",
      "s" : "sell",
      "i" : "CDCETH_USD",
      "m" : "4611686018429028335"
    }, {
      "d" : "1756387627591359523",
      "t" : 1756387627591,
      "tn" : 1756387627591359523,
      "q" : "0.0003",
      "p" : "4831.23",
      "s" : "sell",
      "i" : "CDCETH_USD",
      "m" : "4611686018429028334"
    }, {
      "d" : "1756387502392125765",
      "t" : 1756387502392,
      "tn" : 1756387502392125765,
      "q" : "0.0003",
      "p" : "4836.95",
      "s" : "sell",
      "i" : "CDCETH_USD",
      "m" : "4611686018429028333"
    }, {
      "d" : "1756387377141894785",
      "t" : 1756387377141,
      "tn" : 1756387377141894785,
      "q" : "0.0003",
      "p" : "4863.85",
      "s" : "sell",
      "i" : "CDCETH_USD",
      "m" : "4611686018429028332"
    }, {
      "d" : "1756387251941522042",
      "t" : 1756387251941,
      "tn" : 1756387251941522042,
      "q" : "0.0003",
      "p" : "4858.28",
      "s" : "sell",
      "i" : "CDCETH_USD",
      "m" : "4611686018429028331"
    }, {
      "d" : "1756387126741430014",
      "t" : 1756387126741,
      "tn" : 1756387126741430014,
      "q" : "0.0003",
      "p" : "4849.33",
      "s" : "sell",
      "i" : "CDCETH_USD",
      "m" : "4611686018429028330"
    }, {
      "d" : "1756387001491695619",
      "t" : 1756387001491,
      "tn" : 1756387001491695619,
      "q" : "0.0003",
      "p" : "4844.75",
      "s" : "sell",
      "i" : "CDCETH_USD",
      "m" : "4611686018429028329"
    }, {
      "d" : "1756386876291802438",
      "t" : 1756386876291,
      "tn" : 1756386876291802438,
      "q" : "0.0003",
      "p" : "4845.14",
      "s" : "sell",
      "i" : "CDCETH_USD",
      "m" : "4611686018429028328"
    }, {
      "d" : "1756386751091246776",
      "t" : 1756386751091,
      "tn" : 1756386751091246776,
      "q" : "0.0003",
      "p" : "4848.24",
      "s" : "sell",
      "i" : "CDCETH_USD",
      "m" : "4611686018429028327"
    }, {
      "d" : "1756386625841292149",
      "t" : 1756386625841,
      "tn" : 1756386625841292149,
      "q" : "0.0003",
      "p" : "4846.27",
      "s" : "sell",
      "i" : "CDCETH_USD",
      "m" : "4611686018429028326"
    }, {
      "d" : "1756386500642108287",
      "t" : 1756386500642,
      "tn" : 1756386500642108287,
      "q" : "0.0003",
      "p" : "4849.91",
      "s" : "sell",
      "i" : "CDCETH_USD",
      "m" : "4611686018429028325"
    }, {
      "d" : "1756386375441208933",
      "t" : 1756386375441,
      "tn" : 1756386375441208933,
      "q" : "0.0003",
      "p" : "4850.17",
      "s" : "sell",
      "i" : "CDCETH_USD",
      "m" : "4611686018429028324"
    }, {
      "d" : "1756386250191613458",
      "t" : 1756386250191,
      "tn" : 1756386250191613458,
      "q" : "0.0003",
      "p" : "4849.53",
      "s" : "sell",
      "i" : "CDCETH_USD",
      "m" : "4611686018429028323"
    }, {
      "d" : "1756386124992024428",
      "t" : 1756386124992,
      "tn" : 1756386124992024428,
      "q" : "0.0003",
      "p" : "4845.38",
      "s" : "sell",
      "i" : "CDCETH_USD",
      "m" : "4611686018429028322"
    }, {
      "d" : "1756385999741764138",
      "t" : 1756385999741,
      "tn" : 1756385999741764138,
      "q" : "0.0003",
      "p" : "4848.55",
      "s" : "sell",
      "i" : "CDCETH_USD",
      "m" : "4611686018429028321"
    }, {
      "d" : "1756385874541563127",
      "t" : 1756385874541,
      "tn" : 1756385874541563127,
      "q" : "0.0003",
      "p" : "4855.53",
      "s" : "sell",
      "i" : "CDCETH_USD",
      "m" : "4611686018429028320"
    }, {
      "d" : "1756385749341133825",
      "t" : 1756385749341,
      "tn" : 1756385749341133825,
      "q" : "0.0003",
      "p" : "4859.94",
      "s" : "sell",
      "i" : "CDCETH_USD",
      "m" : "4611686018429028319"
    }, {
      "d" : "1756385624091563164",
      "t" : 1756385624091,
      "tn" : 1756385624091563164,
      "q" : "0.0003",
      "p" : "4860.02",
      "s" : "sell",
      "i" : "CDCETH_USD",
      "m" : "4611686018429028318"
    }, {
      "d" : "1756385498891906629",
      "t" : 1756385498891,
      "tn" : 1756385498891906629,
      "q" : "0.0003",
      "p" : "4862.00",
      "s" : "sell",
      "i" : "CDCETH_USD",
      "m" : "4611686018429028317"
    }, {
      "d" : "1756385373691387259",
      "t" : 1756385373691,
      "tn" : 1756385373691387259,
      "q" : "0.0003",
      "p" : "4856.80",
      "s" : "sell",
      "i" : "CDCETH_USD",
      "m" : "4611686018429028316"
    }, {
      "d" : "1756385248441551130",
      "t" : 1756385248441,
      "tn" : 1756385248441551130,
      "q" : "0.0003",
      "p" : "4858.63",
      "s" : "sell",
      "i" : "CDCETH_USD",
      "m" : "4611686018429028315"
    }, {
      "d" : "1756385123241970687",
      "t" : 1756385123241,
      "tn" : 1756385123241970687,
      "q" : "0.0003",
      "p" : "4862.80",
      "s" : "sell",
      "i" : "CDCETH_USD",
      "m" : "4611686018429028314"
    }, {
      "d" : "1756384998042191908",
      "t" : 1756384998042,
      "tn" : 1756384998042191908,
      "q" : "0.0003",
      "p" : "4856.80",
      "s" : "sell",
      "i" : "CDCETH_USD",
      "m" : "4611686018429028313"
    }, {
      "d" : "1756384872791691578",
      "t" : 1756384872791,
      "tn" : 1756384872791691578,
      "q" : "0.0003",
      "p" : "4858.98",
      "s" : "sell",
      "i" : "CDCETH_USD",
      "m" : "4611686018429028312"
    }, {
      "d" : "1756384747591516930",
      "t" : 1756384747591,
      "tn" : 1756384747591516930,
      "q" : "0.0003",
      "p" : "4841.46",
      "s" : "sell",
      "i" : "CDCETH_USD",
      "m" : "4611686018429028311"
    }, {
      "d" : "1756384622391618974",
      "t" : 1756384622391,
      "tn" : 1756384622391618974,
      "q" : "0.0003",
      "p" : "4840.89",
      "s" : "sell",
      "i" : "CDCETH_USD",
      "m" : "4611686018429028310"
    }, {
      "d" : "1756384497141287697",
      "t" : 1756384497141,
      "tn" : 1756384497141287697,
      "q" : "0.0003",
      "p" : "4852.00",
      "s" : "sell",
      "i" : "CDCETH_USD",
      "m" : "4611686018429028309"
    }, {
      "d" : "1756384371941779829",
      "t" : 1756384371941,
      "tn" : 1756384371941779829,
      "q" : "0.0003",
      "p" : "4844.98",
      "s" : "sell",
      "i" : "CDCETH_USD",
      "m" : "4611686018429028308"
    }, {
      "d" : "1756384246741433759",
      "t" : 1756384246741,
      "tn" : 1756384246741433759,
      "q" : "0.0003",
      "p" : "4843.96",
      "s" : "sell",
      "i" : "CDCETH_USD",
      "m" : "4611686018429028307"
    }, {
      "d" : "1756384121492144350",
      "t" : 1756384121492,
      "tn" : 1756384121492144350,
      "q" : "0.0003",
      "p" : "4826.39",
      "s" : "sell",
      "i" : "CDCETH_USD",
      "m" : "4611686018429028306"
    }, {
      "d" : "1756383996292007781",
      "t" : 1756383996292,
      "tn" : 1756383996292007781,
      "q" : "0.0003",
      "p" : "4833.25",
      "s" : "sell",
      "i" : "CDCETH_USD",
      "m" : "4611686018429028305"
    }, {
      "d" : "1756383871091786769",
      "t" : 1756383871091,
      "tn" : 1756383871091786769,
      "q" : "0.0003",
      "p" : "4837.45",
      "s" : "sell",
      "i" : "CDCETH_USD",
      "m" : "4611686018429028304"
    }, {
      "d" : "1756383745841651441",
      "t" : 1756383745841,
      "tn" : 1756383745841651441,
      "q" : "0.0003",
      "p" : "4840.51",
      "s" : "sell",
      "i" : "CDCETH_USD",
      "m" : "4611686018429028303"
    }, {
      "d" : "1756383620641607067",
      "t" : 1756383620641,
      "tn" : 1756383620641607067,
      "q" : "0.0003",
      "p" : "4840.51",
      "s" : "sell",
      "i" : "CDCETH_USD",
      "m" : "4611686018429028302"
    }, {
      "d" : "1756383495441576877",
      "t" : 1756383495441,
      "tn" : 1756383495441576877,
      "q" : "0.0003",
      "p" : "4838.58",
      "s" : "sell",
      "i" : "CDCETH_USD",
      "m" : "4611686018429028301"
    }, {
      "d" : "1756383370191470496",
      "t" : 1756383370191,
      "tn" : 1756383370191470496,
      "q" : "0.0003",
      "p" : "4838.58",
      "s" : "sell",
      "i" : "CDCETH_USD",
      "m" : "4611686018429028300"
    }, {
      "d" : "1756383244991917334",
      "t" : 1756383244991,
      "tn" : 1756383244991917334,
      "q" : "0.0003",
      "p" : "4843.09",
      "s" : "sell",
      "i" : "CDCETH_USD",
      "m" : "4611686018429028299"
    }, {
      "d" : "1756383119741756079",
      "t" : 1756383119741,
      "tn" : 1756383119741756079,
      "q" : "0.0003",
      "p" : "4843.20",
      "s" : "sell",
      "i" : "CDCETH_USD",
      "m" : "4611686018429028298"
    }, {
      "d" : "1756382994541614270",
      "t" : 1756382994541,
      "tn" : 1756382994541614270,
      "q" : "0.0003",
      "p" : "4841.09",
      "s" : "sell",
      "i" : "CDCETH_USD",
      "m" : "4611686018429028297"
    }, {
      "d" : "1756382869341172029",
      "t" : 1756382869341,
      "tn" : 1756382869341172029,
      "q" : "0.0003",
      "p" : "4837.77",
      "s" : "sell",
      "i" : "CDCETH_USD",
      "m" : "4611686018429028296"
    }, {
      "d" : "1756382744091917399",
      "t" : 1756382744091,
      "tn" : 1756382744091917399,
      "q" : "0.0003",
      "p" : "4816.72",
      "s" : "sell",
      "i" : "CDCETH_USD",
      "m" : "4611686018429028295"
    }, {
      "d" : "1756382618891612335",
      "t" : 1756382618891,
      "tn" : 1756382618891612335,
      "q" : "0.0003",
      "p" : "4819.24",
      "s" : "sell",
      "i" : "CDCETH_USD",
      "m" : "4611686018429028294"
    }, {
      "d" : "1756382493692047509",
      "t" : 1756382493692,
      "tn" : 1756382493692047509,
      "q" : "0.0003",
      "p" : "4819.25",
      "s" : "sell",
      "i" : "CDCETH_USD",
      "m" : "4611686018429028293"
    }, {
      "d" : "1756382368441379801",
      "t" : 1756382368441,
      "tn" : 1756382368441379801,
      "q" : "0.0003",
      "p" : "4841.02",
      "s" : "sell",
      "i" : "CDCETH_USD",
      "m" : "4611686018429028292"
    }, {
      "d" : "1756382243242189277",
      "t" : 1756382243242,
      "tn" : 1756382243242189277,
      "q" : "0.0003",
      "p" : "4841.02",
      "s" : "sell",
      "i" : "CDCETH_USD",
      "m" : "4611686018429028291"
    }, {
      "d" : "1756382118041418278",
      "t" : 1756382118041,
      "tn" : 1756382118041418278,
      "q" : "0.0003",
      "p" : "4841.70",
      "s" : "sell",
      "i" : "CDCETH_USD",
      "m" : "4611686018429028290"
    }, {
      "d" : "1756381992791834977",
      "t" : 1756381992791,
      "tn" : 1756381992791834977,
      "q" : "0.0003",
      "p" : "4838.72",
      "s" : "sell",
      "i" : "CDCETH_USD",
      "m" : "4611686018429028289"
    }, {
      "d" : "1756381867591699871",
      "t" : 1756381867591,
      "tn" : 1756381867591699871,
      "q" : "0.0003",
      "p" : "4833.77",
      "s" : "sell",
      "i" : "CDCETH_USD",
      "m" : "4611686018429028288"
    }, {
      "d" : "1756381742391550674",
      "t" : 1756381742391,
      "tn" : 1756381742391550674,
      "q" : "0.0003",
      "p" : "4834.95",
      "s" : "sell",
      "i" : "CDCETH_USD",
      "m" : "4611686018429028287"
    }, {
      "d" : "1756381617142094627",
      "t" : 1756381617142,
      "tn" : 1756381617142094627,
      "q" : "0.0003",
      "p" : "4832.20",
      "s" : "sell",
      "i" : "CDCETH_USD",
      "m" : "4611686018429028286"
    }, {
      "d" : "1756381491942062640",
      "t" : 1756381491942,
      "tn" : 1756381491942062640,
      "q" : "0.0003",
      "p" : "4838.26",
      "s" : "sell",
      "i" : "CDCETH_USD",
      "m" : "4611686018429028285"
    }, {
      "d" : "1756381366741249242",
      "t" : 1756381366741,
      "tn" : 1756381366741249242,
      "q" : "0.0003",
      "p" : "4842.77",
      "s" : "sell",
      "i" : "CDCETH_USD",
      "m" : "4611686018429028284"
    }, {
      "d" : "1756381241491946382",
      "t" : 1756381241491,
      "tn" : 1756381241491946382,
      "q" : "0.0003",
      "p" : "4842.83",
      "s" : "sell",
      "i" : "CDCETH_USD",
      "m" : "4611686018429028283"
    }, {
      "d" : "1756381116291767380",
      "t" : 1756381116291,
      "tn" : 1756381116291767380,
      "q" : "0.0003",
      "p" : "4845.53",
      "s" : "sell",
      "i" : "CDCETH_USD",
      "m" : "4611686018429028282"
    }, {
      "d" : "1756380991092040938",
      "t" : 1756380991092,
      "tn" : 1756380991092040938,
      "q" : "0.0003",
      "p" : "4849.70",
      "s" : "sell",
      "i" : "CDCETH_USD",
      "m" : "4611686018429028281"
    }, {
      "d" : "1756380865841211452",
      "t" : 1756380865841,
      "tn" : 1756380865841211452,
      "q" : "0.0003",
      "p" : "4847.10",
      "s" : "sell",
      "i" : "CDCETH_USD",
      "m" : "4611686018429028280"
    }, {
      "d" : "1756380740641166035",
      "t" : 1756380740641,
      "tn" : 1756380740641166035,
      "q" : "0.0003",
      "p" : "4849.18",
      "s" : "sell",
      "i" : "CDCETH_USD",
      "m" : "4611686018429028279"
    }, {
      "d" : "1756380615441588238",
      "t" : 1756380615441,
      "tn" : 1756380615441588238,
      "q" : "0.0003",
      "p" : "4846.88",
      "s" : "sell",
      "i" : "CDCETH_USD",
      "m" : "4611686018429028278"
    }, {
      "d" : "1756380490191262185",
      "t" : 1756380490191,
      "tn" : 1756380490191262185,
      "q" : "0.0003",
      "p" : "4843.42",
      "s" : "sell",
      "i" : "CDCETH_USD",
      "m" : "4611686018429028277"
    }, {
      "d" : "1756380364991703173",
      "t" : 1756380364991,
      "tn" : 1756380364991703173,
      "q" : "0.0003",
      "p" : "4844.42",
      "s" : "sell",
      "i" : "CDCETH_USD",
      "m" : "4611686018429028276"
    }, {
      "d" : "1756380239741515077",
      "t" : 1756380239741,
      "tn" : 1756380239741515077,
      "q" : "0.0003",
      "p" : "4839.84",
      "s" : "sell",
      "i" : "CDCETH_USD",
      "m" : "4611686018429028275"
    }, {
      "d" : "1756380114541798620",
      "t" : 1756380114541,
      "tn" : 1756380114541798620,
      "q" : "0.0003",
      "p" : "4842.99",
      "s" : "sell",
      "i" : "CDCETH_USD",
      "m" : "4611686018429028274"
    }, {
      "d" : "1756379989341895318",
      "t" : 1756379989341,
      "tn" : 1756379989341895318,
      "q" : "0.0003",
      "p" : "4840.91",
      "s" : "sell",
      "i" : "CDCETH_USD",
      "m" : "4611686018429028273"
    }, {
      "d" : "1756379864091710139",
      "t" : 1756379864091,
      "tn" : 1756379864091710139,
      "q" : "0.0003",
      "p" : "4841.57",
      "s" : "sell",
      "i" : "CDCETH_USD",
      "m" : "4611686018429028272"
    }, {
      "d" : "1756379738891759448",
      "t" : 1756379738891,
      "tn" : 1756379738891759448,
      "q" : "0.0003",
      "p" : "4835.83",
      "s" : "sell",
      "i" : "CDCETH_USD",
      "m" : "4611686018429028271"
    }, {
      "d" : "1756379613691416499",
      "t" : 1756379613691,
      "tn" : 1756379613691416499,
      "q" : "0.0003",
      "p" : "4839.50",
      "s" : "sell",
      "i" : "CDCETH_USD",
      "m" : "4611686018429028270"
    }, {
      "d" : "1756379488441267597",
      "t" : 1756379488441,
      "tn" : 1756379488441267597,
      "q" : "0.0003",
      "p" : "4842.75",
      "s" : "sell",
      "i" : "CDCETH_USD",
      "m" : "4611686018429028269"
    }, {
      "d" : "1756379363241658936",
      "t" : 1756379363241,
      "tn" : 1756379363241658936,
      "q" : "0.0003",
      "p" : "4839.45",
      "s" : "sell",
      "i" : "CDCETH_USD",
      "m" : "4611686018429028268"
    }, {
      "d" : "1756379238041531918",
      "t" : 1756379238041,
      "tn" : 1756379238041531918,
      "q" : "0.0003",
      "p" : "4838.59",
      "s" : "sell",
      "i" : "CDCETH_USD",
      "m" : "4611686018429028267"
    }, {
      "d" : "1756379112791231881",
      "t" : 1756379112791,
      "tn" : 1756379112791231881,
      "q" : "0.0003",
      "p" : "4848.33",
      "s" : "sell",
      "i" : "CDCETH_USD",
      "m" : "4611686018429028266"
    }, {
      "d" : "1756378987591397140",
      "t" : 1756378987591,
      "tn" : 1756378987591397140,
      "q" : "0.0003",
      "p" : "4853.70",
      "s" : "sell",
      "i" : "CDCETH_USD",
      "m" : "4611686018429028265"
    } ]
  }
}