{
  "id" : -1,
  "method" : "public/get-trades",
  "code" : 0,
  "result" : {
    "data" : [ {
      "d" : "1756455421147737728",
      "t" : 1756455421147,
      "tn" : 1756455421147737728,
      "q" : "0.113",
      "p" : "1.05800",
      "s" : "buy",
      "i" : "CDCSOL_SOL",
      "m" : "4611686018427408220"
    }, {
      "d" : "1756450899650927883",
      "t" : 1756450899650,
      "tn" : 1756450899650927883,
      "q" : "0.111",
      "p" : "1.05800",
      "s" : "buy",
      "i" : "CDCSOL_SOL",
      "m" : "4611686018427408219"
    }, {
      "d" : "1756450899163884562",
      "t" : 1756450899163,
      "tn" : 1756450899163884562,
      "q" : "0.539",
      "p" : "1.05800",
      "s" : "buy",
      "i" : "CDCSOL_SOL",
      "m" : "4611686018427408218"
    }, {
      "d" : "1756445098110258675",
      "t" : 1756445098110,
      "tn" : 1756445098110258675,
      "q" : "0.307",
      "p" : "1.05800",
      "s" : "buy",
      "i" : "CDCSOL_SOL",
      "m" : "4611686018427408217"
    }, {
      "d" : "1756442802642461128",
      "t" : 1756442802642,
      "tn" : 1756442802642461128,
      "q" : "0.006",
      "p" : "1.05800",
      "s" : "buy",
      "i" : "CDCSOL_SOL",
      "m" : "4611686018427408216"
    }, {
      "d" : "1756442798262520033",
      "t" : 1756442798262,
      "tn" : 1756442798262520033,
      "q" : "0.023",
      "p" : "1.05800",
      "s" : "buy",
      "i" : "CDCSOL_SOL",
      "m" : "4611686018427408215"
    }, {
      "d" : "1756442790167751242",
      "t" : 1756442790167,
      "tn" : 1756442790167751242,
      "q" : "0.090",
      "p" : "1.05800",
      "s" : "buy",
      "i" : "CDCSOL_SOL",
      "m" : "4611686018427408214"
    }, {
      "d" : "1756442783019912754",
      "t" : 1756442783019,
      "tn" : 1756442783019912754,
      "q" : "0.093",
      "p" : "1.05800",
      "s" : "buy",
      "i" : "CDCSOL_SOL",
      "m" : "4611686018427408213"
    }, {
      "d" : "1756442783019910098",
      "t" : 1756442783019,
      "tn" : 1756442783019910098,
      "q" : "0.270",
      "p" : "1.05799",
      "s" : "buy",
      "i" : "CDCSOL_SOL",
      "m" : "4611686018427408212"
    }, {
      "d" : "1756401265806195578",
      "t" : 1756401265806,
      "tn" : 1756401265806195578,
      "q" : "0.774",
      "p" : "1.05639",
      "s" : "sell",
      "i" : "CDCSOL_SOL",
      "m" : "4611686018427408211"
    }, {
      "d" : "1756401265806192919",
      "t" : 1756401265806,
      "tn" : 1756401265806192918,
      "q" : "0.113",
      "p" : "1.05640",
      "s" : "sell",
      "i" : "CDCSOL_SOL",
      "m" : "4611686018427408210"
    }, {
      "d" : "1756401265806192918",
      "t" : 1756401265806,
      "tn" : 1756401265806192918,
      "q" : "0.113",
      "p" : "1.05640",
      "s" : "sell",
      "i" : "CDCSOL_SOL",
      "m" : "4611686018427408210"
    }, {
      "d" : "1756400370665362315",
      "t" : 1756400370665,
      "tn" : 1756400370665362315,
      "q" : "0.113",
      "p" : "1.05799",
      "s" : "buy",
      "i" : "CDCSOL_SOL",
      "m" : "4611686018427408209"
    }, {
      "d" : "1756400358934973894",
      "t" : 1756400358934,
      "tn" : 1756400358934973894,
      "q" : "0.113",
      "p" : "1.05799",
      "s" : "buy",
      "i" : "CDCSOL_SOL",
      "m" : "4611686018427408208"
    } ]
  }
}