{
  "id" : -1,
  "method" : "public/get-trades",
  "code" : 0,
  "result" : {
    "data" : [ {
      "d" : "1756457610993157036",
      "t" : 1756457610993,
      "tn" : 1756457610993157036,
      "q" : "0.233",
      "p" : "219.93",
      "s" : "buy",
      "i" : "CDCSOL_USD",
      "m" : "4611686018427417321"
    }, {
      "d" : "1756456032785881635",
      "t" : 1756456032785,
      "tn" : 1756456032785881635,
      "q" : "1.539",
      "p" : "219.63",
      "s" : "sell",
      "i" : "CDCSOL_USD",
      "m" : "4611686018427417320"
    }, {
      "d" : "1756455421146759635",
      "t" : 1756455421146,
      "tn" : 1756455421146759635,
      "q" : "0.113",
      "p" : "220.00",
      "s" : "sell",
      "i" : "CDCSOL_USD",
      "m" : "4611686018427417319"
    }, {
      "d" : "1756453655043699041",
      "t" : 1756453655043,
      "tn" : 1756453655043699041,
      "q" : "0.058",
      "p" : "222.04",
      "s" : "buy",
      "i" : "CDCSOL_USD",
      "m" : "4611686018427417318"
    }, {
      "d" : "1756453583988088389",
      "t" : 1756453583988,
      "tn" : 1756453583988088389,
      "q" : "0.513",
      "p" : "221.02",
      "s" : "sell",
      "i" : "CDCSOL_USD",
      "m" : "4611686018427417317"
    }, {
      "d" : "1756450899650010084",
      "t" : 1756450899650,
      "tn" : 1756450899650010084,
      "q" : "0.111",
      "p" : "223.75",
      "s" : "sell",
      "i" : "CDCSOL_USD",
      "m" : "4611686018427417316"
    }, {
      "d" : "1756450899163027043",
      "t" : 1756450899163,
      "tn" : 1756450899163027043,
      "q" : "0.539",
      "p" : "223.77",
      "s" : "sell",
      "i" : "CDCSOL_USD",
      "m" : "4611686018427417315"
    }, {
      "d" : "1756449901991535323",
      "t" : 1756449901991,
      "tn" : 1756449901991535323,
      "q" : "0.035",
      "p" : "227.80",
      "s" : "buy",
      "i" : "CDCSOL_USD",
      "m" : "4611686018427417314"
    }, {
      "d" : "1756448385273033213",
      "t" : 1756448385273,
      "tn" : 1756448385273033213,
      "q" : "0.427",
      "p" : "225.73",
      "s" : "buy",
      "i" : "CDCSOL_USD",
      "m" : "4611686018427417313"
    }, {
      "d" : "1756447240041945537",
      "t" : 1756447240041,
      "tn" : 1756447240041945537,
      "q" : "0.020",
      "p" : "228.58",
      "s" : "buy",
      "i" : "CDCSOL_USD",
      "m" : "4611686018427417312"
    }, {
      "d" : "1756446440194991636",
      "t" : 1756446440194,
      "tn" : 1756446440194991636,
      "q" : "0.318",
      "p" : "227.94",
      "s" : "sell",
      "i" : "CDCSOL_USD",
      "m" : "4611686018427417311"
    }, {
      "d" : "1756445245343713105",
      "t" : 1756445245343,
      "tn" : 1756445245343713105,
      "q" : "0.049",
      "p" : "227.55",
      "s" : "buy",
      "i" : "CDCSOL_USD",
      "m" : "4611686018427417310"
    }, {
      "d" : "1756445098109286792",
      "t" : 1756445098109,
      "tn" : 1756445098109286792,
      "q" : "0.307",
      "p" : "227.55",
      "s" : "sell",
      "i" : "CDCSOL_USD",
      "m" : "4611686018427417309"
    }, {
      "d" : "1756445098101793483",
      "t" : 1756445098101,
      "tn" : 1756445098101793483,
      "q" : "4.000",
      "p" : "227.55",
      "s" : "buy",
      "i" : "CDCSOL_USD",
      "m" : "4611686018427417308"
    }, {
      "d" : "1756444792539881207",
      "t" : 1756444792539,
      "tn" : 1756444792539881207,
      "q" : "1.204",
      "p" : "227.61",
      "s" : "sell",
      "i" : "CDCSOL_USD",
      "m" : "4611686018427417307"
    }, {
      "d" : "1756444545797960531",
      "t" : 1756444545797,
      "tn" : 1756444545797960531,
      "q" : "0.248",
      "p" : "228.55",
      "s" : "buy",
      "i" : "CDCSOL_USD",
      "m" : "4611686018427417306"
    }, {
      "d" : "1756443594175322431",
      "t" : 1756443594175,
      "tn" : 1756443594175322431,
      "q" : "0.479",
      "p" : "229.18",
      "s" : "sell",
      "i" : "CDCSOL_USD",
      "m" : "4611686018427417305"
    }, {
      "d" : "1756442044828591973",
      "t" : 1756442044828,
      "tn" : 1756442044828591973,
      "q" : "0.113",
      "p" : "229.96",
      "s" : "sell",
      "i" : "CDCSOL_USD",
      "m" : "4611686018427417304"
    }, {
      "d" : "1756439521224437476",
      "t" : 1756439521224,
      "tn" : 1756439521224437476,
      "q" : "1.046",
      "p" : "230.28",
      "s" : "buy",
      "i" : "CDCSOL_USD",
      "m" : "4611686018427417303"
    }, {
      "d" : "1756439169993835862",
      "t" : 1756439169993,
      "tn" : 1756439169993835862,
      "q" : "0.321",
      "p" : "229.41",
      "s" : "buy",
      "i" : "CDCSOL_USD",
      "m" : "4611686018427417302"
    }, {
      "d" : "1756439102406908393",
      "t" : 1756439102406,
      "tn" : 1756439102406908393,
      "q" : "0.313",
      "p" : "229.53",
      "s" : "buy",
      "i" : "CDCSOL_USD",
      "m" : "4611686018427417301"
    }, {
      "d" : "1756438640288428229",
      "t" : 1756438640288,
      "tn" : 1756438640288428229,
      "q" : "1.000",
      "p" : "228.39",
      "s" : "buy",
      "i" : "CDCSOL_USD",
      "m" : "4611686018427417300"
    }, {
      "d" : "1756437269741941093",
      "t" : 1756437269741,
      "tn" : 1756437269741941093,
      "q" : "0.071",
      "p" : "226.89",
      "s" : "sell",
      "i" : "CDCSOL_USD",
      "m" : "4611686018427417299"
    }, {
      "d" : "1756436297380127272",
      "t" : 1756436297380,
      "tn" : 1756436297380127272,
      "q" : "0.095",
      "p" : "228.49",
      "s" : "buy",
      "i" : "CDCSOL_USD",
      "m" : "4611686018427417298"
    }, {
      "d" : "1756432859898319409",
      "t" : 1756432859898,
      "tn" : 1756432859898319409,
      "q" : "1.130",
      "p" : "225.16",
      "s" : "sell",
      "i" : "CDCSOL_USD",
      "m" : "4611686018427417297"
    }, {
      "d" : "1756431300297083124",
      "t" : 1756431300297,
      "tn" : 1756431300297083124,
      "q" : "0.232",
      "p" : "225.55",
      "s" : "sell",
      "i" : "CDCSOL_USD",
      "m" : "4611686018427417296"
    }, {
      "d" : "1756430921376174030",
      "t" : 1756430921376,
      "tn" : 1756430921376174030,
      "q" : "0.005",
      "p" : "224.44",
      "s" : "sell",
      "i" : "CDCSOL_USD",
      "m" : "4611686018427417295"
    }, {
      "d" : "1756428977899771952",
      "t" : 1756428977899,
      "tn" : 1756428977899771952,
      "q" : "0.091",
      "p" : "227.21",
      "s" : "buy",
      "i" : "CDCSOL_USD",
      "m" : "4611686018427417294"
    }, {
      "d" : "1756428490554837506",
      "t" : 1756428490554,
      "tn" : 1756428490554837506,
      "q" : "0.141",
      "p" : "227.92",
      "s" : "buy",
      "i" : "CDCSOL_USD",
      "m" : "4611686018427417293"
    }, {
      "d" : "1756427380842095137",
      "t" : 1756427380842,
      "tn" : 1756427380842095137,
      "q" : "0.120",
      "p" : "229.97",
      "s" : "sell",
      "i" : "CDCSOL_USD",
      "m" : "4611686018427417292"
    }, {
      "d" : "1756427369808041727",
      "t" : 1756427369808,
      "tn" : 1756427369808041727,
      "q" : "0.086",
      "p" : "230.00",
      "s" : "buy",
      "i" : "CDCSOL_USD",
      "m" : "4611686018427417291"
    }, {
      "d" : "1756425921849254086",
      "t" : 1756425921849,
      "tn" : 1756425921849254086,
      "q" : "0.083",
      "p" : "227.42",
      "s" : "buy",
      "i" : "CDCSOL_USD",
      "m" : "4611686018427417290"
    }, {
      "d" : "1756425541540371960",
      "t" : 1756425541540,
      "tn" : 1756425541540371960,
      "q" : "0.091",
      "p" : "227.00",
      "s" : "buy",
      "i" : "CDCSOL_USD",
      "m" : "4611686018427417289"
    }, {
      "d" : "1756422259724040541",
      "t" : 1756422259724,
      "tn" : 1756422259724040541,
      "q" : "0.140",
      "p" : "226.96",
      "s" : "buy",
      "i" : "CDCSOL_USD",
      "m" : "4611686018427417288"
    }, {
      "d" : "1756421542114202798",
      "t" : 1756421542114,
      "tn" : 1756421542114202798,
      "q" : "0.063",
      "p" : "226.92",
      "s" : "buy",
      "i" : "CDCSOL_USD",
      "m" : "4611686018427417287"
    }, {
      "d" : "1756421329917836215",
      "t" : 1756421329917,
      "tn" : 1756421329917836215,
      "q" : "0.057",
      "p" : "226.74",
      "s" : "sell",
      "i" : "CDCSOL_USD",
      "m" : "4611686018427417286"
    }, {
      "d" : "1756420346128618413",
      "t" : 1756420346128,
      "tn" : 1756420346128618413,
      "q" : "0.113",
      "p" : "227.50",
      "s" : "buy",
      "i" : "CDCSOL_USD",
      "m" : "4611686018427417285"
    }, {
      "d" : "1756418898708826994",
      "t" : 1756418898708,
      "tn" : 1756418898708826994,
      "q" : "0.421",
      "p" : "227.29",
      "s" : "buy",
      "i" : "CDCSOL_USD",
      "m" : "4611686018427417284"
    }, {
      "d" : "1756417036641674124",
      "t" : 1756417036641,
      "tn" : 1756417036641674124,
      "q" : "0.269",
      "p" : "225.07",
      "s" : "buy",
      "i" : "CDCSOL_USD",
      "m" : "4611686018427417283"
    }, {
      "d" : "1756414042156776010",
      "t" : 1756414042156,
      "tn" : 1756414042156776010,
      "q" : "0.057",
      "p" : "225.30",
      "s" : "buy",
      "i" : "CDCSOL_USD",
      "m" : "4611686018427417282"
    }, {
      "d" : "1756413693439362742",
      "t" : 1756413693439,
      "tn" : 1756413693439362742,
      "q" : "0.075",
      "p" : "224.32",
      "s" : "sell",
      "i" : "CDCSOL_USD",
      "m" : "4611686018427417281"
    }, {
      "d" : "1756413570473997748",
      "t" : 1756413570473,
      "tn" : 1756413570473997748,
      "q" : "0.433",
      "p" : "224.15",
      "s" : "sell",
      "i" : "CDCSOL_USD",
      "m" : "4611686018427417280"
    }, {
      "d" : "1756413544310936834",
      "t" : 1756413544310,
      "tn" : 1756413544310936834,
      "q" : "0.433",
      "p" : "224.14",
      "s" : "sell",
      "i" : "CDCSOL_USD",
      "m" : "4611686018427417279"
    }, {
      "d" : "1756413510225179156",
      "t" : 1756413510225,
      "tn" : 1756413510225179156,
      "q" : "0.433",
      "p" : "224.81",
      "s" : "buy",
      "i" : "CDCSOL_USD",
      "m" : "4611686018427417278"
    }, {
      "d" : "1756413490168862307",
      "t" : 1756413490168,
      "tn" : 1756413490168862307,
      "q" : "0.433",
      "p" : "224.73",
      "s" : "buy",
      "i" : "CDCSOL_USD",
      "m" : "4611686018427417277"
    }, {
      "d" : "1756413471316601704",
      "t" : 1756413471316,
      "tn" : 1756413471316601704,
      "q" : "0.433",
      "p" : "224.48",
      "s" : "buy",
      "i" : "CDCSOL_USD",
      "m" : "4611686018427417276"
    }, {
      "d" : "1756413441872630604",
      "t" : 1756413441872,
      "tn" : 1756413441872630604,
      "q" : "0.433",
      "p" : "224.48",
      "s" : "buy",
      "i" : "CDCSOL_USD",
      "m" : "4611686018427417275"
    }, {
      "d" : "1756413407537524205",
      "t" : 1756413407537,
      "tn" : 1756413407537524205,
      "q" : "0.433",
      "p" : "224.48",
      "s" : "buy",
      "i" : "CDCSOL_USD",
      "m" : "4611686018427417274"
    }, {
      "d" : "1756413359357976754",
      "t" : 1756413359357,
      "tn" : 1756413359357976754,
      "q" : "0.201",
      "p" : "224.70",
      "s" : "buy",
      "i" : "CDCSOL_USD",
      "m" : "4611686018427417273"
    }, {
      "d" : "1756413353548529985",
      "t" : 1756413353548,
      "tn" : 1756413353548529985,
      "q" : "0.232",
      "p" : "224.61",
      "s" : "buy",
      "i" : "CDCSOL_USD",
      "m" : "4611686018427417272"
    }, {
      "d" : "1756413346187343467",
      "t" : 1756413346187,
      "tn" : 1756413346187343467,
      "q" : "0.054",
      "p" : "223.79",
      "s" : "sell",
      "i" : "CDCSOL_USD",
      "m" : "4611686018427417271"
    }, {
      "d" : "1756412692773622249",
      "t" : 1756412692773,
      "tn" : 1756412692773622249,
      "q" : "0.231",
      "p" : "224.32",
      "s" : "sell",
      "i" : "CDCSOL_USD",
      "m" : "4611686018427417270"
    }, {
      "d" : "1756411948219804874",
      "t" : 1756411948219,
      "tn" : 1756411948219804874,
      "q" : "0.433",
      "p" : "222.82",
      "s" : "sell",
      "i" : "CDCSOL_USD",
      "m" : "4611686018427417269"
    }, {
      "d" : "1756411575785531570",
      "t" : 1756411575785,
      "tn" : 1756411575785531570,
      "q" : "0.090",
      "p" : "223.20",
      "s" : "buy",
      "i" : "CDCSOL_USD",
      "m" : "4611686018427417268"
    }, {
      "d" : "1756411155502621730",
      "t" : 1756411155502,
      "tn" : 1756411155502621730,
      "q" : "0.217",
      "p" : "222.51",
      "s" : "buy",
      "i" : "CDCSOL_USD",
      "m" : "4611686018427417267"
    }, {
      "d" : "1756409071417008000",
      "t" : 1756409071417,
      "tn" : 1756409071417008000,
      "q" : "0.996",
      "p" : "222.36",
      "s" : "sell",
      "i" : "CDCSOL_USD",
      "m" : "4611686018427417266"
    }, {
      "d" : "1756409071417005311",
      "t" : 1756409071417,
      "tn" : 1756409071417005311,
      "q" : "5.739",
      "p" : "222.70",
      "s" : "sell",
      "i" : "CDCSOL_USD",
      "m" : "4611686018427417265"
    }, {
      "d" : "1756409071417002688",
      "t" : 1756409071417,
      "tn" : 1756409071417002688,
      "q" : "0.539",
      "p" : "222.71",
      "s" : "sell",
      "i" : "CDCSOL_USD",
      "m" : "4611686018427417264"
    }, {
      "d" : "1756409071417000032",
      "t" : 1756409071417,
      "tn" : 1756409071417000032,
      "q" : "4.386",
      "p" : "223.04",
      "s" : "sell",
      "i" : "CDCSOL_USD",
      "m" : "4611686018427417263"
    }, {
      "d" : "1756409071416997175",
      "t" : 1756409071416,
      "tn" : 1756409071416997175,
      "q" : "4.545",
      "p" : "223.32",
      "s" : "sell",
      "i" : "CDCSOL_USD",
      "m" : "4611686018427417262"
    }, {
      "d" : "1756409071416992958",
      "t" : 1756409071416,
      "tn" : 1756409071416992958,
      "q" : "4.000",
      "p" : "223.33",
      "s" : "sell",
      "i" : "CDCSOL_USD",
      "m" : "4611686018427417261"
    }, {
      "d" : "1756408574250608505",
      "t" : 1756408574250,
      "tn" : 1756408574250608505,
      "q" : "0.119",
      "p" : "224.59",
      "s" : "buy",
      "i" : "CDCSOL_USD",
      "m" : "4611686018427417260"
    }, {
      "d" : "1756406548941745775",
      "t" : 1756406548941,
      "tn" : 1756406548941745775,
      "q" : "0.143",
      "p" : "224.62",
      "s" : "buy",
      "i" : "CDCSOL_USD",
      "m" : "4611686018427417259"
    }, {
      "d" : "1756406428534836455",
      "t" : 1756406428534,
      "tn" : 1756406428534836455,
      "q" : "0.113",
      "p" : "223.75",
      "s" : "buy",
      "i" : "CDCSOL_USD",
      "m" : "4611686018427417258"
    }, {
      "d" : "1756404157635296123",
      "t" : 1756404157635,
      "tn" : 1756404157635296123,
      "q" : "0.215",
      "p" : "223.09",
      "s" : "buy",
      "i" : "CDCSOL_USD",
      "m" : "4611686018427417257"
    }, {
      "d" : "1756403975034546537",
      "t" : 1756403975034,
      "tn" : 1756403975034546537,
      "q" : "0.181",
      "p" : "223.01",
      "s" : "buy",
      "i" : "CDCSOL_USD",
      "m" : "4611686018427417256"
    }, {
      "d" : "1756401265353624143",
      "t" : 1756401265353,
      "tn" : 1756401265353624143,
      "q" : "0.131",
      "p" : "220.50",
      "s" : "sell",
      "i" : "CDCSOL_USD",
      "m" : "4611686018427417255"
    }, {
      "d" : "1756400370664373827",
      "t" : 1756400370664,
      "tn" : 1756400370664373827,
      "q" : "0.113",
      "p" : "220.00",
      "s" : "sell",
      "i" : "CDCSOL_USD",
      "m" : "4611686018427417254"
    }, {
      "d" : "1756400358934014492",
      "t" : 1756400358934,
      "tn" : 1756400358934014492,
      "q" : "0.113",
      "p" : "220.11",
      "s" : "sell",
      "i" : "CDCSOL_USD",
      "m" : "4611686018427417253"
    }, {
      "d" : "1756399027727361415",
      "t" : 1756399027727,
      "tn" : 1756399027727361415,
      "q" : "0.167",
      "p" : "224.36",
      "s" : "sell",
      "i" : "CDCSOL_USD",
      "m" : "4611686018427417252"
    }, {
      "d" : "1756396713907114310",
      "t" : 1756396713907,
      "tn" : 1756396713907114310,
      "q" : "0.210",
      "p" : "222.71",
      "s" : "sell",
      "i" : "CDCSOL_USD",
      "m" : "4611686018427417251"
    }, {
      "d" : "1756396641145807494",
      "t" : 1756396641145,
      "tn" : 1756396641145807494,
      "q" : "0.071",
      "p" : "223.57",
      "s" : "buy",
      "i" : "CDCSOL_USD",
      "m" : "4611686018427417250"
    }, {
      "d" : "1756396495259149279",
      "t" : 1756396495259,
      "tn" : 1756396495259149279,
      "q" : "0.464",
      "p" : "222.33",
      "s" : "sell",
      "i" : "CDCSOL_USD",
      "m" : "4611686018427417249"
    }, {
      "d" : "1756396280835240033",
      "t" : 1756396280835,
      "tn" : 1756396280835240033,
      "q" : "0.363",
      "p" : "222.86",
      "s" : "buy",
      "i" : "CDCSOL_USD",
      "m" : "4611686018427417248"
    }, {
      "d" : "1756395315054502738",
      "t" : 1756395315054,
      "tn" : 1756395315054502738,
      "q" : "0.056",
      "p" : "223.99",
      "s" : "sell",
      "i" : "CDCSOL_USD",
      "m" : "4611686018427417247"
    }, {
      "d" : "1756394047614757793",
      "t" : 1756394047614,
      "tn" : 1756394047614757793,
      "q" : "0.116",
      "p" : "227.31",
      "s" : "buy",
      "i" : "CDCSOL_USD",
      "m" : "4611686018427417246"
    }, {
      "d" : "1756393511877839981",
      "t" : 1756393511877,
      "tn" : 1756393511877839981,
      "q" : "0.084",
      "p" : "228.23",
      "s" : "buy",
      "i" : "CDCSOL_USD",
      "m" : "4611686018427417245"
    }, {
      "d" : "1756393292714296061",
      "t" : 1756393292714,
      "tn" : 1756393292714296061,
      "q" : "0.054",
      "p" : "228.04",
      "s" : "buy",
      "i" : "CDCSOL_USD",
      "m" : "4611686018427417244"
    }, {
      "d" : "1756392543136579640",
      "t" : 1756392543136,
      "tn" : 1756392543136579640,
      "q" : "1.913",
      "p" : "227.65",
      "s" : "buy",
      "i" : "CDCSOL_USD",
      "m" : "4611686018427417243"
    }, {
      "d" : "1756391978548838245",
      "t" : 1756391978548,
      "tn" : 1756391978548838245,
      "q" : "0.474",
      "p" : "226.72",
      "s" : "buy",
      "i" : "CDCSOL_USD",
      "m" : "4611686018427417242"
    }, {
      "d" : "1756391359813697801",
      "t" : 1756391359813,
      "tn" : 1756391359813697801,
      "q" : "0.182",
      "p" : "225.12",
      "s" : "sell",
      "i" : "CDCSOL_USD",
      "m" : "4611686018427417241"
    }, {
      "d" : "1756390068593040852",
      "t" : 1756390068593,
      "tn" : 1756390068593040852,
      "q" : "0.455",
      "p" : "225.65",
      "s" : "sell",
      "i" : "CDCSOL_USD",
      "m" : "4611686018427417240"
    }, {
      "d" : "1756390068593038685",
      "t" : 1756390068593,
      "tn" : 1756390068593038685,
      "q" : "4.545",
      "p" : "225.68",
      "s" : "sell",
      "i" : "CDCSOL_USD",
      "m" : "4611686018427417239"
    }, {
      "d" : "1756388105147659886",
      "t" : 1756388105147,
      "tn" : 1756388105147659886,
      "q" : "0.063",
      "p" : "227.94",
      "s" : "buy",
      "i" : "CDCSOL_USD",
      "m" : "4611686018427417238"
    }, {
      "d" : "1756387416252667997",
      "t" : 1756387416252,
      "tn" : 1756387416252667997,
      "q" : "1.121",
      "p" : "227.97",
      "s" : "buy",
      "i" : "CDCSOL_USD",
      "m" : "4611686018427417237"
    }, {
      "d" : "1756384831195492964",
      "t" : 1756384831195,
      "tn" : 1756384831195492964,
      "q" : "0.213",
      "p" : "225.46",
      "s" : "sell",
      "i" : "CDCSOL_USD",
      "m" : "4611686018427417236"
    }, {
      "d" : "1756383567722067086",
      "t" : 1756383567722,
      "tn" : 1756383567722067086,
      "q" : "0.079",
      "p" : "225.51",
      "s" : "buy",
      "i" : "CDCSOL_USD",
      "m" : "4611686018427417235"
    }, {
      "d" : "1756383100514161033",
      "t" : 1756383100514,
      "tn" : 1756383100514161033,
      "q" : "0.082",
      "p" : "225.80",
      "s" : "buy",
      "i" : "CDCSOL_USD",
      "m" : "4611686018427417234"
    }, {
      "d" : "1756382781730714571",
      "t" : 1756382781730,
      "tn" : 1756382781730714571,
      "q" : "0.189",
      "p" : "225.73",
      "s" : "buy",
      "i" : "CDCSOL_USD",
      "m" : "4611686018427417233"
    }, {
      "d" : "1756380847385854603",
      "t" : 1756380847385,
      "tn" : 1756380847385854603,
      "q" : "1.798",
      "p" : "225.43",
      "s" : "sell",
      "i" : "CDCSOL_USD",
      "m" : "4611686018427417232"
    }, {
      "d" : "1756380847158495676",
      "t" : 1756380847158,
      "tn" : 1756380847158495676,
      "q" : "1.297",
      "p" : "225.44",
      "s" : "sell",
      "i" : "CDCSOL_USD",
      "m" : "4611686018427417231"
    }, {
      "d" : "1756380846961025733",
      "t" : 1756380846961,
      "tn" : 1756380846961025733,
      "q" : "1.897",
      "p" : "225.44",
      "s" : "sell",
      "i" : "CDCSOL_USD",
      "m" : "4611686018427417230"
    }, {
      "d" : "1756380282958002334",
      "t" : 1756380282958,
      "tn" : 1756380282958002334,
      "q" : "0.069",
      "p" : "225.51",
      "s" : "buy",
      "i" : "CDCSOL_USD",
      "m" : "4611686018427417229"
    }, {
      "d" : "1756380250902806486",
      "t" : 1756380250902,
      "tn" : 1756380250902806486,
      "q" : "0.082",
      "p" : "225.50",
      "s" : "buy",
      "i" : "CDCSOL_USD",
      "m" : "4611686018427417228"
    }, {
      "d" : "1756380215625552988",
      "t" : 1756380215625,
      "tn" : 1756380215625552988,
      "q" : "0.081",
      "p" : "225.57",
      "s" : "buy",
      "i" : "CDCSOL_USD",
      "m" : "4611686018427417227"
    }, {
      "d" : "1756380182697588979",
      "t" : 1756380182697,
      "tn" : 1756380182697588979,
      "q" : "0.079",
      "p" : "225.48",
      "s" : "buy",
      "i" : "CDCSOL_USD",
      "m" : "4611686018427417226"
    }, {
      "d" : "1756380155727835386",
      "t" : 1756380155727,
      "tn" : 1756380155727835386,
      "q" : "0.086",
      "p" : "225.56",
      "s" : "buy",
      "i" : "CDCSOL_USD",
      "m" : "4611686018427417225"
    }, {
      "d" : "1756380126836039047",
      "t" : 1756380126836,
      "tn" : 1756380126836039047,
      "q" : "0.090",
      "p" : "225.67",
      "s" : "buy",
      "i" : "CDCSOL_USD",
      "m" : "4611686018427417224"
    }, {
      "d" : "1756380097378009026",
      "t" : 1756380097378,
      "tn" : 1756380097378009026,
      "q" : "0.098",
      "p" : "225.66",
      "s" : "buy",
      "i" : "CDCSOL_USD",
      "m" : "4611686018427417223"
    }, {
      "d" : "1756380017891082807",
      "t" : 1756380017891,
      "tn" : 1756380017891082807,
      "q" : "0.100",
      "p" : "225.57",
      "s" : "buy",
      "i" : "CDCSOL_USD",
      "m" : "4611686018427417222"
    }, {
      "d" : "1756379982469208641",
      "t" : 1756379982469,
      "tn" : 1756379982469208640,
      "q" : "0.003",
      "p" : "225.67",
      "s" : "buy",
      "i" : "CDCSOL_USD",
      "m" : "4611686018427417221"
    }, {
      "d" : "1756379982469208640",
      "t" : 1756379982469,
      "tn" : 1756379982469208640,
      "q" : "0.093",
      "p" : "225.67",
      "s" : "buy",
      "i" : "CDCSOL_USD",
      "m" : "4611686018427417221"
    }, {
      "d" : "1756379945685109237",
      "t" : 1756379945685,
      "tn" : 1756379945685109237,
      "q" : "0.106",
      "p" : "225.80",
      "s" : "buy",
      "i" : "CDCSOL_USD",
      "m" : "4611686018427417220"
    }, {
      "d" : "1756377851542377257",
      "t" : 1756377851542,
      "tn" : 1756377851542377257,
      "q" : "0.396",
      "p" : "225.31",
      "s" : "sell",
      "i" : "CDCSOL_USD",
      "m" : "4611686018427417219"
    }, {
      "d" : "1756377851325284865",
      "t" : 1756377851325,
      "tn" : 1756377851325284865,
      "q" : "0.568",
      "p" : "225.31",
      "s" : "sell",
      "i" : "CDCSOL_USD",
      "m" : "4611686018427417218"
    }, {
      "d" : "1756377182538132296",
      "t" : 1756377182538,
      "tn" : 1756377182538132296,
      "q" : "0.068",
      "p" : "225.55",
      "s" : "buy",
      "i" : "CDCSOL_USD",
      "m" : "4611686018427417217"
    }, {
      "d" : "1756377179420367538",
      "t" : 1756377179420,
      "tn" : 1756377179420367538,
      "q" : "0.086",
      "p" : "225.52",
      "s" : "buy",
      "i" : "CDCSOL_USD",
      "m" : "4611686018427417216"
    } ]
  }
}