{
  "id" : -1,
  "method" : "public/get-trades",
  "code" : 0,
  "result" : {
    "data" : [ {
      "d" : "1756457574082299282",
      "t" : 1756457574082,
      "tn" : 1756457574082299282,
      "q" : "642",
      "p" : "0.31160",
      "s" : "sell",
      "i" : "CELOUSD-PERP",
      "m" : "4611686018429555476"
    }, {
      "d" : "1756456459475031444",
      "t" : 1756456459475,
      "tn" : 1756456459475031444,
      "q" : "1",
      "p" : "0.31395",
      "s" : "sell",
      "i" : "CELOUSD-PERP",
      "m" : "4611686018429555475"
    }, {
      "d" : "1756454439724925727",
      "t" : 1756454439724,
      "tn" : 1756454439724925727,
      "q" : "1",
      "p" : "0.31500",
      "s" : "sell",
      "i" : "CELOUSD-PERP",
      "m" : "4611686018429555474"
    }, {
      "d" : "1756454406416970629",
      "t" : 1756454406416,
      "tn" : 1756454406416970629,
      "q" : "1",
      "p" : "0.31500",
      "s" : "sell",
      "i" : "CELOUSD-PERP",
      "m" : "4611686018429555473"
    }, {
      "d" : "1756454319565848334",
      "t" : 1756454319565,
      "tn" : 1756454319565848334,
      "q" : "1",
      "p" : "0.31494",
      "s" : "sell",
      "i" : "CELOUSD-PERP",
      "m" : "4611686018429555472"
    }, {
      "d" : "1756454319318177815",
      "t" : 1756454319318,
      "tn" : 1756454319318177815,
      "q" : "1",
      "p" : "0.31500",
      "s" : "sell",
      "i" : "CELOUSD-PERP",
      "m" : "4611686018429555471"
    }, {
      "d" : "1756454308215098788",
      "t" : 1756454308215,
      "tn" : 1756454308215098788,
      "q" : "1",
      "p" : "0.31500",
      "s" : "sell",
      "i" : "CELOUSD-PERP",
      "m" : "4611686018429555470"
    }, {
      "d" : "1756454114066965769",
      "t" : 1756454114066,
      "tn" : 1756454114066965769,
      "q" : "312",
      "p" : "0.31596",
      "s" : "sell",
      "i" : "CELOUSD-PERP",
      "m" : "4611686018429555469"
    }, {
      "d" : "1756454114066963651",
      "t" : 1756454114066,
      "tn" : 1756454114066963651,
      "q" : "1",
      "p" : "0.31599",
      "s" : "sell",
      "i" : "CELOUSD-PERP",
      "m" : "4611686018429555468"
    }, {
      "d" : "1756454113153394934",
      "t" : 1756454113153,
      "tn" : 1756454113153394934,
      "q" : "1",
      "p" : "0.31602",
      "s" : "sell",
      "i" : "CELOUSD-PERP",
      "m" : "4611686018429555467"
    }, {
      "d" : "1756454113075143190",
      "t" : 1756454113075,
      "tn" : 1756454113075143190,
      "q" : "1",
      "p" : "0.31602",
      "s" : "sell",
      "i" : "CELOUSD-PERP",
      "m" : "4611686018429555466"
    }, {
      "d" : "1756454104020276944",
      "t" : 1756454104020,
      "tn" : 1756454104020276944,
      "q" : "1",
      "p" : "0.31602",
      "s" : "sell",
      "i" : "CELOUSD-PERP",
      "m" : "4611686018429555465"
    }, {
      "d" : "1756454103031903116",
      "t" : 1756454103031,
      "tn" : 1756454103031903116,
      "q" : "1",
      "p" : "0.31602",
      "s" : "sell",
      "i" : "CELOUSD-PERP",
      "m" : "4611686018429555464"
    }, {
      "d" : "1756454092731200396",
      "t" : 1756454092731,
      "tn" : 1756454092731200396,
      "q" : "1",
      "p" : "0.31602",
      "s" : "sell",
      "i" : "CELOUSD-PERP",
      "m" : "4611686018429555463"
    }, {
      "d" : "1756454092667075491",
      "t" : 1756454092667,
      "tn" : 1756454092667075491,
      "q" : "1",
      "p" : "0.31602",
      "s" : "sell",
      "i" : "CELOUSD-PERP",
      "m" : "4611686018429555462"
    }, {
      "d" : "1756454083367443065",
      "t" : 1756454083367,
      "tn" : 1756454083367443065,
      "q" : "1",
      "p" : "0.31602",
      "s" : "sell",
      "i" : "CELOUSD-PERP",
      "m" : "4611686018429555461"
    }, {
      "d" : "1756454073315104475",
      "t" : 1756454073315,
      "tn" : 1756454073315104475,
      "q" : "1",
      "p" : "0.31602",
      "s" : "sell",
      "i" : "CELOUSD-PERP",
      "m" : "4611686018429555460"
    }, {
      "d" : "1756454035306905333",
      "t" : 1756454035306,
      "tn" : 1756454035306905333,
      "q" : "1",
      "p" : "0.31602",
      "s" : "sell",
      "i" : "CELOUSD-PERP",
      "m" : "4611686018429555459"
    }, {
      "d" : "1756454034323122101",
      "t" : 1756454034323,
      "tn" : 1756454034323122101,
      "q" : "1",
      "p" : "0.31602",
      "s" : "sell",
      "i" : "CELOUSD-PERP",
      "m" : "4611686018429555458"
    }, {
      "d" : "1756454023890045836",
      "t" : 1756454023890,
      "tn" : 1756454023890045836,
      "q" : "1",
      "p" : "0.31602",
      "s" : "sell",
      "i" : "CELOUSD-PERP",
      "m" : "4611686018429555457"
    }, {
      "d" : "1756454023801533756",
      "t" : 1756454023801,
      "tn" : 1756454023801533756,
      "q" : "1",
      "p" : "0.31602",
      "s" : "sell",
      "i" : "CELOUSD-PERP",
      "m" : "4611686018429555456"
    }, {
      "d" : "1756454021137873981",
      "t" : 1756454021137,
      "tn" : 1756454021137873981,
      "q" : "1",
      "p" : "0.31602",
      "s" : "sell",
      "i" : "CELOUSD-PERP",
      "m" : "4611686018429555455"
    }, {
      "d" : "1756452250498613883",
      "t" : 1756452250498,
      "tn" : 1756452250498613883,
      "q" : "1",
      "p" : "0.31602",
      "s" : "sell",
      "i" : "CELOUSD-PERP",
      "m" : "4611686018429555454"
    }, {
      "d" : "1756452214524229643",
      "t" : 1756452214524,
      "tn" : 1756452214524229643,
      "q" : "1",
      "p" : "0.31602",
      "s" : "sell",
      "i" : "CELOUSD-PERP",
      "m" : "4611686018429555453"
    }, {
      "d" : "1756425094833893882",
      "t" : 1756425094833,
      "tn" : 1756425094833893882,
      "q" : "1",
      "p" : "0.33399",
      "s" : "sell",
      "i" : "CELOUSD-PERP",
      "m" : "4611686018429555452"
    }, {
      "d" : "1756424541456820286",
      "t" : 1756424541456,
      "tn" : 1756424541456820286,
      "q" : "1",
      "p" : "0.33300",
      "s" : "sell",
      "i" : "CELOUSD-PERP",
      "m" : "4611686018429555451"
    }, {
      "d" : "1756424314211968108",
      "t" : 1756424314211,
      "tn" : 1756424314211968108,
      "q" : "1",
      "p" : "0.33300",
      "s" : "sell",
      "i" : "CELOUSD-PERP",
      "m" : "4611686018429555450"
    }, {
      "d" : "1756424313233130329",
      "t" : 1756424313233,
      "tn" : 1756424313233130329,
      "q" : "1",
      "p" : "0.33300",
      "s" : "sell",
      "i" : "CELOUSD-PERP",
      "m" : "4611686018429555449"
    }, {
      "d" : "1756423884162383779",
      "t" : 1756423884162,
      "tn" : 1756423884162383779,
      "q" : "1",
      "p" : "0.33198",
      "s" : "sell",
      "i" : "CELOUSD-PERP",
      "m" : "4611686018429555448"
    }, {
      "d" : "1756423684218324995",
      "t" : 1756423684218,
      "tn" : 1756423684218324995,
      "q" : "1",
      "p" : "0.33198",
      "s" : "sell",
      "i" : "CELOUSD-PERP",
      "m" : "4611686018429555447"
    }, {
      "d" : "1756423674179310757",
      "t" : 1756423674179,
      "tn" : 1756423674179310757,
      "q" : "1",
      "p" : "0.33198",
      "s" : "sell",
      "i" : "CELOUSD-PERP",
      "m" : "4611686018429555446"
    }, {
      "d" : "1756423643351597202",
      "t" : 1756423643351,
      "tn" : 1756423643351597202,
      "q" : "1",
      "p" : "0.33201",
      "s" : "sell",
      "i" : "CELOUSD-PERP",
      "m" : "4611686018429555445"
    }, {
      "d" : "1756423633330974700",
      "t" : 1756423633330,
      "tn" : 1756423633330974700,
      "q" : "1",
      "p" : "0.33201",
      "s" : "sell",
      "i" : "CELOUSD-PERP",
      "m" : "4611686018429555444"
    }, {
      "d" : "1756423620234947836",
      "t" : 1756423620234,
      "tn" : 1756423620234947836,
      "q" : "1",
      "p" : "0.33201",
      "s" : "sell",
      "i" : "CELOUSD-PERP",
      "m" : "4611686018429555443"
    }, {
      "d" : "1756423619193292894",
      "t" : 1756423619193,
      "tn" : 1756423619193292894,
      "q" : "1",
      "p" : "0.33201",
      "s" : "sell",
      "i" : "CELOUSD-PERP",
      "m" : "4611686018429555442"
    }, {
      "d" : "1756420024200654854",
      "t" : 1756420024200,
      "tn" : 1756420024200654854,
      "q" : "1",
      "p" : "0.33099",
      "s" : "sell",
      "i" : "CELOUSD-PERP",
      "m" : "4611686018429555441"
    }, {
      "d" : "1756416199809930399",
      "t" : 1756416199809,
      "tn" : 1756416199809930399,
      "q" : "1",
      "p" : "0.32799",
      "s" : "sell",
      "i" : "CELOUSD-PERP",
      "m" : "4611686018429555440"
    }, {
      "d" : "1756393048090033122",
      "t" : 1756393048090,
      "tn" : 1756393048090033122,
      "q" : "1",
      "p" : "0.33201",
      "s" : "sell",
      "i" : "CELOUSD-PERP",
      "m" : "4611686018429555439"
    }, {
      "d" : "1756393034172889103",
      "t" : 1756393034172,
      "tn" : 1756393034172889103,
      "q" : "1",
      "p" : "0.33201",
      "s" : "sell",
      "i" : "CELOUSD-PERP",
      "m" : "4611686018429555438"
    }, {
      "d" : "1756393020270929283",
      "t" : 1756393020270,
      "tn" : 1756393020270929283,
      "q" : "1",
      "p" : "0.33201",
      "s" : "sell",
      "i" : "CELOUSD-PERP",
      "m" : "4611686018429555437"
    }, {
      "d" : "1756392814448742735",
      "t" : 1756392814448,
      "tn" : 1756392814448742735,
      "q" : "603",
      "p" : "0.33152",
      "s" : "sell",
      "i" : "CELOUSD-PERP",
      "m" : "4611686018429555436"
    }, {
      "d" : "1756391835887576198",
      "t" : 1756391835887,
      "tn" : 1756391835887576198,
      "q" : "603",
      "p" : "0.33192",
      "s" : "buy",
      "i" : "CELOUSD-PERP",
      "m" : "4611686018429555435"
    }, {
      "d" : "1756391835886875170",
      "t" : 1756391835886,
      "tn" : 1756391835886875170,
      "q" : "1",
      "p" : "0.33120",
      "s" : "buy",
      "i" : "CELOUSD-PERP",
      "m" : "4611686018429555434"
    }, {
      "d" : "1756390774208718231",
      "t" : 1756390774208,
      "tn" : 1756390774208718231,
      "q" : "1",
      "p" : "0.33099",
      "s" : "sell",
      "i" : "CELOUSD-PERP",
      "m" : "4611686018429555433"
    }, {
      "d" : "1756390774086321138",
      "t" : 1756390774086,
      "tn" : 1756390774086321138,
      "q" : "1",
      "p" : "0.33099",
      "s" : "sell",
      "i" : "CELOUSD-PERP",
      "m" : "4611686018429555432"
    }, {
      "d" : "1756390541968099087",
      "t" : 1756390541968,
      "tn" : 1756390541968099087,
      "q" : "1",
      "p" : "0.33000",
      "s" : "sell",
      "i" : "CELOUSD-PERP",
      "m" : "4611686018429555431"
    }, {
      "d" : "1756390296051401364",
      "t" : 1756390296051,
      "tn" : 1756390296051401364,
      "q" : "1",
      "p" : "0.33000",
      "s" : "sell",
      "i" : "CELOUSD-PERP",
      "m" : "4611686018429555430"
    }, {
      "d" : "1756390057870165289",
      "t" : 1756390057870,
      "tn" : 1756390057870165289,
      "q" : "1",
      "p" : "0.33000",
      "s" : "sell",
      "i" : "CELOUSD-PERP",
      "m" : "4611686018429555429"
    }, {
      "d" : "1756390050390759706",
      "t" : 1756390050390,
      "tn" : 1756390050390759706,
      "q" : "1",
      "p" : "0.32994",
      "s" : "sell",
      "i" : "CELOUSD-PERP",
      "m" : "4611686018429555428"
    }, {
      "d" : "1756389933470614000",
      "t" : 1756389933470,
      "tn" : 1756389933470614000,
      "q" : "1",
      "p" : "0.33000",
      "s" : "sell",
      "i" : "CELOUSD-PERP",
      "m" : "4611686018429555427"
    }, {
      "d" : "1756389857925787603",
      "t" : 1756389857925,
      "tn" : 1756389857925787603,
      "q" : "1",
      "p" : "0.33000",
      "s" : "sell",
      "i" : "CELOUSD-PERP",
      "m" : "4611686018429555426"
    }, {
      "d" : "1756389847923905101",
      "t" : 1756389847923,
      "tn" : 1756389847923905101,
      "q" : "1",
      "p" : "0.33000",
      "s" : "sell",
      "i" : "CELOUSD-PERP",
      "m" : "4611686018429555425"
    }, {
      "d" : "1756389837878161570",
      "t" : 1756389837878,
      "tn" : 1756389837878161570,
      "q" : "1",
      "p" : "0.33000",
      "s" : "sell",
      "i" : "CELOUSD-PERP",
      "m" : "4611686018429555424"
    }, {
      "d" : "1756389833919135284",
      "t" : 1756389833919,
      "tn" : 1756389833919135284,
      "q" : "1",
      "p" : "0.33000",
      "s" : "sell",
      "i" : "CELOUSD-PERP",
      "m" : "4611686018429555423"
    }, {
      "d" : "1756389777355266611",
      "t" : 1756389777355,
      "tn" : 1756389777355266611,
      "q" : "1",
      "p" : "0.32901",
      "s" : "sell",
      "i" : "CELOUSD-PERP",
      "m" : "4611686018429555422"
    }, {
      "d" : "1756389682520754976",
      "t" : 1756389682520,
      "tn" : 1756389682520754976,
      "q" : "1",
      "p" : "0.32799",
      "s" : "sell",
      "i" : "CELOUSD-PERP",
      "m" : "4611686018429555421"
    }, {
      "d" : "1756389680282959337",
      "t" : 1756389680282,
      "tn" : 1756389680282959337,
      "q" : "1",
      "p" : "0.32802",
      "s" : "sell",
      "i" : "CELOUSD-PERP",
      "m" : "4611686018429555420"
    }, {
      "d" : "1756389654514579132",
      "t" : 1756389654514,
      "tn" : 1756389654514579132,
      "q" : "1",
      "p" : "0.32802",
      "s" : "sell",
      "i" : "CELOUSD-PERP",
      "m" : "4611686018429555419"
    }, {
      "d" : "1756389600853088194",
      "t" : 1756389600853,
      "tn" : 1756389600853088194,
      "q" : "1",
      "p" : "0.32901",
      "s" : "sell",
      "i" : "CELOUSD-PERP",
      "m" : "4611686018429555418"
    }, {
      "d" : "1756389542239642206",
      "t" : 1756389542239,
      "tn" : 1756389542239642206,
      "q" : "1",
      "p" : "0.32802",
      "s" : "sell",
      "i" : "CELOUSD-PERP",
      "m" : "4611686018429555417"
    }, {
      "d" : "1756389540322341457",
      "t" : 1756389540322,
      "tn" : 1756389540322341457,
      "q" : "1",
      "p" : "0.32802",
      "s" : "sell",
      "i" : "CELOUSD-PERP",
      "m" : "4611686018429555416"
    }, {
      "d" : "1756389516991243439",
      "t" : 1756389516991,
      "tn" : 1756389516991243439,
      "q" : "1",
      "p" : "0.32802",
      "s" : "sell",
      "i" : "CELOUSD-PERP",
      "m" : "4611686018429555415"
    }, {
      "d" : "1756389514786855978",
      "t" : 1756389514786,
      "tn" : 1756389514786855978,
      "q" : "1",
      "p" : "0.32802",
      "s" : "sell",
      "i" : "CELOUSD-PERP",
      "m" : "4611686018429555414"
    }, {
      "d" : "1756389496159101010",
      "t" : 1756389496159,
      "tn" : 1756389496159101010,
      "q" : "1",
      "p" : "0.32802",
      "s" : "sell",
      "i" : "CELOUSD-PERP",
      "m" : "4611686018429555413"
    }, {
      "d" : "1756389495049137785",
      "t" : 1756389495049,
      "tn" : 1756389495049137785,
      "q" : "1",
      "p" : "0.32802",
      "s" : "sell",
      "i" : "CELOUSD-PERP",
      "m" : "4611686018429555412"
    }, {
      "d" : "1756389477922294681",
      "t" : 1756389477922,
      "tn" : 1756389477922294681,
      "q" : "1",
      "p" : "0.32802",
      "s" : "sell",
      "i" : "CELOUSD-PERP",
      "m" : "4611686018429555411"
    }, {
      "d" : "1756389474357725574",
      "t" : 1756389474357,
      "tn" : 1756389474357725574,
      "q" : "1",
      "p" : "0.32802",
      "s" : "sell",
      "i" : "CELOUSD-PERP",
      "m" : "4611686018429555410"
    }, {
      "d" : "1756389473308900870",
      "t" : 1756389473308,
      "tn" : 1756389473308900870,
      "q" : "1",
      "p" : "0.32802",
      "s" : "sell",
      "i" : "CELOUSD-PERP",
      "m" : "4611686018429555409"
    }, {
      "d" : "1756389310483724159",
      "t" : 1756389310483,
      "tn" : 1756389310483724159,
      "q" : "1",
      "p" : "0.32700",
      "s" : "sell",
      "i" : "CELOUSD-PERP",
      "m" : "4611686018429555408"
    }, {
      "d" : "1756389306578695501",
      "t" : 1756389306578,
      "tn" : 1756389306578695501,
      "q" : "1",
      "p" : "0.32700",
      "s" : "sell",
      "i" : "CELOUSD-PERP",
      "m" : "4611686018429555407"
    }, {
      "d" : "1756389300471503564",
      "t" : 1756389300471,
      "tn" : 1756389300471503564,
      "q" : "1",
      "p" : "0.32700",
      "s" : "sell",
      "i" : "CELOUSD-PERP",
      "m" : "4611686018429555406"
    }, {
      "d" : "1756389216515338309",
      "t" : 1756389216515,
      "tn" : 1756389216515338309,
      "q" : "1",
      "p" : "0.32700",
      "s" : "sell",
      "i" : "CELOUSD-PERP",
      "m" : "4611686018429555405"
    }, {
      "d" : "1756389206472301048",
      "t" : 1756389206472,
      "tn" : 1756389206472301048,
      "q" : "1",
      "p" : "0.32700",
      "s" : "sell",
      "i" : "CELOUSD-PERP",
      "m" : "4611686018429555404"
    }, {
      "d" : "1756389147763563095",
      "t" : 1756389147763,
      "tn" : 1756389147763563095,
      "q" : "1",
      "p" : "0.32703",
      "s" : "sell",
      "i" : "CELOUSD-PERP",
      "m" : "4611686018429555403"
    }, {
      "d" : "1756389134613065612",
      "t" : 1756389134613,
      "tn" : 1756389134613065612,
      "q" : "1",
      "p" : "0.32703",
      "s" : "sell",
      "i" : "CELOUSD-PERP",
      "m" : "4611686018429555402"
    }, {
      "d" : "1756389101094569507",
      "t" : 1756389101094,
      "tn" : 1756389101094569507,
      "q" : "1",
      "p" : "0.32703",
      "s" : "sell",
      "i" : "CELOUSD-PERP",
      "m" : "4611686018429555401"
    }, {
      "d" : "1756389100177676153",
      "t" : 1756389100177,
      "tn" : 1756389100177676153,
      "q" : "1",
      "p" : "0.32703",
      "s" : "sell",
      "i" : "CELOUSD-PERP",
      "m" : "4611686018429555400"
    }, {
      "d" : "1756388956935318529",
      "t" : 1756388956935,
      "tn" : 1756388956935318529,
      "q" : "1",
      "p" : "0.32703",
      "s" : "sell",
      "i" : "CELOUSD-PERP",
      "m" : "4611686018429555399"
    }, {
      "d" : "1756388955650805475",
      "t" : 1756388955650,
      "tn" : 1756388955650805475,
      "q" : "1",
      "p" : "0.32703",
      "s" : "sell",
      "i" : "CELOUSD-PERP",
      "m" : "4611686018429555398"
    }, {
      "d" : "1756388951550777640",
      "t" : 1756388951550,
      "tn" : 1756388951550777640,
      "q" : "1",
      "p" : "0.32703",
      "s" : "sell",
      "i" : "CELOUSD-PERP",
      "m" : "4611686018429555397"
    }, {
      "d" : "1756388786753345514",
      "t" : 1756388786753,
      "tn" : 1756388786753345514,
      "q" : "1",
      "p" : "0.32703",
      "s" : "sell",
      "i" : "CELOUSD-PERP",
      "m" : "4611686018429555396"
    }, {
      "d" : "1756388751371283269",
      "t" : 1756388751371,
      "tn" : 1756388751371283269,
      "q" : "1",
      "p" : "0.32703",
      "s" : "sell",
      "i" : "CELOUSD-PERP",
      "m" : "4611686018429555395"
    }, {
      "d" : "1756388701401145236",
      "t" : 1756388701401,
      "tn" : 1756388701401145236,
      "q" : "1",
      "p" : "0.32796",
      "s" : "sell",
      "i" : "CELOUSD-PERP",
      "m" : "4611686018429555394"
    }, {
      "d" : "1756388513454417697",
      "t" : 1756388513454,
      "tn" : 1756388513454417697,
      "q" : "1",
      "p" : "0.32703",
      "s" : "sell",
      "i" : "CELOUSD-PERP",
      "m" : "4611686018429555393"
    }, {
      "d" : "1756387807806258174",
      "t" : 1756387807806,
      "tn" : 1756387807806258174,
      "q" : "1",
      "p" : "0.32796",
      "s" : "sell",
      "i" : "CELOUSD-PERP",
      "m" : "4611686018429555392"
    }, {
      "d" : "1756387786897312273",
      "t" : 1756387786897,
      "tn" : 1756387786897312273,
      "q" : "1",
      "p" : "0.32796",
      "s" : "sell",
      "i" : "CELOUSD-PERP",
      "m" : "4611686018429555391"
    }, {
      "d" : "1756387628465959537",
      "t" : 1756387628465,
      "tn" : 1756387628465959537,
      "q" : "1",
      "p" : "0.32796",
      "s" : "sell",
      "i" : "CELOUSD-PERP",
      "m" : "4611686018429555390"
    }, {
      "d" : "1756387561881899195",
      "t" : 1756387561881,
      "tn" : 1756387561881899195,
      "q" : "1",
      "p" : "0.32796",
      "s" : "sell",
      "i" : "CELOUSD-PERP",
      "m" : "4611686018429555389"
    }, {
      "d" : "1756387560406810909",
      "t" : 1756387560406,
      "tn" : 1756387560406810909,
      "q" : "1",
      "p" : "0.32799",
      "s" : "sell",
      "i" : "CELOUSD-PERP",
      "m" : "4611686018429555388"
    }, {
      "d" : "1756387542856735031",
      "t" : 1756387542856,
      "tn" : 1756387542856735031,
      "q" : "1",
      "p" : "0.32799",
      "s" : "sell",
      "i" : "CELOUSD-PERP",
      "m" : "4611686018429555387"
    }, {
      "d" : "1756387541788435907",
      "t" : 1756387541788,
      "tn" : 1756387541788435907,
      "q" : "1",
      "p" : "0.32799",
      "s" : "sell",
      "i" : "CELOUSD-PERP",
      "m" : "4611686018429555386"
    }, {
      "d" : "1756387540784552631",
      "t" : 1756387540784,
      "tn" : 1756387540784552631,
      "q" : "1",
      "p" : "0.32799",
      "s" : "sell",
      "i" : "CELOUSD-PERP",
      "m" : "4611686018429555385"
    }, {
      "d" : "1756387522632217048",
      "t" : 1756387522632,
      "tn" : 1756387522632217048,
      "q" : "1",
      "p" : "0.32799",
      "s" : "sell",
      "i" : "CELOUSD-PERP",
      "m" : "4611686018429555384"
    }, {
      "d" : "1756387517816104859",
      "t" : 1756387517816,
      "tn" : 1756387517816104859,
      "q" : "1",
      "p" : "0.32799",
      "s" : "sell",
      "i" : "CELOUSD-PERP",
      "m" : "4611686018429555383"
    }, {
      "d" : "1756387516807322226",
      "t" : 1756387516807,
      "tn" : 1756387516807322226,
      "q" : "1",
      "p" : "0.32799",
      "s" : "sell",
      "i" : "CELOUSD-PERP",
      "m" : "4611686018429555382"
    }, {
      "d" : "1756387512587995331",
      "t" : 1756387512587,
      "tn" : 1756387512587995331,
      "q" : "1",
      "p" : "0.32799",
      "s" : "sell",
      "i" : "CELOUSD-PERP",
      "m" : "4611686018429555381"
    }, {
      "d" : "1756387506393192759",
      "t" : 1756387506393,
      "tn" : 1756387506393192759,
      "q" : "1",
      "p" : "0.32799",
      "s" : "sell",
      "i" : "CELOUSD-PERP",
      "m" : "4611686018429555380"
    }, {
      "d" : "1756387506270822126",
      "t" : 1756387506270,
      "tn" : 1756387506270822126,
      "q" : "1",
      "p" : "0.32799",
      "s" : "sell",
      "i" : "CELOUSD-PERP",
      "m" : "4611686018429555379"
    }, {
      "d" : "1756387504721091192",
      "t" : 1756387504721,
      "tn" : 1756387504721091192,
      "q" : "1",
      "p" : "0.32799",
      "s" : "sell",
      "i" : "CELOUSD-PERP",
      "m" : "4611686018429555378"
    }, {
      "d" : "1756387185277880997",
      "t" : 1756387185277,
      "tn" : 1756387185277880997,
      "q" : "1",
      "p" : "0.32802",
      "s" : "sell",
      "i" : "CELOUSD-PERP",
      "m" : "4611686018429555377"
    }, {
      "d" : "1756386218979457469",
      "t" : 1756386218979,
      "tn" : 1756386218979457469,
      "q" : "1",
      "p" : "0.32703",
      "s" : "sell",
      "i" : "CELOUSD-PERP",
      "m" : "4611686018429555376"
    }, {
      "d" : "1756386084204100888",
      "t" : 1756386084204,
      "tn" : 1756386084204100888,
      "q" : "1",
      "p" : "0.32703",
      "s" : "sell",
      "i" : "CELOUSD-PERP",
      "m" : "4611686018429555375"
    }, {
      "d" : "1756386084104152775",
      "t" : 1756386084104,
      "tn" : 1756386084104152775,
      "q" : "1",
      "p" : "0.32703",
      "s" : "sell",
      "i" : "CELOUSD-PERP",
      "m" : "4611686018429555374"
    }, {
      "d" : "1756386076317373357",
      "t" : 1756386076317,
      "tn" : 1756386076317373357,
      "q" : "1",
      "p" : "0.32703",
      "s" : "sell",
      "i" : "CELOUSD-PERP",
      "m" : "4611686018429555373"
    }, {
      "d" : "1756386064101002098",
      "t" : 1756386064101,
      "tn" : 1756386064101002098,
      "q" : "1",
      "p" : "0.32703",
      "s" : "sell",
      "i" : "CELOUSD-PERP",
      "m" : "4611686018429555372"
    }, {
      "d" : "1756386063053587034",
      "t" : 1756386063053,
      "tn" : 1756386063053587034,
      "q" : "1",
      "p" : "0.32703",
      "s" : "sell",
      "i" : "CELOUSD-PERP",
      "m" : "4611686018429555371"
    }, {
      "d" : "1756386045136941903",
      "t" : 1756386045136,
      "tn" : 1756386045136941903,
      "q" : "1",
      "p" : "0.32703",
      "s" : "sell",
      "i" : "CELOUSD-PERP",
      "m" : "4611686018429555370"
    }, {
      "d" : "1756386043868621076",
      "t" : 1756386043868,
      "tn" : 1756386043868621076,
      "q" : "1",
      "p" : "0.32703",
      "s" : "sell",
      "i" : "CELOUSD-PERP",
      "m" : "4611686018429555369"
    }, {
      "d" : "1756386035115780557",
      "t" : 1756386035115,
      "tn" : 1756386035115780557,
      "q" : "1",
      "p" : "0.32703",
      "s" : "sell",
      "i" : "CELOUSD-PERP",
      "m" : "4611686018429555368"
    }, {
      "d" : "1756386013553011620",
      "t" : 1756386013553,
      "tn" : 1756386013553011620,
      "q" : "1",
      "p" : "0.32703",
      "s" : "sell",
      "i" : "CELOUSD-PERP",
      "m" : "4611686018429555367"
    }, {
      "d" : "1756385994518121506",
      "t" : 1756385994518,
      "tn" : 1756385994518121506,
      "q" : "1",
      "p" : "0.32703",
      "s" : "sell",
      "i" : "CELOUSD-PERP",
      "m" : "4611686018429555366"
    }, {
      "d" : "1756385984344328877",
      "t" : 1756385984344,
      "tn" : 1756385984344328877,
      "q" : "1",
      "p" : "0.32703",
      "s" : "sell",
      "i" : "CELOUSD-PERP",
      "m" : "4611686018429555365"
    }, {
      "d" : "1756385688989115154",
      "t" : 1756385688989,
      "tn" : 1756385688989115154,
      "q" : "1",
      "p" : "0.32703",
      "s" : "sell",
      "i" : "CELOUSD-PERP",
      "m" : "4611686018429555364"
    }, {
      "d" : "1756385685742193964",
      "t" : 1756385685742,
      "tn" : 1756385685742193964,
      "q" : "1",
      "p" : "0.32703",
      "s" : "sell",
      "i" : "CELOUSD-PERP",
      "m" : "4611686018429555363"
    }, {
      "d" : "1756385675736908744",
      "t" : 1756385675736,
      "tn" : 1756385675736908744,
      "q" : "1",
      "p" : "0.32703",
      "s" : "sell",
      "i" : "CELOUSD-PERP",
      "m" : "4611686018429555362"
    }, {
      "d" : "1756385220840322166",
      "t" : 1756385220840,
      "tn" : 1756385220840322166,
      "q" : "1",
      "p" : "0.32805",
      "s" : "sell",
      "i" : "CELOUSD-PERP",
      "m" : "4611686018429555361"
    }, {
      "d" : "1756385200056768943",
      "t" : 1756385200056,
      "tn" : 1756385200056768943,
      "q" : "1",
      "p" : "0.32805",
      "s" : "sell",
      "i" : "CELOUSD-PERP",
      "m" : "4611686018429555360"
    }, {
      "d" : "1756385199005340629",
      "t" : 1756385199005,
      "tn" : 1756385199005340629,
      "q" : "1",
      "p" : "0.32805",
      "s" : "sell",
      "i" : "CELOUSD-PERP",
      "m" : "4611686018429555359"
    }, {
      "d" : "1756382830577065551",
      "t" : 1756382830577,
      "tn" : 1756382830577065551,
      "q" : "1",
      "p" : "0.32703",
      "s" : "sell",
      "i" : "CELOUSD-PERP",
      "m" : "4611686018429555358"
    }, {
      "d" : "1756382443576550828",
      "t" : 1756382443576,
      "tn" : 1756382443576550828,
      "q" : "1",
      "p" : "0.32703",
      "s" : "sell",
      "i" : "CELOUSD-PERP",
      "m" : "4611686018429555357"
    }, {
      "d" : "1756382283495371885",
      "t" : 1756382283495,
      "tn" : 1756382283495371885,
      "q" : "1",
      "p" : "0.32703",
      "s" : "sell",
      "i" : "CELOUSD-PERP",
      "m" : "4611686018429555356"
    }, {
      "d" : "1756382236434336706",
      "t" : 1756382236434,
      "tn" : 1756382236434336706,
      "q" : "1",
      "p" : "0.32697",
      "s" : "sell",
      "i" : "CELOUSD-PERP",
      "m" : "4611686018429555355"
    }, {
      "d" : "1756381925044713062",
      "t" : 1756381925044,
      "tn" : 1756381925044713062,
      "q" : "1",
      "p" : "0.32604",
      "s" : "sell",
      "i" : "CELOUSD-PERP",
      "m" : "4611686018429555354"
    }, {
      "d" : "1756381917516761603",
      "t" : 1756381917516,
      "tn" : 1756381917516761603,
      "q" : "1",
      "p" : "0.32604",
      "s" : "sell",
      "i" : "CELOUSD-PERP",
      "m" : "4611686018429555353"
    }, {
      "d" : "1756381915034124402",
      "t" : 1756381915034,
      "tn" : 1756381915034124402,
      "q" : "1",
      "p" : "0.32604",
      "s" : "sell",
      "i" : "CELOUSD-PERP",
      "m" : "4611686018429555352"
    }, {
      "d" : "1756381905157997508",
      "t" : 1756381905157,
      "tn" : 1756381905157997508,
      "q" : "1",
      "p" : "0.32598",
      "s" : "sell",
      "i" : "CELOUSD-PERP",
      "m" : "4611686018429555351"
    }, {
      "d" : "1756381651686379341",
      "t" : 1756381651686,
      "tn" : 1756381651686379341,
      "q" : "1",
      "p" : "0.32505",
      "s" : "sell",
      "i" : "CELOUSD-PERP",
      "m" : "4611686018429555350"
    }, {
      "d" : "1756381333888892622",
      "t" : 1756381333888,
      "tn" : 1756381333888892622,
      "q" : "1",
      "p" : "0.32604",
      "s" : "sell",
      "i" : "CELOUSD-PERP",
      "m" : "4611686018429555349"
    }, {
      "d" : "1756381328290189480",
      "t" : 1756381328290,
      "tn" : 1756381328290189480,
      "q" : "1",
      "p" : "0.32604",
      "s" : "sell",
      "i" : "CELOUSD-PERP",
      "m" : "4611686018429555348"
    }, {
      "d" : "1756381328101813516",
      "t" : 1756381328101,
      "tn" : 1756381328101813516,
      "q" : "1",
      "p" : "0.32604",
      "s" : "sell",
      "i" : "CELOUSD-PERP",
      "m" : "4611686018429555347"
    }, {
      "d" : "1756381318225208122",
      "t" : 1756381318225,
      "tn" : 1756381318225208122,
      "q" : "306",
      "p" : "0.32592",
      "s" : "sell",
      "i" : "CELOUSD-PERP",
      "m" : "4611686018429555346"
    }, {
      "d" : "1756381318225205857",
      "t" : 1756381318225,
      "tn" : 1756381318225205857,
      "q" : "1",
      "p" : "0.32604",
      "s" : "sell",
      "i" : "CELOUSD-PERP",
      "m" : "4611686018429555345"
    }, {
      "d" : "1756381318089201714",
      "t" : 1756381318089,
      "tn" : 1756381318089201714,
      "q" : "1",
      "p" : "0.32604",
      "s" : "sell",
      "i" : "CELOUSD-PERP",
      "m" : "4611686018429555344"
    }, {
      "d" : "1756381297091686061",
      "t" : 1756381297091,
      "tn" : 1756381297091686061,
      "q" : "1",
      "p" : "0.32604",
      "s" : "sell",
      "i" : "CELOUSD-PERP",
      "m" : "4611686018429555343"
    }, {
      "d" : "1756379785920169106",
      "t" : 1756379785920,
      "tn" : 1756379785920169106,
      "q" : "1",
      "p" : "0.32604",
      "s" : "sell",
      "i" : "CELOUSD-PERP",
      "m" : "4611686018429555342"
    }, {
      "d" : "1756379775897209532",
      "t" : 1756379775897,
      "tn" : 1756379775897209532,
      "q" : "1",
      "p" : "0.32604",
      "s" : "sell",
      "i" : "CELOUSD-PERP",
      "m" : "4611686018429555341"
    }, {
      "d" : "1756379756493779945",
      "t" : 1756379756493,
      "tn" : 1756379756493779945,
      "q" : "1",
      "p" : "0.32604",
      "s" : "sell",
      "i" : "CELOUSD-PERP",
      "m" : "4611686018429555340"
    }, {
      "d" : "1756379755504300760",
      "t" : 1756379755504,
      "tn" : 1756379755504300760,
      "q" : "1",
      "p" : "0.32604",
      "s" : "sell",
      "i" : "CELOUSD-PERP",
      "m" : "4611686018429555339"
    }, {
      "d" : "1756379731244603147",
      "t" : 1756379731244,
      "tn" : 1756379731244603147,
      "q" : "1",
      "p" : "0.32604",
      "s" : "sell",
      "i" : "CELOUSD-PERP",
      "m" : "4611686018429555338"
    }, {
      "d" : "1756379728395735632",
      "t" : 1756379728395,
      "tn" : 1756379728395735632,
      "q" : "1",
      "p" : "0.32604",
      "s" : "sell",
      "i" : "CELOUSD-PERP",
      "m" : "4611686018429555337"
    }, {
      "d" : "1756379721189483732",
      "t" : 1756379721189,
      "tn" : 1756379721189483732,
      "q" : "1",
      "p" : "0.32604",
      "s" : "sell",
      "i" : "CELOUSD-PERP",
      "m" : "4611686018429555336"
    }, {
      "d" : "1756379718381017499",
      "t" : 1756379718381,
      "tn" : 1756379718381017499,
      "q" : "1",
      "p" : "0.32604",
      "s" : "sell",
      "i" : "CELOUSD-PERP",
      "m" : "4611686018429555335"
    }, {
      "d" : "1756379711179291286",
      "t" : 1756379711179,
      "tn" : 1756379711179291286,
      "q" : "1",
      "p" : "0.32604",
      "s" : "sell",
      "i" : "CELOUSD-PERP",
      "m" : "4611686018429555334"
    }, {
      "d" : "1756379708293000117",
      "t" : 1756379708293,
      "tn" : 1756379708293000117,
      "q" : "1",
      "p" : "0.32604",
      "s" : "sell",
      "i" : "CELOUSD-PERP",
      "m" : "4611686018429555333"
    }, {
      "d" : "1756379701169279628",
      "t" : 1756379701169,
      "tn" : 1756379701169279628,
      "q" : "1",
      "p" : "0.32604",
      "s" : "sell",
      "i" : "CELOUSD-PERP",
      "m" : "4611686018429555332"
    }, {
      "d" : "1756379696558283540",
      "t" : 1756379696558,
      "tn" : 1756379696558283540,
      "q" : "1",
      "p" : "0.32604",
      "s" : "sell",
      "i" : "CELOUSD-PERP",
      "m" : "4611686018429555331"
    }, {
      "d" : "1756379691118130694",
      "t" : 1756379691118,
      "tn" : 1756379691118130694,
      "q" : "1",
      "p" : "0.32604",
      "s" : "sell",
      "i" : "CELOUSD-PERP",
      "m" : "4611686018429555330"
    }, {
      "d" : "1756379686515740185",
      "t" : 1756379686515,
      "tn" : 1756379686515740185,
      "q" : "1",
      "p" : "0.32604",
      "s" : "sell",
      "i" : "CELOUSD-PERP",
      "m" : "4611686018429555329"
    }, {
      "d" : "1756379681103211190",
      "t" : 1756379681103,
      "tn" : 1756379681103211190,
      "q" : "1",
      "p" : "0.32607",
      "s" : "sell",
      "i" : "CELOUSD-PERP",
      "m" : "4611686018429555328"
    }, {
      "d" : "1756379676464908415",
      "t" : 1756379676464,
      "tn" : 1756379676464908415,
      "q" : "1",
      "p" : "0.32607",
      "s" : "sell",
      "i" : "CELOUSD-PERP",
      "m" : "4611686018429555327"
    } ]
  }
}