{
  "id" : -1,
  "method" : "public/get-trades",
  "code" : 0,
  "result" : {
    "data" : [ {
      "d" : "1756458231661124286",
      "t" : 1756458231661,
      "tn" : 1756458231661124286,
      "q" : "13130",
      "p" : "0.007595",
      "s" : "sell",
      "i" : "CELRUSD-PERP",
      "m" : "4611686018430521828"
    }, {
      "d" : "1756458231661122186",
      "t" : 1756458231661,
      "tn" : 1756458231661122186,
      "q" : "10",
      "p" : "0.007602",
      "s" : "sell",
      "i" : "CELRUSD-PERP",
      "m" : "4611686018430521827"
    }, {
      "d" : "1756458231660113393",
      "t" : 1756458231660,
      "tn" : 1756458231660113393,
      "q" : "13140",
      "p" : "0.007608",
      "s" : "sell",
      "i" : "CELRUSD-PERP",
      "m" : "4611686018430521826"
    }, {
      "d" : "1756458231660111124",
      "t" : 1756458231660,
      "tn" : 1756458231660111124,
      "q" : "10",
      "p" : "0.007610",
      "s" : "sell",
      "i" : "CELRUSD-PERP",
      "m" : "4611686018430521825"
    }, {
      "d" : "1756458218514256076",
      "t" : 1756458218514,
      "tn" : 1756458218514256076,
      "q" : "10",
      "p" : "0.007620",
      "s" : "sell",
      "i" : "CELRUSD-PERP",
      "m" : "4611686018430521824"
    }, {
      "d" : "1756458156967919917",
      "t" : 1756458156967,
      "tn" : 1756458156967919917,
      "q" : "10",
      "p" : "0.007642",
      "s" : "sell",
      "i" : "CELRUSD-PERP",
      "m" : "4611686018430521823"
    }, {
      "d" : "1756458156967918080",
      "t" : 1756458156967,
      "tn" : 1756458156967918080,
      "q" : "13070",
      "p" : "0.007646",
      "s" : "sell",
      "i" : "CELRUSD-PERP",
      "m" : "4611686018430521822"
    }, {
      "d" : "1756458156967914927",
      "t" : 1756458156967,
      "tn" : 1756458156967914927,
      "q" : "10",
      "p" : "0.007648",
      "s" : "sell",
      "i" : "CELRUSD-PERP",
      "m" : "4611686018430521821"
    }, {
      "d" : "1756455321223186195",
      "t" : 1756455321223,
      "tn" : 1756455321223186195,
      "q" : "12900",
      "p" : "0.007748",
      "s" : "sell",
      "i" : "CELRUSD-PERP",
      "m" : "4611686018430521820"
    }, {
      "d" : "1756455321223183228",
      "t" : 1756455321223,
      "tn" : 1756455321223183228,
      "q" : "10",
      "p" : "0.007750",
      "s" : "sell",
      "i" : "CELRUSD-PERP",
      "m" : "4611686018430521819"
    }, {
      "d" : "1756452410073148923",
      "t" : 1756452410073,
      "tn" : 1756452410073148922,
      "q" : "12870",
      "p" : "0.007768",
      "s" : "sell",
      "i" : "CELRUSD-PERP",
      "m" : "4611686018430521818"
    }, {
      "d" : "1756452410073148922",
      "t" : 1756452410073,
      "tn" : 1756452410073148922,
      "q" : "10",
      "p" : "0.007768",
      "s" : "sell",
      "i" : "CELRUSD-PERP",
      "m" : "4611686018430521818"
    }, {
      "d" : "1756451701298979710",
      "t" : 1756451701298,
      "tn" : 1756451701298979710,
      "q" : "12820",
      "p" : "0.007798",
      "s" : "sell",
      "i" : "CELRUSD-PERP",
      "m" : "4611686018430521817"
    }, {
      "d" : "1756451701298976928",
      "t" : 1756451701298,
      "tn" : 1756451701298976928,
      "q" : "10",
      "p" : "0.007799",
      "s" : "sell",
      "i" : "CELRUSD-PERP",
      "m" : "4611686018430521816"
    }, {
      "d" : "1756451577611281894",
      "t" : 1756451577611,
      "tn" : 1756451577611281894,
      "q" : "12740",
      "p" : "0.007838",
      "s" : "sell",
      "i" : "CELRUSD-PERP",
      "m" : "4611686018430521815"
    }, {
      "d" : "1756451577611280169",
      "t" : 1756451577611,
      "tn" : 1756451577611280169,
      "q" : "10",
      "p" : "0.007839",
      "s" : "sell",
      "i" : "CELRUSD-PERP",
      "m" : "4611686018430521814"
    }, {
      "d" : "1756442425300381460",
      "t" : 1756442425300,
      "tn" : 1756442425300381460,
      "q" : "10",
      "p" : "0.008122",
      "s" : "sell",
      "i" : "CELRUSD-PERP",
      "m" : "4611686018430521813"
    }, {
      "d" : "1756442425300379335",
      "t" : 1756442425300,
      "tn" : 1756442425300379334,
      "q" : "12300",
      "p" : "0.008128",
      "s" : "sell",
      "i" : "CELRUSD-PERP",
      "m" : "4611686018430521812"
    }, {
      "d" : "1756442425300379334",
      "t" : 1756442425300,
      "tn" : 1756442425300379334,
      "q" : "10",
      "p" : "0.008128",
      "s" : "sell",
      "i" : "CELRUSD-PERP",
      "m" : "4611686018430521812"
    }, {
      "d" : "1756442422421256980",
      "t" : 1756442422421,
      "tn" : 1756442422421256980,
      "q" : "10",
      "p" : "0.008142",
      "s" : "sell",
      "i" : "CELRUSD-PERP",
      "m" : "4611686018430521811"
    }, {
      "d" : "1756442422421254975",
      "t" : 1756442422421,
      "tn" : 1756442422421254974,
      "q" : "10",
      "p" : "0.008150",
      "s" : "sell",
      "i" : "CELRUSD-PERP",
      "m" : "4611686018430521810"
    }, {
      "d" : "1756442422421254974",
      "t" : 1756442422421,
      "tn" : 1756442422421254974,
      "q" : "12260",
      "p" : "0.008150",
      "s" : "sell",
      "i" : "CELRUSD-PERP",
      "m" : "4611686018430521810"
    }, {
      "d" : "1756398778183274926",
      "t" : 1756398778183,
      "tn" : 1756398778183274926,
      "q" : "24480",
      "p" : "0.008173",
      "s" : "sell",
      "i" : "CELRUSD-PERP",
      "m" : "4611686018430521809"
    }, {
      "d" : "1756398778181785180",
      "t" : 1756398778181,
      "tn" : 1756398778181785180,
      "q" : "10",
      "p" : "0.008208",
      "s" : "sell",
      "i" : "CELRUSD-PERP",
      "m" : "4611686018430521808"
    }, {
      "d" : "1756398778180747369",
      "t" : 1756398778180,
      "tn" : 1756398778180747369,
      "q" : "10",
      "p" : "0.008202",
      "s" : "sell",
      "i" : "CELRUSD-PERP",
      "m" : "4611686018430521807"
    }, {
      "d" : "1756398778180745139",
      "t" : 1756398778180,
      "tn" : 1756398778180745139,
      "q" : "10",
      "p" : "0.008210",
      "s" : "sell",
      "i" : "CELRUSD-PERP",
      "m" : "4611686018430521806"
    }, {
      "d" : "1756397614035014489",
      "t" : 1756397614035,
      "tn" : 1756397614035014489,
      "q" : "6370",
      "p" : "0.008286",
      "s" : "sell",
      "i" : "CELRUSD-PERP",
      "m" : "4611686018430521805"
    }, {
      "d" : "1756397614035012683",
      "t" : 1756397614035,
      "tn" : 1756397614035012683,
      "q" : "10",
      "p" : "0.008289",
      "s" : "sell",
      "i" : "CELRUSD-PERP",
      "m" : "4611686018430521804"
    }, {
      "d" : "1756397417696881076",
      "t" : 1756397417696,
      "tn" : 1756397417696881076,
      "q" : "10",
      "p" : "0.008309",
      "s" : "sell",
      "i" : "CELRUSD-PERP",
      "m" : "4611686018430521803"
    }, {
      "d" : "1756397325422450411",
      "t" : 1756397325422,
      "tn" : 1756397325422450411,
      "q" : "10",
      "p" : "0.008372",
      "s" : "sell",
      "i" : "CELRUSD-PERP",
      "m" : "4611686018430521802"
    }, {
      "d" : "1756397325422443562",
      "t" : 1756397325422,
      "tn" : 1756397325422443562,
      "q" : "11930",
      "p" : "0.008376",
      "s" : "sell",
      "i" : "CELRUSD-PERP",
      "m" : "4611686018430521801"
    }, {
      "d" : "1756397325422440473",
      "t" : 1756397325422,
      "tn" : 1756397325422440473,
      "q" : "10",
      "p" : "0.008379",
      "s" : "sell",
      "i" : "CELRUSD-PERP",
      "m" : "4611686018430521800"
    }, {
      "d" : "1756397216539009443",
      "t" : 1756397216539,
      "tn" : 1756397216539009443,
      "q" : "11920",
      "p" : "0.008388",
      "s" : "sell",
      "i" : "CELRUSD-PERP",
      "m" : "4611686018430521799"
    }, {
      "d" : "1756397002413865951",
      "t" : 1756397002413,
      "tn" : 1756397002413865951,
      "q" : "10",
      "p" : "0.008369",
      "s" : "sell",
      "i" : "CELRUSD-PERP",
      "m" : "4611686018430521798"
    }, {
      "d" : "1756396469030836965",
      "t" : 1756396469030,
      "tn" : 1756396469030836965,
      "q" : "10",
      "p" : "0.008272",
      "s" : "sell",
      "i" : "CELRUSD-PERP",
      "m" : "4611686018430521797"
    }, {
      "d" : "1756396469030835186",
      "t" : 1756396469030,
      "tn" : 1756396469030835186,
      "q" : "12080",
      "p" : "0.008277",
      "s" : "sell",
      "i" : "CELRUSD-PERP",
      "m" : "4611686018430521796"
    }, {
      "d" : "1756396469030832657",
      "t" : 1756396469030,
      "tn" : 1756396469030832657,
      "q" : "10",
      "p" : "0.008279",
      "s" : "sell",
      "i" : "CELRUSD-PERP",
      "m" : "4611686018430521795"
    }, {
      "d" : "1756396427214735139",
      "t" : 1756396427214,
      "tn" : 1756396427214735139,
      "q" : "10",
      "p" : "0.008312",
      "s" : "sell",
      "i" : "CELRUSD-PERP",
      "m" : "4611686018430521794"
    }, {
      "d" : "1756396427214733001",
      "t" : 1756396427214,
      "tn" : 1756396427214733001,
      "q" : "12020",
      "p" : "0.008316",
      "s" : "sell",
      "i" : "CELRUSD-PERP",
      "m" : "4611686018430521793"
    }, {
      "d" : "1756396427214729964",
      "t" : 1756396427214,
      "tn" : 1756396427214729964,
      "q" : "10",
      "p" : "0.008319",
      "s" : "sell",
      "i" : "CELRUSD-PERP",
      "m" : "4611686018430521792"
    }, {
      "d" : "1756395474494013992",
      "t" : 1756395474494,
      "tn" : 1756395474494013992,
      "q" : "10",
      "p" : "0.008279",
      "s" : "sell",
      "i" : "CELRUSD-PERP",
      "m" : "4611686018430521791"
    }, {
      "d" : "1756394933783906987",
      "t" : 1756394933783,
      "tn" : 1756394933783906987,
      "q" : "10",
      "p" : "0.008282",
      "s" : "sell",
      "i" : "CELRUSD-PERP",
      "m" : "4611686018430521790"
    }, {
      "d" : "1756394933783905035",
      "t" : 1756394933783,
      "tn" : 1756394933783905034,
      "q" : "10",
      "p" : "0.008289",
      "s" : "sell",
      "i" : "CELRUSD-PERP",
      "m" : "4611686018430521789"
    }, {
      "d" : "1756394933783905034",
      "t" : 1756394933783,
      "tn" : 1756394933783905034,
      "q" : "12060",
      "p" : "0.008289",
      "s" : "sell",
      "i" : "CELRUSD-PERP",
      "m" : "4611686018430521789"
    }, {
      "d" : "1756394764435362441",
      "t" : 1756394764435,
      "tn" : 1756394764435362441,
      "q" : "10",
      "p" : "0.008224",
      "s" : "buy",
      "i" : "CELRUSD-PERP",
      "m" : "4611686018430521788"
    }, {
      "d" : "1756394764435361114",
      "t" : 1756394764435,
      "tn" : 1756394764435361114,
      "q" : "10",
      "p" : "0.008212",
      "s" : "buy",
      "i" : "CELRUSD-PERP",
      "m" : "4611686018430521787"
    } ]
  }
}