{
  "id" : -1,
  "method" : "public/get-trades",
  "code" : 0,
  "result" : {
    "data" : [ {
      "d" : "1756458456152312564",
      "t" : 1756458456152,
      "tn" : 1756458456152312564,
      "q" : "6740",
      "p" : "0.007631",
      "s" : "sell",
      "i" : "CELR_USD",
      "m" : "4611686018430298440"
    }, {
      "d" : "1756453358979410593",
      "t" : 1756453358979,
      "tn" : 1756453358979410593,
      "q" : "66330",
      "p" : "0.007751",
      "s" : "buy",
      "i" : "CELR_USD",
      "m" : "4611686018430298439"
    }, {
      "d" : "1756453321821191233",
      "t" : 1756453321821,
      "tn" : 1756453321821191233,
      "q" : "28250",
      "p" : "0.007818",
      "s" : "sell",
      "i" : "CELR_USD",
      "m" : "4611686018430298438"
    }, {
      "d" : "1756451669286080811",
      "t" : 1756451669286,
      "tn" : 1756451669286080811,
      "q" : "28210",
      "p" : "0.007813",
      "s" : "sell",
      "i" : "CELR_USD",
      "m" : "4611686018430298437"
    }, {
      "d" : "1756451669286078834",
      "t" : 1756451669286,
      "tn" : 1756451669286078834,
      "q" : "8840",
      "p" : "0.007815",
      "s" : "sell",
      "i" : "CELR_USD",
      "m" : "4611686018430298436"
    }, {
      "d" : "1756451553543055965",
      "t" : 1756451553543,
      "tn" : 1756451553543055965,
      "q" : "1750",
      "p" : "0.007869",
      "s" : "sell",
      "i" : "CELR_USD",
      "m" : "4611686018430298435"
    }, {
      "d" : "1756451553543053737",
      "t" : 1756451553543,
      "tn" : 1756451553543053737,
      "q" : "3070",
      "p" : "0.007872",
      "s" : "sell",
      "i" : "CELR_USD",
      "m" : "4611686018430298434"
    }, {
      "d" : "1756451553542965224",
      "t" : 1756451553542,
      "tn" : 1756451553542965224,
      "q" : "81950",
      "p" : "0.007872",
      "s" : "sell",
      "i" : "CELR_USD",
      "m" : "4611686018430298433"
    }, {
      "d" : "1756451486141941751",
      "t" : 1756451486141,
      "tn" : 1756451486141941751,
      "q" : "400",
      "p" : "0.007946",
      "s" : "buy",
      "i" : "CELR_USD",
      "m" : "4611686018430298432"
    }, {
      "d" : "1756451369906954496",
      "t" : 1756451369906,
      "tn" : 1756451369906954496,
      "q" : "12080",
      "p" : "0.007871",
      "s" : "buy",
      "i" : "CELR_USD",
      "m" : "4611686018430298431"
    }, {
      "d" : "1756450947248236360",
      "t" : 1756450947248,
      "tn" : 1756450947248236360,
      "q" : "1630",
      "p" : "0.007969",
      "s" : "sell",
      "i" : "CELR_USD",
      "m" : "4611686018430298430"
    }, {
      "d" : "1756448054667205498",
      "t" : 1756448054667,
      "tn" : 1756448054667205498,
      "q" : "20000",
      "p" : "0.008064",
      "s" : "buy",
      "i" : "CELR_USD",
      "m" : "4611686018430298429"
    }, {
      "d" : "1756444601701814716",
      "t" : 1756444601701,
      "tn" : 1756444601701814716,
      "q" : "12260",
      "p" : "0.008124",
      "s" : "sell",
      "i" : "CELR_USD",
      "m" : "4611686018430298428"
    }, {
      "d" : "1756443951844839684",
      "t" : 1756443951844,
      "tn" : 1756443951844839684,
      "q" : "20000",
      "p" : "0.008098",
      "s" : "buy",
      "i" : "CELR_USD",
      "m" : "4611686018430298427"
    }, {
      "d" : "1756443717177443914",
      "t" : 1756443717177,
      "tn" : 1756443717177443914,
      "q" : "15140",
      "p" : "0.008124",
      "s" : "buy",
      "i" : "CELR_USD",
      "m" : "4611686018430298426"
    }, {
      "d" : "1756442991179986831",
      "t" : 1756442991179,
      "tn" : 1756442991179986831,
      "q" : "10000",
      "p" : "0.008128",
      "s" : "buy",
      "i" : "CELR_USD",
      "m" : "4611686018430298425"
    }, {
      "d" : "1756442901306927087",
      "t" : 1756442901306,
      "tn" : 1756442901306927087,
      "q" : "91440",
      "p" : "0.008157",
      "s" : "sell",
      "i" : "CELR_USD",
      "m" : "4611686018430298424"
    }, {
      "d" : "1756442901306198823",
      "t" : 1756442901306,
      "tn" : 1756442901306198823,
      "q" : "16390",
      "p" : "0.008157",
      "s" : "sell",
      "i" : "CELR_USD",
      "m" : "4611686018430298423"
    }, {
      "d" : "1756441416590952781",
      "t" : 1756441416590,
      "tn" : 1756441416590952781,
      "q" : "3190",
      "p" : "0.008195",
      "s" : "sell",
      "i" : "CELR_USD",
      "m" : "4611686018430298422"
    }, {
      "d" : "1756441226520067865",
      "t" : 1756441226520,
      "tn" : 1756441226520067865,
      "q" : "1560",
      "p" : "0.008172",
      "s" : "buy",
      "i" : "CELR_USD",
      "m" : "4611686018430298421"
    }, {
      "d" : "1756439838477638583",
      "t" : 1756439838477,
      "tn" : 1756439838477638583,
      "q" : "3080",
      "p" : "0.008217",
      "s" : "sell",
      "i" : "CELR_USD",
      "m" : "4611686018430298420"
    }, {
      "d" : "1756438852900010322",
      "t" : 1756438852900,
      "tn" : 1756438852900010322,
      "q" : "12450",
      "p" : "0.008183",
      "s" : "buy",
      "i" : "CELR_USD",
      "m" : "4611686018430298419"
    }, {
      "d" : "1756437146318637342",
      "t" : 1756437146318,
      "tn" : 1756437146318637342,
      "q" : "5970",
      "p" : "0.008130",
      "s" : "sell",
      "i" : "CELR_USD",
      "m" : "4611686018430298418"
    }, {
      "d" : "1756436695607017454",
      "t" : 1756436695607,
      "tn" : 1756436695607017454,
      "q" : "94920",
      "p" : "0.008103",
      "s" : "sell",
      "i" : "CELR_USD",
      "m" : "4611686018430298417"
    }, {
      "d" : "1756430969703777784",
      "t" : 1756430969703,
      "tn" : 1756430969703777784,
      "q" : "10",
      "p" : "0.008054",
      "s" : "buy",
      "i" : "CELR_USD",
      "m" : "4611686018430298416"
    }, {
      "d" : "1756430969703087213",
      "t" : 1756430969703,
      "tn" : 1756430969703087213,
      "q" : "29990",
      "p" : "0.008054",
      "s" : "buy",
      "i" : "CELR_USD",
      "m" : "4611686018430298415"
    }, {
      "d" : "1756430483266661197",
      "t" : 1756430483266,
      "tn" : 1756430483266661197,
      "q" : "2340",
      "p" : "0.008095",
      "s" : "sell",
      "i" : "CELR_USD",
      "m" : "4611686018430298414"
    }, {
      "d" : "1756430463158511367",
      "t" : 1756430463158,
      "tn" : 1756430463158511367,
      "q" : "106000",
      "p" : "0.008082",
      "s" : "sell",
      "i" : "CELR_USD",
      "m" : "4611686018430298413"
    }, {
      "d" : "1756427854489972758",
      "t" : 1756427854489,
      "tn" : 1756427854489972758,
      "q" : "5520",
      "p" : "0.008179",
      "s" : "buy",
      "i" : "CELR_USD",
      "m" : "4611686018430298412"
    }, {
      "d" : "1756426326689151753",
      "t" : 1756426326689,
      "tn" : 1756426326689151753,
      "q" : "190",
      "p" : "0.008260",
      "s" : "buy",
      "i" : "CELR_USD",
      "m" : "4611686018430298411"
    }, {
      "d" : "1756425863932252221",
      "t" : 1756425863932,
      "tn" : 1756425863932252221,
      "q" : "9120",
      "p" : "0.008225",
      "s" : "sell",
      "i" : "CELR_USD",
      "m" : "4611686018430298410"
    }, {
      "d" : "1756425863926602769",
      "t" : 1756425863926,
      "tn" : 1756425863926602769,
      "q" : "15190",
      "p" : "0.008225",
      "s" : "buy",
      "i" : "CELR_USD",
      "m" : "4611686018430298409"
    }, {
      "d" : "1756425552908956231",
      "t" : 1756425552908,
      "tn" : 1756425552908956231,
      "q" : "1720",
      "p" : "0.008197",
      "s" : "buy",
      "i" : "CELR_USD",
      "m" : "4611686018430298408"
    }, {
      "d" : "1756424385700871019",
      "t" : 1756424385700,
      "tn" : 1756424385700871019,
      "q" : "100800",
      "p" : "0.008195",
      "s" : "buy",
      "i" : "CELR_USD",
      "m" : "4611686018430298407"
    }, {
      "d" : "1756423726780452412",
      "t" : 1756423726780,
      "tn" : 1756423726780452412,
      "q" : "5910",
      "p" : "0.008149",
      "s" : "sell",
      "i" : "CELR_USD",
      "m" : "4611686018430298406"
    }, {
      "d" : "1756423696712548969",
      "t" : 1756423696712,
      "tn" : 1756423696712548969,
      "q" : "2960",
      "p" : "0.008145",
      "s" : "sell",
      "i" : "CELR_USD",
      "m" : "4611686018430298405"
    }, {
      "d" : "1756423576971102739",
      "t" : 1756423576971,
      "tn" : 1756423576971102739,
      "q" : "10270",
      "p" : "0.008174",
      "s" : "sell",
      "i" : "CELR_USD",
      "m" : "4611686018430298404"
    }, {
      "d" : "1756422686141664540",
      "t" : 1756422686141,
      "tn" : 1756422686141664540,
      "q" : "400",
      "p" : "0.008161",
      "s" : "buy",
      "i" : "CELR_USD",
      "m" : "4611686018430298403"
    }, {
      "d" : "1756421701877435842",
      "t" : 1756421701877,
      "tn" : 1756421701877435842,
      "q" : "24500",
      "p" : "0.008178",
      "s" : "sell",
      "i" : "CELR_USD",
      "m" : "4611686018430298402"
    }, {
      "d" : "1756421107754727890",
      "t" : 1756421107754,
      "tn" : 1756421107754727890,
      "q" : "8870",
      "p" : "0.008126",
      "s" : "buy",
      "i" : "CELR_USD",
      "m" : "4611686018430298401"
    }, {
      "d" : "1756421014307585445",
      "t" : 1756421014307,
      "tn" : 1756421014307585445,
      "q" : "11300",
      "p" : "0.008145",
      "s" : "sell",
      "i" : "CELR_USD",
      "m" : "4611686018430298400"
    }, {
      "d" : "1756420411796963174",
      "t" : 1756420411796,
      "tn" : 1756420411796963174,
      "q" : "11800",
      "p" : "0.008191",
      "s" : "sell",
      "i" : "CELR_USD",
      "m" : "4611686018430298399"
    }, {
      "d" : "1756419784727914684",
      "t" : 1756419784727,
      "tn" : 1756419784727914684,
      "q" : "2980",
      "p" : "0.008168",
      "s" : "sell",
      "i" : "CELR_USD",
      "m" : "4611686018430298398"
    }, {
      "d" : "1756417707218916113",
      "t" : 1756417707218,
      "tn" : 1756417707218916113,
      "q" : "74180",
      "p" : "0.008029",
      "s" : "buy",
      "i" : "CELR_USD",
      "m" : "4611686018430298397"
    }, {
      "d" : "1756417706719816421",
      "t" : 1756417706719,
      "tn" : 1756417706719816421,
      "q" : "20490",
      "p" : "0.008025",
      "s" : "buy",
      "i" : "CELR_USD",
      "m" : "4611686018430298396"
    }, {
      "d" : "1756417550970919671",
      "t" : 1756417550970,
      "tn" : 1756417550970919671,
      "q" : "6080",
      "p" : "0.008000",
      "s" : "sell",
      "i" : "CELR_USD",
      "m" : "4611686018430298395"
    }, {
      "d" : "1756417550970917579",
      "t" : 1756417550970,
      "tn" : 1756417550970917579,
      "q" : "12490",
      "p" : "0.008001",
      "s" : "sell",
      "i" : "CELR_USD",
      "m" : "4611686018430298394"
    }, {
      "d" : "1756414380260929236",
      "t" : 1756414380260,
      "tn" : 1756414380260929236,
      "q" : "5430",
      "p" : "0.007942",
      "s" : "buy",
      "i" : "CELR_USD",
      "m" : "4611686018430298393"
    }, {
      "d" : "1756413737737340588",
      "t" : 1756413737737,
      "tn" : 1756413737737340588,
      "q" : "5910",
      "p" : "0.007957",
      "s" : "buy",
      "i" : "CELR_USD",
      "m" : "4611686018430298392"
    }, {
      "d" : "1756413630808225088",
      "t" : 1756413630808,
      "tn" : 1756413630808225088,
      "q" : "11970",
      "p" : "0.007931",
      "s" : "buy",
      "i" : "CELR_USD",
      "m" : "4611686018430298391"
    }, {
      "d" : "1756412757742274795",
      "t" : 1756412757742,
      "tn" : 1756412757742274795,
      "q" : "36340",
      "p" : "0.007955",
      "s" : "buy",
      "i" : "CELR_USD",
      "m" : "4611686018430298390"
    }, {
      "d" : "1756412757741281238",
      "t" : 1756412757741,
      "tn" : 1756412757741281238,
      "q" : "14770",
      "p" : "0.007955",
      "s" : "buy",
      "i" : "CELR_USD",
      "m" : "4611686018430298389"
    }, {
      "d" : "1756411961828069259",
      "t" : 1756411961828,
      "tn" : 1756411961828069259,
      "q" : "15670",
      "p" : "0.007930",
      "s" : "buy",
      "i" : "CELR_USD",
      "m" : "4611686018430298388"
    }, {
      "d" : "1756411209194130309",
      "t" : 1756411209194,
      "tn" : 1756411209194130308,
      "q" : "23280",
      "p" : "0.007864",
      "s" : "sell",
      "i" : "CELR_USD",
      "m" : "4611686018430298387"
    }, {
      "d" : "1756411209194130308",
      "t" : 1756411209194,
      "tn" : 1756411209194130308,
      "q" : "10920",
      "p" : "0.007864",
      "s" : "sell",
      "i" : "CELR_USD",
      "m" : "4611686018430298387"
    }, {
      "d" : "1756411209042062536",
      "t" : 1756411209042,
      "tn" : 1756411209042062536,
      "q" : "1750",
      "p" : "0.007875",
      "s" : "sell",
      "i" : "CELR_USD",
      "m" : "4611686018430298386"
    }, {
      "d" : "1756410979344970122",
      "t" : 1756410979344,
      "tn" : 1756410979344970122,
      "q" : "1510",
      "p" : "0.007931",
      "s" : "sell",
      "i" : "CELR_USD",
      "m" : "4611686018430298385"
    }, {
      "d" : "1756410265032974167",
      "t" : 1756410265032,
      "tn" : 1756410265032974167,
      "q" : "7050",
      "p" : "0.007930",
      "s" : "sell",
      "i" : "CELR_USD",
      "m" : "4611686018430298384"
    }, {
      "d" : "1756410043089889735",
      "t" : 1756410043089,
      "tn" : 1756410043089889735,
      "q" : "1970",
      "p" : "0.007954",
      "s" : "buy",
      "i" : "CELR_USD",
      "m" : "4611686018430298383"
    }, {
      "d" : "1756406317654025416",
      "t" : 1756406317654,
      "tn" : 1756406317654025416,
      "q" : "11890",
      "p" : "0.008059",
      "s" : "buy",
      "i" : "CELR_USD",
      "m" : "4611686018430298382"
    }, {
      "d" : "1756404032628664910",
      "t" : 1756404032628,
      "tn" : 1756404032628664910,
      "q" : "11740",
      "p" : "0.008070",
      "s" : "sell",
      "i" : "CELR_USD",
      "m" : "4611686018430298381"
    }, {
      "d" : "1756403956435889827",
      "t" : 1756403956435,
      "tn" : 1756403956435889827,
      "q" : "36270",
      "p" : "0.008052",
      "s" : "sell",
      "i" : "CELR_USD",
      "m" : "4611686018430298380"
    }, {
      "d" : "1756403956435887063",
      "t" : 1756403956435,
      "tn" : 1756403956435887063,
      "q" : "1740",
      "p" : "0.008056",
      "s" : "sell",
      "i" : "CELR_USD",
      "m" : "4611686018430298379"
    }, {
      "d" : "1756403762533674032",
      "t" : 1756403762533,
      "tn" : 1756403762533674032,
      "q" : "11690",
      "p" : "0.008097",
      "s" : "sell",
      "i" : "CELR_USD",
      "m" : "4611686018430298378"
    }, {
      "d" : "1756403624925143357",
      "t" : 1756403624925,
      "tn" : 1756403624925143357,
      "q" : "17650",
      "p" : "0.008068",
      "s" : "buy",
      "i" : "CELR_USD",
      "m" : "4611686018430298377"
    }, {
      "d" : "1756402943280637361",
      "t" : 1756402943280,
      "tn" : 1756402943280637361,
      "q" : "22960",
      "p" : "0.008061",
      "s" : "buy",
      "i" : "CELR_USD",
      "m" : "4611686018430298376"
    }, {
      "d" : "1756402629058205521",
      "t" : 1756402629058,
      "tn" : 1756402629058205521,
      "q" : "93380",
      "p" : "0.008063",
      "s" : "sell",
      "i" : "CELR_USD",
      "m" : "4611686018430298375"
    }, {
      "d" : "1756402629058202939",
      "t" : 1756402629058,
      "tn" : 1756402629058202939,
      "q" : "12390",
      "p" : "0.008066",
      "s" : "sell",
      "i" : "CELR_USD",
      "m" : "4611686018430298374"
    }, {
      "d" : "1756401280731989153",
      "t" : 1756401280731,
      "tn" : 1756401280731989153,
      "q" : "2740",
      "p" : "0.008081",
      "s" : "sell",
      "i" : "CELR_USD",
      "m" : "4611686018430298373"
    }, {
      "d" : "1756399151204200728",
      "t" : 1756399151204,
      "tn" : 1756399151204200728,
      "q" : "91310",
      "p" : "0.008207",
      "s" : "buy",
      "i" : "CELR_USD",
      "m" : "4611686018430298372"
    }, {
      "d" : "1756398439495918319",
      "t" : 1756398439495,
      "tn" : 1756398439495918319,
      "q" : "45580",
      "p" : "0.008230",
      "s" : "sell",
      "i" : "CELR_USD",
      "m" : "4611686018430298371"
    }, {
      "d" : "1756398439495907147",
      "t" : 1756398439495,
      "tn" : 1756398439495907147,
      "q" : "57900",
      "p" : "0.008230",
      "s" : "sell",
      "i" : "CELR_USD",
      "m" : "4611686018430298370"
    }, {
      "d" : "1756398333687092404",
      "t" : 1756398333687,
      "tn" : 1756398333687092404,
      "q" : "8280",
      "p" : "0.008294",
      "s" : "sell",
      "i" : "CELR_USD",
      "m" : "4611686018430298369"
    }, {
      "d" : "1756398064303450401",
      "t" : 1756398064303,
      "tn" : 1756398064303450401,
      "q" : "5050",
      "p" : "0.008284",
      "s" : "sell",
      "i" : "CELR_USD",
      "m" : "4611686018430298368"
    }, {
      "d" : "1756397450475889952",
      "t" : 1756397450475,
      "tn" : 1756397450475889952,
      "q" : "68980",
      "p" : "0.008331",
      "s" : "buy",
      "i" : "CELR_USD",
      "m" : "4611686018430298367"
    }, {
      "d" : "1756397435016622037",
      "t" : 1756397435016,
      "tn" : 1756397435016622037,
      "q" : "2050",
      "p" : "0.008291",
      "s" : "buy",
      "i" : "CELR_USD",
      "m" : "4611686018430298366"
    }, {
      "d" : "1756397325422288447",
      "t" : 1756397325422,
      "tn" : 1756397325422288447,
      "q" : "87150",
      "p" : "0.008348",
      "s" : "sell",
      "i" : "CELR_USD",
      "m" : "4611686018430298365"
    }, {
      "d" : "1756397325422286082",
      "t" : 1756397325422,
      "tn" : 1756397325422286082,
      "q" : "104210",
      "p" : "0.008352",
      "s" : "sell",
      "i" : "CELR_USD",
      "m" : "4611686018430298364"
    }, {
      "d" : "1756397325422283935",
      "t" : 1756397325422,
      "tn" : 1756397325422283935,
      "q" : "72630",
      "p" : "0.008353",
      "s" : "sell",
      "i" : "CELR_USD",
      "m" : "4611686018430298363"
    }, {
      "d" : "1756397325422281461",
      "t" : 1756397325422,
      "tn" : 1756397325422281461,
      "q" : "7600",
      "p" : "0.008355",
      "s" : "sell",
      "i" : "CELR_USD",
      "m" : "4611686018430298362"
    }, {
      "d" : "1756397325422278082",
      "t" : 1756397325422,
      "tn" : 1756397325422278082,
      "q" : "11960",
      "p" : "0.008356",
      "s" : "sell",
      "i" : "CELR_USD",
      "m" : "4611686018430298361"
    }, {
      "d" : "1756397289711864702",
      "t" : 1756397289711,
      "tn" : 1756397289711864702,
      "q" : "2050",
      "p" : "0.008429",
      "s" : "sell",
      "i" : "CELR_USD",
      "m" : "4611686018430298360"
    }, {
      "d" : "1756397216538200667",
      "t" : 1756397216538,
      "tn" : 1756397216538200667,
      "q" : "38980",
      "p" : "0.008400",
      "s" : "sell",
      "i" : "CELR_USD",
      "m" : "4611686018430298359"
    }, {
      "d" : "1756397216537356159",
      "t" : 1756397216537,
      "tn" : 1756397216537356159,
      "q" : "5650",
      "p" : "0.008400",
      "s" : "sell",
      "i" : "CELR_USD",
      "m" : "4611686018430298358"
    }, {
      "d" : "1756397106864379447",
      "t" : 1756397106864,
      "tn" : 1756397106864379447,
      "q" : "60990",
      "p" : "0.008379",
      "s" : "buy",
      "i" : "CELR_USD",
      "m" : "4611686018430298357"
    }, {
      "d" : "1756396046558421580",
      "t" : 1756396046558,
      "tn" : 1756396046558421580,
      "q" : "20490",
      "p" : "0.008319",
      "s" : "sell",
      "i" : "CELR_USD",
      "m" : "4611686018430298356"
    }, {
      "d" : "1756395756932854402",
      "t" : 1756395756932,
      "tn" : 1756395756932854402,
      "q" : "11650",
      "p" : "0.008400",
      "s" : "buy",
      "i" : "CELR_USD",
      "m" : "4611686018430298355"
    }, {
      "d" : "1756395578758921050",
      "t" : 1756395578758,
      "tn" : 1756395578758921050,
      "q" : "94280",
      "p" : "0.008239",
      "s" : "sell",
      "i" : "CELR_USD",
      "m" : "4611686018430298354"
    }, {
      "d" : "1756395443734311907",
      "t" : 1756395443734,
      "tn" : 1756395443734311907,
      "q" : "1720",
      "p" : "0.008300",
      "s" : "buy",
      "i" : "CELR_USD",
      "m" : "4611686018430298353"
    }, {
      "d" : "1756395439475916996",
      "t" : 1756395439475,
      "tn" : 1756395439475916996,
      "q" : "13940",
      "p" : "0.008270",
      "s" : "buy",
      "i" : "CELR_USD",
      "m" : "4611686018430298352"
    }, {
      "d" : "1756395439474708359",
      "t" : 1756395439474,
      "tn" : 1756395439474708359,
      "q" : "57850",
      "p" : "0.008270",
      "s" : "buy",
      "i" : "CELR_USD",
      "m" : "4611686018430298351"
    }, {
      "d" : "1756395439474014545",
      "t" : 1756395439474,
      "tn" : 1756395439474014545,
      "q" : "20610",
      "p" : "0.008269",
      "s" : "buy",
      "i" : "CELR_USD",
      "m" : "4611686018430298350"
    }, {
      "d" : "1756395375992421976",
      "t" : 1756395375992,
      "tn" : 1756395375992421976,
      "q" : "5210",
      "p" : "0.008175",
      "s" : "sell",
      "i" : "CELR_USD",
      "m" : "4611686018430298349"
    }, {
      "d" : "1756394816656603099",
      "t" : 1756394816656,
      "tn" : 1756394816656603099,
      "q" : "4400",
      "p" : "0.008296",
      "s" : "sell",
      "i" : "CELR_USD",
      "m" : "4611686018430298348"
    }, {
      "d" : "1756394798651905389",
      "t" : 1756394798651,
      "tn" : 1756394798651905389,
      "q" : "11470",
      "p" : "0.008293",
      "s" : "sell",
      "i" : "CELR_USD",
      "m" : "4611686018430298347"
    }, {
      "d" : "1756394764426859348",
      "t" : 1756394764426,
      "tn" : 1756394764426859347,
      "q" : "1460",
      "p" : "0.008232",
      "s" : "buy",
      "i" : "CELR_USD",
      "m" : "4611686018430298346"
    }, {
      "d" : "1756394764426859347",
      "t" : 1756394764426,
      "tn" : 1756394764426859347,
      "q" : "60010",
      "p" : "0.008232",
      "s" : "buy",
      "i" : "CELR_USD",
      "m" : "4611686018430298346"
    }, {
      "d" : "1756394764426855881",
      "t" : 1756394764426,
      "tn" : 1756394764426855880,
      "q" : "8350",
      "p" : "0.008231",
      "s" : "buy",
      "i" : "CELR_USD",
      "m" : "4611686018430298345"
    }, {
      "d" : "1756394764426855880",
      "t" : 1756394764426,
      "tn" : 1756394764426855880,
      "q" : "115740",
      "p" : "0.008231",
      "s" : "buy",
      "i" : "CELR_USD",
      "m" : "4611686018430298345"
    }, {
      "d" : "1756394395577554788",
      "t" : 1756394395577,
      "tn" : 1756394395577554788,
      "q" : "2220",
      "p" : "0.008264",
      "s" : "sell",
      "i" : "CELR_USD",
      "m" : "4611686018430298344"
    }, {
      "d" : "1756394291022271851",
      "t" : 1756394291022,
      "tn" : 1756394291022271851,
      "q" : "54450",
      "p" : "0.008207",
      "s" : "buy",
      "i" : "CELR_USD",
      "m" : "4611686018430298343"
    }, {
      "d" : "1756394247087829766",
      "t" : 1756394247087,
      "tn" : 1756394247087829766,
      "q" : "15400",
      "p" : "0.008145",
      "s" : "buy",
      "i" : "CELR_USD",
      "m" : "4611686018430298342"
    }, {
      "d" : "1756393886141872247",
      "t" : 1756393886141,
      "tn" : 1756393886141872247,
      "q" : "400",
      "p" : "0.008164",
      "s" : "buy",
      "i" : "CELR_USD",
      "m" : "4611686018430298341"
    }, {
      "d" : "1756392337276343196",
      "t" : 1756392337276,
      "tn" : 1756392337276343196,
      "q" : "69600",
      "p" : "0.008091",
      "s" : "buy",
      "i" : "CELR_USD",
      "m" : "4611686018430298340"
    }, {
      "d" : "1756391884735973949",
      "t" : 1756391884735,
      "tn" : 1756391884735973949,
      "q" : "2200",
      "p" : "0.008130",
      "s" : "sell",
      "i" : "CELR_USD",
      "m" : "4611686018430298339"
    }, {
      "d" : "1756391220313066422",
      "t" : 1756391220313,
      "tn" : 1756391220313066422,
      "q" : "11770",
      "p" : "0.008041",
      "s" : "buy",
      "i" : "CELR_USD",
      "m" : "4611686018430298338"
    }, {
      "d" : "1756390414819247638",
      "t" : 1756390414819,
      "tn" : 1756390414819247638,
      "q" : "32820",
      "p" : "0.008104",
      "s" : "sell",
      "i" : "CELR_USD",
      "m" : "4611686018430298337"
    }, {
      "d" : "1756389512076112791",
      "t" : 1756389512076,
      "tn" : 1756389512076112791,
      "q" : "38470",
      "p" : "0.008070",
      "s" : "buy",
      "i" : "CELR_USD",
      "m" : "4611686018430298336"
    }, {
      "d" : "1756389422898059445",
      "t" : 1756389422898,
      "tn" : 1756389422898059445,
      "q" : "2160",
      "p" : "0.008033",
      "s" : "buy",
      "i" : "CELR_USD",
      "m" : "4611686018430298335"
    }, {
      "d" : "1756388038564636511",
      "t" : 1756388038564,
      "tn" : 1756388038564636511,
      "q" : "3010",
      "p" : "0.008107",
      "s" : "sell",
      "i" : "CELR_USD",
      "m" : "4611686018430298334"
    }, {
      "d" : "1756387848582345582",
      "t" : 1756387848582,
      "tn" : 1756387848582345582,
      "q" : "3970",
      "p" : "0.008070",
      "s" : "buy",
      "i" : "CELR_USD",
      "m" : "4611686018430298333"
    }, {
      "d" : "1756385029023445021",
      "t" : 1756385029023,
      "tn" : 1756385029023445021,
      "q" : "2780",
      "p" : "0.008089",
      "s" : "buy",
      "i" : "CELR_USD",
      "m" : "4611686018430298332"
    }, {
      "d" : "1756384833717814736",
      "t" : 1756384833717,
      "tn" : 1756384833717814736,
      "q" : "2000",
      "p" : "0.008112",
      "s" : "sell",
      "i" : "CELR_USD",
      "m" : "4611686018430298331"
    }, {
      "d" : "1756384289386145511",
      "t" : 1756384289386,
      "tn" : 1756384289386145511,
      "q" : "940",
      "p" : "0.008052",
      "s" : "buy",
      "i" : "CELR_USD",
      "m" : "4611686018430298330"
    }, {
      "d" : "1756383812597431881",
      "t" : 1756383812597,
      "tn" : 1756383812597431881,
      "q" : "36980",
      "p" : "0.008111",
      "s" : "buy",
      "i" : "CELR_USD",
      "m" : "4611686018430298329"
    }, {
      "d" : "1756383801293714090",
      "t" : 1756383801293,
      "tn" : 1756383801293714090,
      "q" : "5450",
      "p" : "0.008102",
      "s" : "sell",
      "i" : "CELR_USD",
      "m" : "4611686018430298328"
    }, {
      "d" : "1756383522563263568",
      "t" : 1756383522563,
      "tn" : 1756383522563263568,
      "q" : "9520",
      "p" : "0.008058",
      "s" : "buy",
      "i" : "CELR_USD",
      "m" : "4611686018430298327"
    }, {
      "d" : "1756383444973523320",
      "t" : 1756383444973,
      "tn" : 1756383444973523320,
      "q" : "6460",
      "p" : "0.008076",
      "s" : "buy",
      "i" : "CELR_USD",
      "m" : "4611686018430298326"
    }, {
      "d" : "1756381375160453269",
      "t" : 1756381375160,
      "tn" : 1756381375160453269,
      "q" : "20000",
      "p" : "0.008029",
      "s" : "buy",
      "i" : "CELR_USD",
      "m" : "4611686018430298325"
    }, {
      "d" : "1756380595095269345",
      "t" : 1756380595095,
      "tn" : 1756380595095269345,
      "q" : "4980",
      "p" : "0.008096",
      "s" : "sell",
      "i" : "CELR_USD",
      "m" : "4611686018430298324"
    }, {
      "d" : "1756380439579606447",
      "t" : 1756380439579,
      "tn" : 1756380439579606447,
      "q" : "4510",
      "p" : "0.008062",
      "s" : "buy",
      "i" : "CELR_USD",
      "m" : "4611686018430298323"
    }, {
      "d" : "1756379860607511325",
      "t" : 1756379860607,
      "tn" : 1756379860607511325,
      "q" : "30100",
      "p" : "0.008036",
      "s" : "buy",
      "i" : "CELR_USD",
      "m" : "4611686018430298322"
    }, {
      "d" : "1756379422101490474",
      "t" : 1756379422101,
      "tn" : 1756379422101490474,
      "q" : "4080",
      "p" : "0.008036",
      "s" : "buy",
      "i" : "CELR_USD",
      "m" : "4611686018430298321"
    }, {
      "d" : "1756379375537997170",
      "t" : 1756379375537,
      "tn" : 1756379375537997170,
      "q" : "11910",
      "p" : "0.008046",
      "s" : "buy",
      "i" : "CELR_USD",
      "m" : "4611686018430298320"
    }, {
      "d" : "1756379368726754512",
      "t" : 1756379368726,
      "tn" : 1756379368726754512,
      "q" : "2000",
      "p" : "0.008041",
      "s" : "buy",
      "i" : "CELR_USD",
      "m" : "4611686018430298319"
    }, {
      "d" : "1756379134371346403",
      "t" : 1756379134371,
      "tn" : 1756379134371346403,
      "q" : "2990",
      "p" : "0.008077",
      "s" : "sell",
      "i" : "CELR_USD",
      "m" : "4611686018430298318"
    }, {
      "d" : "1756378312032572000",
      "t" : 1756378312032,
      "tn" : 1756378312032572000,
      "q" : "7560",
      "p" : "0.008076",
      "s" : "sell",
      "i" : "CELR_USD",
      "m" : "4611686018430298317"
    } ]
  }
}