{
  "id" : -1,
  "method" : "public/get-trades",
  "code" : 0,
  "result" : {
    "data" : [ {
      "d" : "1756451669287680853",
      "t" : 1756451669287,
      "tn" : 1756451669287680853,
      "q" : "17110",
      "p" : "0.007813",
      "s" : "sell",
      "i" : "CELR_USDT",
      "m" : "4611686018430749283"
    }, {
      "d" : "1756451669287678708",
      "t" : 1756451669287,
      "tn" : 1756451669287678708,
      "q" : "9110",
      "p" : "0.007814",
      "s" : "sell",
      "i" : "CELR_USDT",
      "m" : "4611686018430749282"
    }, {
      "d" : "1756420296455068714",
      "t" : 1756420296455,
      "tn" : 1756420296455068714,
      "q" : "7910",
      "p" : "0.008162",
      "s" : "buy",
      "i" : "CELR_USDT",
      "m" : "4611686018430749281"
    }, {
      "d" : "1756420296455066448",
      "t" : 1756420296455,
      "tn" : 1756420296455066448,
      "q" : "8720",
      "p" : "0.008161",
      "s" : "buy",
      "i" : "CELR_USDT",
      "m" : "4611686018430749280"
    }, {
      "d" : "1756419784731114001",
      "t" : 1756419784731,
      "tn" : 1756419784731114001,
      "q" : "2450",
      "p" : "0.008148",
      "s" : "buy",
      "i" : "CELR_USDT",
      "m" : "4611686018430749279"
    }, {
      "d" : "1756397325423063366",
      "t" : 1756397325423,
      "tn" : 1756397325423063366,
      "q" : "4930",
      "p" : "0.008359",
      "s" : "sell",
      "i" : "CELR_USDT",
      "m" : "4611686018430749278"
    }, {
      "d" : "1756397325423061276",
      "t" : 1756397325423,
      "tn" : 1756397325423061276,
      "q" : "41110",
      "p" : "0.008360",
      "s" : "sell",
      "i" : "CELR_USDT",
      "m" : "4611686018430749277"
    }, {
      "d" : "1756397325422433520",
      "t" : 1756397325422,
      "tn" : 1756397325422433520,
      "q" : "46180",
      "p" : "0.008360",
      "s" : "sell",
      "i" : "CELR_USDT",
      "m" : "4611686018430749276"
    }, {
      "d" : "1756397325422431966",
      "t" : 1756397325422,
      "tn" : 1756397325422431966,
      "q" : "54530",
      "p" : "0.008362",
      "s" : "sell",
      "i" : "CELR_USDT",
      "m" : "4611686018430749275"
    }, {
      "d" : "1756397217812880554",
      "t" : 1756397217812,
      "tn" : 1756397217812880554,
      "q" : "450",
      "p" : "0.008378",
      "s" : "sell",
      "i" : "CELR_USDT",
      "m" : "4611686018430749274"
    }, {
      "d" : "1756397217809853916",
      "t" : 1756397217809,
      "tn" : 1756397217809853915,
      "q" : "10030",
      "p" : "0.008378",
      "s" : "sell",
      "i" : "CELR_USDT",
      "m" : "4611686018430749273"
    }, {
      "d" : "1756397217809853915",
      "t" : 1756397217809,
      "tn" : 1756397217809853915,
      "q" : "22570",
      "p" : "0.008378",
      "s" : "sell",
      "i" : "CELR_USDT",
      "m" : "4611686018430749273"
    }, {
      "d" : "1756397217805169551",
      "t" : 1756397217805,
      "tn" : 1756397217805169551,
      "q" : "32600",
      "p" : "0.008378",
      "s" : "sell",
      "i" : "CELR_USDT",
      "m" : "4611686018430749272"
    }, {
      "d" : "1756397216539005594",
      "t" : 1756397216539,
      "tn" : 1756397216539005594,
      "q" : "50940",
      "p" : "0.008392",
      "s" : "sell",
      "i" : "CELR_USDT",
      "m" : "4611686018430749271"
    }, {
      "d" : "1756397216539003091",
      "t" : 1756397216539,
      "tn" : 1756397216539003091,
      "q" : "2780",
      "p" : "0.008393",
      "s" : "sell",
      "i" : "CELR_USDT",
      "m" : "4611686018430749270"
    }, {
      "d" : "1756397216538928968",
      "t" : 1756397216538,
      "tn" : 1756397216538928968,
      "q" : "5940",
      "p" : "0.008393",
      "s" : "sell",
      "i" : "CELR_USDT",
      "m" : "4611686018430749269"
    }, {
      "d" : "1756395755862775786",
      "t" : 1756395755862,
      "tn" : 1756395755862775786,
      "q" : "28190",
      "p" : "0.008359",
      "s" : "buy",
      "i" : "CELR_USDT",
      "m" : "4611686018430749268"
    }, {
      "d" : "1756395437028243630",
      "t" : 1756395437028,
      "tn" : 1756395437028243630,
      "q" : "39810",
      "p" : "0.008216",
      "s" : "buy",
      "i" : "CELR_USDT",
      "m" : "4611686018430749267"
    }, {
      "d" : "1756395432741973887",
      "t" : 1756395432741,
      "tn" : 1756395432741973887,
      "q" : "5330",
      "p" : "0.008216",
      "s" : "buy",
      "i" : "CELR_USDT",
      "m" : "4611686018430749266"
    }, {
      "d" : "1756395432741814933",
      "t" : 1756395432741,
      "tn" : 1756395432741814933,
      "q" : "7430",
      "p" : "0.008216",
      "s" : "buy",
      "i" : "CELR_USDT",
      "m" : "4611686018430749265"
    }, {
      "d" : "1756395431861153805",
      "t" : 1756395431861,
      "tn" : 1756395431861153805,
      "q" : "10900",
      "p" : "0.008216",
      "s" : "buy",
      "i" : "CELR_USDT",
      "m" : "4611686018430749264"
    }, {
      "d" : "1756395431860800886",
      "t" : 1756395431860,
      "tn" : 1756395431860800886,
      "q" : "49500",
      "p" : "0.008216",
      "s" : "buy",
      "i" : "CELR_USDT",
      "m" : "4611686018430749263"
    }, {
      "d" : "1756395431855906477",
      "t" : 1756395431855,
      "tn" : 1756395431855906476,
      "q" : "20330",
      "p" : "0.008216",
      "s" : "buy",
      "i" : "CELR_USDT",
      "m" : "4611686018430749262"
    }, {
      "d" : "1756395431855906476",
      "t" : 1756395431855,
      "tn" : 1756395431855906476,
      "q" : "24640",
      "p" : "0.008216",
      "s" : "buy",
      "i" : "CELR_USDT",
      "m" : "4611686018430749262"
    }, {
      "d" : "1756395431855903385",
      "t" : 1756395431855,
      "tn" : 1756395431855903385,
      "q" : "4530",
      "p" : "0.008215",
      "s" : "buy",
      "i" : "CELR_USDT",
      "m" : "4611686018430749261"
    }, {
      "d" : "1756395431855723278",
      "t" : 1756395431855,
      "tn" : 1756395431855723278,
      "q" : "4380",
      "p" : "0.008215",
      "s" : "buy",
      "i" : "CELR_USDT",
      "m" : "4611686018430749260"
    }, {
      "d" : "1756395054102868105",
      "t" : 1756395054102,
      "tn" : 1756395054102868105,
      "q" : "76790",
      "p" : "0.008259",
      "s" : "buy",
      "i" : "CELR_USDT",
      "m" : "4611686018430749259"
    }, {
      "d" : "1756394933897426397",
      "t" : 1756394933897,
      "tn" : 1756394933897426397,
      "q" : "5620",
      "p" : "0.008233",
      "s" : "sell",
      "i" : "CELR_USDT",
      "m" : "4611686018430749258"
    }, {
      "d" : "1756394933896956882",
      "t" : 1756394933896,
      "tn" : 1756394933896956882,
      "q" : "44460",
      "p" : "0.008233",
      "s" : "sell",
      "i" : "CELR_USDT",
      "m" : "4611686018430749257"
    }, {
      "d" : "1756394933896955253",
      "t" : 1756394933896,
      "tn" : 1756394933896955252,
      "q" : "15960",
      "p" : "0.008238",
      "s" : "sell",
      "i" : "CELR_USDT",
      "m" : "4611686018430749256"
    }, {
      "d" : "1756394933896955252",
      "t" : 1756394933896,
      "tn" : 1756394933896955252,
      "q" : "8910",
      "p" : "0.008238",
      "s" : "sell",
      "i" : "CELR_USDT",
      "m" : "4611686018430749256"
    }, {
      "d" : "1756394933896948334",
      "t" : 1756394933896,
      "tn" : 1756394933896948334,
      "q" : "3830",
      "p" : "0.008239",
      "s" : "sell",
      "i" : "CELR_USDT",
      "m" : "4611686018430749255"
    }, {
      "d" : "1756394933853844906",
      "t" : 1756394933853,
      "tn" : 1756394933853844906,
      "q" : "17300",
      "p" : "0.008239",
      "s" : "sell",
      "i" : "CELR_USDT",
      "m" : "4611686018430749254"
    }, {
      "d" : "1756394933852026700",
      "t" : 1756394933852,
      "tn" : 1756394933852026700,
      "q" : "15530",
      "p" : "0.008239",
      "s" : "sell",
      "i" : "CELR_USDT",
      "m" : "4611686018430749253"
    }, {
      "d" : "1756394933850903441",
      "t" : 1756394933850,
      "tn" : 1756394933850903441,
      "q" : "13430",
      "p" : "0.008239",
      "s" : "sell",
      "i" : "CELR_USDT",
      "m" : "4611686018430749252"
    }, {
      "d" : "1756394933849044156",
      "t" : 1756394933849,
      "tn" : 1756394933849044156,
      "q" : "13430",
      "p" : "0.008239",
      "s" : "sell",
      "i" : "CELR_USDT",
      "m" : "4611686018430749251"
    }, {
      "d" : "1756394933846884689",
      "t" : 1756394933846,
      "tn" : 1756394933846884689,
      "q" : "8110",
      "p" : "0.008239",
      "s" : "sell",
      "i" : "CELR_USDT",
      "m" : "4611686018430749250"
    }, {
      "d" : "1756394933844870879",
      "t" : 1756394933844,
      "tn" : 1756394933844870879,
      "q" : "2290",
      "p" : "0.008239",
      "s" : "sell",
      "i" : "CELR_USDT",
      "m" : "4611686018430749249"
    }, {
      "d" : "1756394933842974593",
      "t" : 1756394933842,
      "tn" : 1756394933842974593,
      "q" : "2290",
      "p" : "0.008239",
      "s" : "sell",
      "i" : "CELR_USDT",
      "m" : "4611686018430749248"
    }, {
      "d" : "1756394933841023156",
      "t" : 1756394933841,
      "tn" : 1756394933841023156,
      "q" : "2290",
      "p" : "0.008239",
      "s" : "sell",
      "i" : "CELR_USDT",
      "m" : "4611686018430749247"
    }, {
      "d" : "1756394933840846169",
      "t" : 1756394933840,
      "tn" : 1756394933840846168,
      "q" : "920",
      "p" : "0.008239",
      "s" : "sell",
      "i" : "CELR_USDT",
      "m" : "4611686018430749246"
    }, {
      "d" : "1756394933840846168",
      "t" : 1756394933840,
      "tn" : 1756394933840846168,
      "q" : "4700",
      "p" : "0.008239",
      "s" : "sell",
      "i" : "CELR_USDT",
      "m" : "4611686018430749246"
    }, {
      "d" : "1756394764437403032",
      "t" : 1756394764437,
      "tn" : 1756394764437403032,
      "q" : "61710",
      "p" : "0.008243",
      "s" : "buy",
      "i" : "CELR_USDT",
      "m" : "4611686018430749245"
    }, {
      "d" : "1756394764435107043",
      "t" : 1756394764435,
      "tn" : 1756394764435107043,
      "q" : "12990",
      "p" : "0.008241",
      "s" : "buy",
      "i" : "CELR_USDT",
      "m" : "4611686018430749244"
    }, {
      "d" : "1756394764432273055",
      "t" : 1756394764432,
      "tn" : 1756394764432273055,
      "q" : "2120",
      "p" : "0.008241",
      "s" : "buy",
      "i" : "CELR_USDT",
      "m" : "4611686018430749243"
    }, {
      "d" : "1756394764432271467",
      "t" : 1756394764432,
      "tn" : 1756394764432271467,
      "q" : "53490",
      "p" : "0.008240",
      "s" : "buy",
      "i" : "CELR_USDT",
      "m" : "4611686018430749242"
    }, {
      "d" : "1756394764426748680",
      "t" : 1756394764426,
      "tn" : 1756394764426748680,
      "q" : "8910",
      "p" : "0.008238",
      "s" : "buy",
      "i" : "CELR_USDT",
      "m" : "4611686018430749241"
    }, {
      "d" : "1756394605082763069",
      "t" : 1756394605082,
      "tn" : 1756394605082763069,
      "q" : "8910",
      "p" : "0.008215",
      "s" : "sell",
      "i" : "CELR_USDT",
      "m" : "4611686018430749240"
    }, {
      "d" : "1756393927755022924",
      "t" : 1756393927755,
      "tn" : 1756393927755022924,
      "q" : "20120",
      "p" : "0.008132",
      "s" : "buy",
      "i" : "CELR_USDT",
      "m" : "4611686018430749239"
    } ]
  }
}