{
  "id" : -1,
  "method" : "public/get-trades",
  "code" : 0,
  "result" : {
    "data" : [ {
      "d" : "1756456277664895383",
      "t" : 1756456277664,
      "tn" : 1756456277664895383,
      "q" : "270",
      "p" : "0.18096",
      "s" : "buy",
      "i" : "CFXUSD-PERP",
      "m" : "4611686018429421793"
    }, {
      "d" : "1756456277654990693",
      "t" : 1756456277654,
      "tn" : 1756456277654990693,
      "q" : "10",
      "p" : "0.18018",
      "s" : "buy",
      "i" : "CFXUSD-PERP",
      "m" : "4611686018429421792"
    }, {
      "d" : "1756456277654988593",
      "t" : 1756456277654,
      "tn" : 1756456277654988593,
      "q" : "10",
      "p" : "0.18005",
      "s" : "buy",
      "i" : "CFXUSD-PERP",
      "m" : "4611686018429421791"
    }, {
      "d" : "1756454183843539453",
      "t" : 1756454183843,
      "tn" : 1756454183843539453,
      "q" : "280",
      "p" : "0.17740",
      "s" : "sell",
      "i" : "CFXUSD-PERP",
      "m" : "4611686018429421790"
    }, {
      "d" : "1756454183843536973",
      "t" : 1756454183843,
      "tn" : 1756454183843536973,
      "q" : "280",
      "p" : "0.17744",
      "s" : "sell",
      "i" : "CFXUSD-PERP",
      "m" : "4611686018429421789"
    }, {
      "d" : "1756454183842699824",
      "t" : 1756454183842,
      "tn" : 1756454183842699824,
      "q" : "1110",
      "p" : "0.17776",
      "s" : "sell",
      "i" : "CFXUSD-PERP",
      "m" : "4611686018429421788"
    }, {
      "d" : "1756454183842697540",
      "t" : 1756454183842,
      "tn" : 1756454183842697540,
      "q" : "10",
      "p" : "0.17790",
      "s" : "sell",
      "i" : "CFXUSD-PERP",
      "m" : "4611686018429421787"
    }, {
      "d" : "1756452724585239011",
      "t" : 1756452724585,
      "tn" : 1756452724585239011,
      "q" : "10",
      "p" : "0.18089",
      "s" : "buy",
      "i" : "CFXUSD-PERP",
      "m" : "4611686018429421786"
    }, {
      "d" : "1756452677446840220",
      "t" : 1756452677446,
      "tn" : 1756452677446840220,
      "q" : "10",
      "p" : "0.18021",
      "s" : "buy",
      "i" : "CFXUSD-PERP",
      "m" : "4611686018429421785"
    }, {
      "d" : "1756452536420883348",
      "t" : 1756452536420,
      "tn" : 1756452536420883348,
      "q" : "10",
      "p" : "0.17978",
      "s" : "buy",
      "i" : "CFXUSD-PERP",
      "m" : "4611686018429421784"
    }, {
      "d" : "1756452536420880773",
      "t" : 1756452536420,
      "tn" : 1756452536420880773,
      "q" : "10",
      "p" : "0.17964",
      "s" : "buy",
      "i" : "CFXUSD-PERP",
      "m" : "4611686018429421783"
    }, {
      "d" : "1756451947454762786",
      "t" : 1756451947454,
      "tn" : 1756451947454762786,
      "q" : "10",
      "p" : "0.17902",
      "s" : "buy",
      "i" : "CFXUSD-PERP",
      "m" : "4611686018429421782"
    }, {
      "d" : "1756451947356344853",
      "t" : 1756451947356,
      "tn" : 1756451947356344853,
      "q" : "10",
      "p" : "0.17934",
      "s" : "sell",
      "i" : "CFXUSD-PERP",
      "m" : "4611686018429421781"
    }, {
      "d" : "1756451941527500539",
      "t" : 1756451941527,
      "tn" : 1756451941527500539,
      "q" : "10",
      "p" : "0.17954",
      "s" : "sell",
      "i" : "CFXUSD-PERP",
      "m" : "4611686018429421780"
    }, {
      "d" : "1756451924100986140",
      "t" : 1756451924100,
      "tn" : 1756451924100986140,
      "q" : "10",
      "p" : "0.17920",
      "s" : "buy",
      "i" : "CFXUSD-PERP",
      "m" : "4611686018429421779"
    }, {
      "d" : "1756451924039740818",
      "t" : 1756451924039,
      "tn" : 1756451924039740818,
      "q" : "1110",
      "p" : "0.17932",
      "s" : "sell",
      "i" : "CFXUSD-PERP",
      "m" : "4611686018429421778"
    }, {
      "d" : "1756451924039739278",
      "t" : 1756451924039,
      "tn" : 1756451924039739278,
      "q" : "10",
      "p" : "0.17952",
      "s" : "sell",
      "i" : "CFXUSD-PERP",
      "m" : "4611686018429421777"
    }, {
      "d" : "1756451924039737571",
      "t" : 1756451924039,
      "tn" : 1756451924039737571,
      "q" : "10",
      "p" : "0.17953",
      "s" : "sell",
      "i" : "CFXUSD-PERP",
      "m" : "4611686018429421776"
    }, {
      "d" : "1756451919572036521",
      "t" : 1756451919572,
      "tn" : 1756451919572036521,
      "q" : "10",
      "p" : "0.18052",
      "s" : "sell",
      "i" : "CFXUSD-PERP",
      "m" : "4611686018429421775"
    }, {
      "d" : "1756451919572034178",
      "t" : 1756451919572,
      "tn" : 1756451919572034178,
      "q" : "10",
      "p" : "0.18054",
      "s" : "sell",
      "i" : "CFXUSD-PERP",
      "m" : "4611686018429421774"
    }, {
      "d" : "1756451741389131824",
      "t" : 1756451741389,
      "tn" : 1756451741389131824,
      "q" : "270",
      "p" : "0.18036",
      "s" : "sell",
      "i" : "CFXUSD-PERP",
      "m" : "4611686018429421773"
    }, {
      "d" : "1756451741386652327",
      "t" : 1756451741386,
      "tn" : 1756451741386652327,
      "q" : "1100",
      "p" : "0.18048",
      "s" : "sell",
      "i" : "CFXUSD-PERP",
      "m" : "4611686018429421772"
    }, {
      "d" : "1756451741383787832",
      "t" : 1756451741383,
      "tn" : 1756451741383787832,
      "q" : "10",
      "p" : "0.18083",
      "s" : "sell",
      "i" : "CFXUSD-PERP",
      "m" : "4611686018429421771"
    }, {
      "d" : "1756451741383785329",
      "t" : 1756451741383,
      "tn" : 1756451741383785329,
      "q" : "10",
      "p" : "0.18084",
      "s" : "sell",
      "i" : "CFXUSD-PERP",
      "m" : "4611686018429421770"
    }, {
      "d" : "1756451665374813787",
      "t" : 1756451665374,
      "tn" : 1756451665374813786,
      "q" : "10",
      "p" : "0.18080",
      "s" : "sell",
      "i" : "CFXUSD-PERP",
      "m" : "4611686018429421769"
    }, {
      "d" : "1756451665374813786",
      "t" : 1756451665374,
      "tn" : 1756451665374813786,
      "q" : "10",
      "p" : "0.18080",
      "s" : "sell",
      "i" : "CFXUSD-PERP",
      "m" : "4611686018429421769"
    }, {
      "d" : "1756451654908755063",
      "t" : 1756451654908,
      "tn" : 1756451654908755063,
      "q" : "10",
      "p" : "0.18108",
      "s" : "sell",
      "i" : "CFXUSD-PERP",
      "m" : "4611686018429421768"
    }, {
      "d" : "1756451564777109382",
      "t" : 1756451564777,
      "tn" : 1756451564777109382,
      "q" : "10",
      "p" : "0.18097",
      "s" : "sell",
      "i" : "CFXUSD-PERP",
      "m" : "4611686018429421767"
    }, {
      "d" : "1756451564777107213",
      "t" : 1756451564777,
      "tn" : 1756451564777107213,
      "q" : "10",
      "p" : "0.18098",
      "s" : "sell",
      "i" : "CFXUSD-PERP",
      "m" : "4611686018429421766"
    }, {
      "d" : "1756451494784652524",
      "t" : 1756451494784,
      "tn" : 1756451494784652524,
      "q" : "170",
      "p" : "0.18084",
      "s" : "sell",
      "i" : "CFXUSD-PERP",
      "m" : "4611686018429421765"
    }, {
      "d" : "1756451494784650591",
      "t" : 1756451494784,
      "tn" : 1756451494784650591,
      "q" : "1100",
      "p" : "0.18120",
      "s" : "sell",
      "i" : "CFXUSD-PERP",
      "m" : "4611686018429421764"
    }, {
      "d" : "1756451494784648745",
      "t" : 1756451494784,
      "tn" : 1756451494784648745,
      "q" : "10",
      "p" : "0.18143",
      "s" : "sell",
      "i" : "CFXUSD-PERP",
      "m" : "4611686018429421763"
    }, {
      "d" : "1756451494784646155",
      "t" : 1756451494784,
      "tn" : 1756451494784646155,
      "q" : "10",
      "p" : "0.18144",
      "s" : "sell",
      "i" : "CFXUSD-PERP",
      "m" : "4611686018429421762"
    }, {
      "d" : "1756450295705086972",
      "t" : 1756450295705,
      "tn" : 1756450295705086972,
      "q" : "60",
      "p" : "0.18416",
      "s" : "buy",
      "i" : "CFXUSD-PERP",
      "m" : "4611686018429421761"
    }, {
      "d" : "1756450295705084455",
      "t" : 1756450295705,
      "tn" : 1756450295705084455,
      "q" : "270",
      "p" : "0.18412",
      "s" : "buy",
      "i" : "CFXUSD-PERP",
      "m" : "4611686018429421760"
    }, {
      "d" : "1756450295705082050",
      "t" : 1756450295705,
      "tn" : 1756450295705082050,
      "q" : "270",
      "p" : "0.18408",
      "s" : "buy",
      "i" : "CFXUSD-PERP",
      "m" : "4611686018429421759"
    }, {
      "d" : "1756450247213546999",
      "t" : 1756450247213,
      "tn" : 1756450247213546999,
      "q" : "270",
      "p" : "0.18264",
      "s" : "sell",
      "i" : "CFXUSD-PERP",
      "m" : "4611686018429421758"
    }, {
      "d" : "1756450247213544856",
      "t" : 1756450247213,
      "tn" : 1756450247213544856,
      "q" : "270",
      "p" : "0.18268",
      "s" : "sell",
      "i" : "CFXUSD-PERP",
      "m" : "4611686018429421757"
    }, {
      "d" : "1756450247213542548",
      "t" : 1756450247213,
      "tn" : 1756450247213542548,
      "q" : "270",
      "p" : "0.18272",
      "s" : "sell",
      "i" : "CFXUSD-PERP",
      "m" : "4611686018429421756"
    }, {
      "d" : "1756450247213539752",
      "t" : 1756450247213,
      "tn" : 1756450247213539752,
      "q" : "270",
      "p" : "0.18276",
      "s" : "sell",
      "i" : "CFXUSD-PERP",
      "m" : "4611686018429421755"
    }, {
      "d" : "1756450207407908253",
      "t" : 1756450207407,
      "tn" : 1756450207407908253,
      "q" : "170",
      "p" : "0.18448",
      "s" : "buy",
      "i" : "CFXUSD-PERP",
      "m" : "4611686018429421754"
    }, {
      "d" : "1756450207407906163",
      "t" : 1756450207407,
      "tn" : 1756450207407906163,
      "q" : "270",
      "p" : "0.18444",
      "s" : "buy",
      "i" : "CFXUSD-PERP",
      "m" : "4611686018429421753"
    }, {
      "d" : "1756450207407903452",
      "t" : 1756450207407,
      "tn" : 1756450207407903452,
      "q" : "250",
      "p" : "0.18443",
      "s" : "buy",
      "i" : "CFXUSD-PERP",
      "m" : "4611686018429421752"
    }, {
      "d" : "1756444888611708525",
      "t" : 1756444888611,
      "tn" : 1756444888611708525,
      "q" : "1020",
      "p" : "0.19060",
      "s" : "sell",
      "i" : "CFXUSD-PERP",
      "m" : "4611686018429421751"
    }, {
      "d" : "1756444888611706738",
      "t" : 1756444888611,
      "tn" : 1756444888611706738,
      "q" : "10",
      "p" : "0.19079",
      "s" : "sell",
      "i" : "CFXUSD-PERP",
      "m" : "4611686018429421750"
    }, {
      "d" : "1756444888611703415",
      "t" : 1756444888611,
      "tn" : 1756444888611703415,
      "q" : "10",
      "p" : "0.19080",
      "s" : "sell",
      "i" : "CFXUSD-PERP",
      "m" : "4611686018429421749"
    }, {
      "d" : "1756444791307928823",
      "t" : 1756444791307,
      "tn" : 1756444791307928823,
      "q" : "460",
      "p" : "0.19104",
      "s" : "sell",
      "i" : "CFXUSD-PERP",
      "m" : "4611686018429421748"
    }, {
      "d" : "1756444791307927219",
      "t" : 1756444791307,
      "tn" : 1756444791307927219,
      "q" : "10",
      "p" : "0.19114",
      "s" : "sell",
      "i" : "CFXUSD-PERP",
      "m" : "4611686018429421747"
    }, {
      "d" : "1756444791307454450",
      "t" : 1756444791307,
      "tn" : 1756444791307454450,
      "q" : "280",
      "p" : "0.19104",
      "s" : "sell",
      "i" : "CFXUSD-PERP",
      "m" : "4611686018429421746"
    }, {
      "d" : "1756444791307453002",
      "t" : 1756444791307,
      "tn" : 1756444791307453002,
      "q" : "10",
      "p" : "0.19124",
      "s" : "sell",
      "i" : "CFXUSD-PERP",
      "m" : "4611686018429421745"
    }, {
      "d" : "1756444791306885086",
      "t" : 1756444791306,
      "tn" : 1756444791306885086,
      "q" : "10",
      "p" : "0.19132",
      "s" : "sell",
      "i" : "CFXUSD-PERP",
      "m" : "4611686018429421744"
    }, {
      "d" : "1756444783348350450",
      "t" : 1756444783348,
      "tn" : 1756444783348350450,
      "q" : "260",
      "p" : "0.19168",
      "s" : "buy",
      "i" : "CFXUSD-PERP",
      "m" : "4611686018429421743"
    }, {
      "d" : "1756444783308537748",
      "t" : 1756444783308,
      "tn" : 1756444783308537748,
      "q" : "10",
      "p" : "0.19110",
      "s" : "buy",
      "i" : "CFXUSD-PERP",
      "m" : "4611686018429421742"
    }, {
      "d" : "1756444783307766646",
      "t" : 1756444783307,
      "tn" : 1756444783307766646,
      "q" : "10",
      "p" : "0.19090",
      "s" : "buy",
      "i" : "CFXUSD-PERP",
      "m" : "4611686018429421741"
    }, {
      "d" : "1756444232855352422",
      "t" : 1756444232855,
      "tn" : 1756444232855352422,
      "q" : "10",
      "p" : "0.19015",
      "s" : "buy",
      "i" : "CFXUSD-PERP",
      "m" : "4611686018429421740"
    }, {
      "d" : "1756444052393643977",
      "t" : 1756444052393,
      "tn" : 1756444052393643977,
      "q" : "10",
      "p" : "0.19060",
      "s" : "sell",
      "i" : "CFXUSD-PERP",
      "m" : "4611686018429421739"
    }, {
      "d" : "1756444052393642202",
      "t" : 1756444052393,
      "tn" : 1756444052393642202,
      "q" : "10",
      "p" : "0.19061",
      "s" : "sell",
      "i" : "CFXUSD-PERP",
      "m" : "4611686018429421738"
    }, {
      "d" : "1756443823147255574",
      "t" : 1756443823147,
      "tn" : 1756443823147255574,
      "q" : "10",
      "p" : "0.19134",
      "s" : "sell",
      "i" : "CFXUSD-PERP",
      "m" : "4611686018429421737"
    }, {
      "d" : "1756443823147254224",
      "t" : 1756443823147,
      "tn" : 1756443823147254224,
      "q" : "10",
      "p" : "0.19137",
      "s" : "sell",
      "i" : "CFXUSD-PERP",
      "m" : "4611686018429421736"
    }, {
      "d" : "1756442887174024916",
      "t" : 1756442887174,
      "tn" : 1756442887174024916,
      "q" : "10",
      "p" : "0.18923",
      "s" : "buy",
      "i" : "CFXUSD-PERP",
      "m" : "4611686018429421735"
    }, {
      "d" : "1756442824623190341",
      "t" : 1756442824623,
      "tn" : 1756442824623190341,
      "q" : "10",
      "p" : "0.18944",
      "s" : "buy",
      "i" : "CFXUSD-PERP",
      "m" : "4611686018429421734"
    }, {
      "d" : "1756442815308202824",
      "t" : 1756442815308,
      "tn" : 1756442815308202824,
      "q" : "260",
      "p" : "0.18952",
      "s" : "sell",
      "i" : "CFXUSD-PERP",
      "m" : "4611686018429421733"
    }, {
      "d" : "1756442815307434909",
      "t" : 1756442815307,
      "tn" : 1756442815307434909,
      "q" : "260",
      "p" : "0.18960",
      "s" : "buy",
      "i" : "CFXUSD-PERP",
      "m" : "4611686018429421732"
    }, {
      "d" : "1756442815306863474",
      "t" : 1756442815306,
      "tn" : 1756442815306863474,
      "q" : "260",
      "p" : "0.18956",
      "s" : "buy",
      "i" : "CFXUSD-PERP",
      "m" : "4611686018429421731"
    }, {
      "d" : "1756442815306773541",
      "t" : 1756442815306,
      "tn" : 1756442815306773540,
      "q" : "790",
      "p" : "0.18956",
      "s" : "buy",
      "i" : "CFXUSD-PERP",
      "m" : "4611686018429421730"
    }, {
      "d" : "1756442815306773540",
      "t" : 1756442815306,
      "tn" : 1756442815306773540,
      "q" : "260",
      "p" : "0.18956",
      "s" : "buy",
      "i" : "CFXUSD-PERP",
      "m" : "4611686018429421730"
    }, {
      "d" : "1756442815306770816",
      "t" : 1756442815306,
      "tn" : 1756442815306770816,
      "q" : "260",
      "p" : "0.18952",
      "s" : "buy",
      "i" : "CFXUSD-PERP",
      "m" : "4611686018429421729"
    }, {
      "d" : "1756442815302796785",
      "t" : 1756442815302,
      "tn" : 1756442815302796785,
      "q" : "10",
      "p" : "0.18902",
      "s" : "buy",
      "i" : "CFXUSD-PERP",
      "m" : "4611686018429421728"
    }, {
      "d" : "1756442815302735137",
      "t" : 1756442815302,
      "tn" : 1756442815302735137,
      "q" : "10",
      "p" : "0.18891",
      "s" : "buy",
      "i" : "CFXUSD-PERP",
      "m" : "4611686018429421727"
    }, {
      "d" : "1756441730452112750",
      "t" : 1756441730452,
      "tn" : 1756441730452112750,
      "q" : "10",
      "p" : "0.18927",
      "s" : "sell",
      "i" : "CFXUSD-PERP",
      "m" : "4611686018429421726"
    }, {
      "d" : "1756441730452110030",
      "t" : 1756441730452,
      "tn" : 1756441730452110030,
      "q" : "10",
      "p" : "0.18928",
      "s" : "sell",
      "i" : "CFXUSD-PERP",
      "m" : "4611686018429421725"
    }, {
      "d" : "1756440720149815905",
      "t" : 1756440720149,
      "tn" : 1756440720149815904,
      "q" : "10",
      "p" : "0.18754",
      "s" : "sell",
      "i" : "CFXUSD-PERP",
      "m" : "4611686018429421724"
    }, {
      "d" : "1756440720149815904",
      "t" : 1756440720149,
      "tn" : 1756440720149815904,
      "q" : "10",
      "p" : "0.18754",
      "s" : "sell",
      "i" : "CFXUSD-PERP",
      "m" : "4611686018429421724"
    }, {
      "d" : "1756440449871928678",
      "t" : 1756440449871,
      "tn" : 1756440449871928678,
      "q" : "10",
      "p" : "0.18700",
      "s" : "buy",
      "i" : "CFXUSD-PERP",
      "m" : "4611686018429421723"
    }, {
      "d" : "1756440328598367766",
      "t" : 1756440328598,
      "tn" : 1756440328598367766,
      "q" : "260",
      "p" : "0.18836",
      "s" : "sell",
      "i" : "CFXUSD-PERP",
      "m" : "4611686018429421722"
    }, {
      "d" : "1756440328597223073",
      "t" : 1756440328597,
      "tn" : 1756440328597223073,
      "q" : "260",
      "p" : "0.18840",
      "s" : "sell",
      "i" : "CFXUSD-PERP",
      "m" : "4611686018429421721"
    }, {
      "d" : "1756440328573231163",
      "t" : 1756440328573,
      "tn" : 1756440328573231163,
      "q" : "260",
      "p" : "0.18856",
      "s" : "buy",
      "i" : "CFXUSD-PERP",
      "m" : "4611686018429421720"
    }, {
      "d" : "1756440328567561006",
      "t" : 1756440328567,
      "tn" : 1756440328567561006,
      "q" : "1050",
      "p" : "0.18880",
      "s" : "sell",
      "i" : "CFXUSD-PERP",
      "m" : "4611686018429421719"
    }, {
      "d" : "1756440328565686724",
      "t" : 1756440328565,
      "tn" : 1756440328565686724,
      "q" : "10",
      "p" : "0.18904",
      "s" : "sell",
      "i" : "CFXUSD-PERP",
      "m" : "4611686018429421718"
    }, {
      "d" : "1756440328565684597",
      "t" : 1756440328565,
      "tn" : 1756440328565684597,
      "q" : "10",
      "p" : "0.18912",
      "s" : "sell",
      "i" : "CFXUSD-PERP",
      "m" : "4611686018429421717"
    }, {
      "d" : "1756437827304557202",
      "t" : 1756437827304,
      "tn" : 1756437827304557202,
      "q" : "260",
      "p" : "0.18876",
      "s" : "sell",
      "i" : "CFXUSD-PERP",
      "m" : "4611686018429421716"
    }, {
      "d" : "1756437827304490275",
      "t" : 1756437827304,
      "tn" : 1756437827304490275,
      "q" : "260",
      "p" : "0.18880",
      "s" : "sell",
      "i" : "CFXUSD-PERP",
      "m" : "4611686018429421715"
    }, {
      "d" : "1756437827304487184",
      "t" : 1756437827304,
      "tn" : 1756437827304487184,
      "q" : "260",
      "p" : "0.18884",
      "s" : "sell",
      "i" : "CFXUSD-PERP",
      "m" : "4611686018429421714"
    }, {
      "d" : "1756437827304381748",
      "t" : 1756437827304,
      "tn" : 1756437827304381748,
      "q" : "260",
      "p" : "0.18888",
      "s" : "sell",
      "i" : "CFXUSD-PERP",
      "m" : "4611686018429421713"
    }, {
      "d" : "1756437827296168308",
      "t" : 1756437827296,
      "tn" : 1756437827296168308,
      "q" : "10",
      "p" : "0.18956",
      "s" : "sell",
      "i" : "CFXUSD-PERP",
      "m" : "4611686018429421712"
    }, {
      "d" : "1756437827296165531",
      "t" : 1756437827296,
      "tn" : 1756437827296165531,
      "q" : "10",
      "p" : "0.18959",
      "s" : "sell",
      "i" : "CFXUSD-PERP",
      "m" : "4611686018429421711"
    }, {
      "d" : "1756435986207879243",
      "t" : 1756435986207,
      "tn" : 1756435986207879243,
      "q" : "1040",
      "p" : "0.18980",
      "s" : "sell",
      "i" : "CFXUSD-PERP",
      "m" : "4611686018429421710"
    }, {
      "d" : "1756435986207877476",
      "t" : 1756435986207,
      "tn" : 1756435986207877476,
      "q" : "10",
      "p" : "0.18998",
      "s" : "sell",
      "i" : "CFXUSD-PERP",
      "m" : "4611686018429421709"
    }, {
      "d" : "1756435708438976689",
      "t" : 1756435708438,
      "tn" : 1756435708438976689,
      "q" : "10",
      "p" : "0.19032",
      "s" : "buy",
      "i" : "CFXUSD-PERP",
      "m" : "4611686018429421708"
    }, {
      "d" : "1756435708437392847",
      "t" : 1756435708437,
      "tn" : 1756435708437392847,
      "q" : "1040",
      "p" : "0.19040",
      "s" : "buy",
      "i" : "CFXUSD-PERP",
      "m" : "4611686018429421707"
    }, {
      "d" : "1756435708437391057",
      "t" : 1756435708437,
      "tn" : 1756435708437391057,
      "q" : "10",
      "p" : "0.19010",
      "s" : "buy",
      "i" : "CFXUSD-PERP",
      "m" : "4611686018429421706"
    }, {
      "d" : "1756435683465735031",
      "t" : 1756435683465,
      "tn" : 1756435683465735031,
      "q" : "230",
      "p" : "0.18979",
      "s" : "sell",
      "i" : "CFXUSD-PERP",
      "m" : "4611686018429421705"
    }, {
      "d" : "1756435683465733443",
      "t" : 1756435683465,
      "tn" : 1756435683465733442,
      "q" : "590",
      "p" : "0.18988",
      "s" : "sell",
      "i" : "CFXUSD-PERP",
      "m" : "4611686018429421704"
    }, {
      "d" : "1756435683465733442",
      "t" : 1756435683465,
      "tn" : 1756435683465733442,
      "q" : "460",
      "p" : "0.18988",
      "s" : "sell",
      "i" : "CFXUSD-PERP",
      "m" : "4611686018429421704"
    }, {
      "d" : "1756435683464659448",
      "t" : 1756435683464,
      "tn" : 1756435683464659448,
      "q" : "10",
      "p" : "0.18960",
      "s" : "buy",
      "i" : "CFXUSD-PERP",
      "m" : "4611686018429421703"
    }, {
      "d" : "1756435683464657766",
      "t" : 1756435683464,
      "tn" : 1756435683464657766,
      "q" : "10",
      "p" : "0.18954",
      "s" : "buy",
      "i" : "CFXUSD-PERP",
      "m" : "4611686018429421702"
    }, {
      "d" : "1756435357404076613",
      "t" : 1756435357404,
      "tn" : 1756435357404076613,
      "q" : "260",
      "p" : "0.18972",
      "s" : "buy",
      "i" : "CFXUSD-PERP",
      "m" : "4611686018429421701"
    }, {
      "d" : "1756435357404022319",
      "t" : 1756435357404,
      "tn" : 1756435357404022319,
      "q" : "260",
      "p" : "0.18968",
      "s" : "buy",
      "i" : "CFXUSD-PERP",
      "m" : "4611686018429421700"
    }, {
      "d" : "1756435357403598698",
      "t" : 1756435357403,
      "tn" : 1756435357403598698,
      "q" : "260",
      "p" : "0.18964",
      "s" : "buy",
      "i" : "CFXUSD-PERP",
      "m" : "4611686018429421699"
    }, {
      "d" : "1756435357401196440",
      "t" : 1756435357401,
      "tn" : 1756435357401196440,
      "q" : "1050",
      "p" : "0.18944",
      "s" : "buy",
      "i" : "CFXUSD-PERP",
      "m" : "4611686018429421698"
    }, {
      "d" : "1756435357400159918",
      "t" : 1756435357400,
      "tn" : 1756435357400159918,
      "q" : "10",
      "p" : "0.18918",
      "s" : "buy",
      "i" : "CFXUSD-PERP",
      "m" : "4611686018429421697"
    }, {
      "d" : "1756435071520918671",
      "t" : 1756435071520,
      "tn" : 1756435071520918671,
      "q" : "10",
      "p" : "0.18889",
      "s" : "sell",
      "i" : "CFXUSD-PERP",
      "m" : "4611686018429421696"
    }, {
      "d" : "1756434196381309319",
      "t" : 1756434196381,
      "tn" : 1756434196381309319,
      "q" : "10",
      "p" : "0.18909",
      "s" : "buy",
      "i" : "CFXUSD-PERP",
      "m" : "4611686018429421695"
    }, {
      "d" : "1756434166901295026",
      "t" : 1756434166901,
      "tn" : 1756434166901295026,
      "q" : "10",
      "p" : "0.18877",
      "s" : "buy",
      "i" : "CFXUSD-PERP",
      "m" : "4611686018429421694"
    }, {
      "d" : "1756431848892419620",
      "t" : 1756431848892,
      "tn" : 1756431848892419620,
      "q" : "260",
      "p" : "0.18760",
      "s" : "buy",
      "i" : "CFXUSD-PERP",
      "m" : "4611686018429421693"
    }, {
      "d" : "1756431848892051777",
      "t" : 1756431848892,
      "tn" : 1756431848892051777,
      "q" : "260",
      "p" : "0.18756",
      "s" : "buy",
      "i" : "CFXUSD-PERP",
      "m" : "4611686018429421692"
    }, {
      "d" : "1756431848892047928",
      "t" : 1756431848892,
      "tn" : 1756431848892047928,
      "q" : "260",
      "p" : "0.18752",
      "s" : "buy",
      "i" : "CFXUSD-PERP",
      "m" : "4611686018429421691"
    }, {
      "d" : "1756431848891959918",
      "t" : 1756431848891,
      "tn" : 1756431848891959918,
      "q" : "1060",
      "p" : "0.18724",
      "s" : "buy",
      "i" : "CFXUSD-PERP",
      "m" : "4611686018429421690"
    }, {
      "d" : "1756431848888307508",
      "t" : 1756431848888,
      "tn" : 1756431848888307508,
      "q" : "10",
      "p" : "0.18706",
      "s" : "buy",
      "i" : "CFXUSD-PERP",
      "m" : "4611686018429421689"
    }, {
      "d" : "1756431848888305242",
      "t" : 1756431848888,
      "tn" : 1756431848888305242,
      "q" : "10",
      "p" : "0.18693",
      "s" : "buy",
      "i" : "CFXUSD-PERP",
      "m" : "4611686018429421688"
    }, {
      "d" : "1756431826371638680",
      "t" : 1756431826371,
      "tn" : 1756431826371638679,
      "q" : "10",
      "p" : "0.18680",
      "s" : "sell",
      "i" : "CFXUSD-PERP",
      "m" : "4611686018429421687"
    }, {
      "d" : "1756431826371638679",
      "t" : 1756431826371,
      "tn" : 1756431826371638679,
      "q" : "10",
      "p" : "0.18680",
      "s" : "sell",
      "i" : "CFXUSD-PERP",
      "m" : "4611686018429421687"
    }, {
      "d" : "1756431506154456026",
      "t" : 1756431506154,
      "tn" : 1756431506154456026,
      "q" : "10",
      "p" : "0.18706",
      "s" : "sell",
      "i" : "CFXUSD-PERP",
      "m" : "4611686018429421686"
    }, {
      "d" : "1756431506154453143",
      "t" : 1756431506154,
      "tn" : 1756431506154453143,
      "q" : "10",
      "p" : "0.18707",
      "s" : "sell",
      "i" : "CFXUSD-PERP",
      "m" : "4611686018429421685"
    }, {
      "d" : "1756431184495795691",
      "t" : 1756431184495,
      "tn" : 1756431184495795691,
      "q" : "1050",
      "p" : "0.18716",
      "s" : "buy",
      "i" : "CFXUSD-PERP",
      "m" : "4611686018429421684"
    }, {
      "d" : "1756431184492565008",
      "t" : 1756431184492,
      "tn" : 1756431184492565008,
      "q" : "260",
      "p" : "0.18680",
      "s" : "sell",
      "i" : "CFXUSD-PERP",
      "m" : "4611686018429421683"
    }, {
      "d" : "1756431184492456400",
      "t" : 1756431184492,
      "tn" : 1756431184492456400,
      "q" : "10",
      "p" : "0.18734",
      "s" : "sell",
      "i" : "CFXUSD-PERP",
      "m" : "4611686018429421682"
    }, {
      "d" : "1756430469214791477",
      "t" : 1756430469214,
      "tn" : 1756430469214791477,
      "q" : "1050",
      "p" : "0.18840",
      "s" : "buy",
      "i" : "CFXUSD-PERP",
      "m" : "4611686018429421681"
    }, {
      "d" : "1756430469212767955",
      "t" : 1756430469212,
      "tn" : 1756430469212767955,
      "q" : "10",
      "p" : "0.18850",
      "s" : "sell",
      "i" : "CFXUSD-PERP",
      "m" : "4611686018429421680"
    }, {
      "d" : "1756430138704449752",
      "t" : 1756430138704,
      "tn" : 1756430138704449752,
      "q" : "10",
      "p" : "0.18775",
      "s" : "buy",
      "i" : "CFXUSD-PERP",
      "m" : "4611686018429421679"
    }, {
      "d" : "1756430044555167096",
      "t" : 1756430044555,
      "tn" : 1756430044555167096,
      "q" : "10",
      "p" : "0.18748",
      "s" : "sell",
      "i" : "CFXUSD-PERP",
      "m" : "4611686018429421678"
    }, {
      "d" : "1756430044555164797",
      "t" : 1756430044555,
      "tn" : 1756430044555164797,
      "q" : "10",
      "p" : "0.18749",
      "s" : "sell",
      "i" : "CFXUSD-PERP",
      "m" : "4611686018429421677"
    }, {
      "d" : "1756429949885351886",
      "t" : 1756429949885,
      "tn" : 1756429949885351886,
      "q" : "210",
      "p" : "0.18680",
      "s" : "sell",
      "i" : "CFXUSD-PERP",
      "m" : "4611686018429421676"
    }, {
      "d" : "1756429949884416724",
      "t" : 1756429949884,
      "tn" : 1756429949884416724,
      "q" : "50",
      "p" : "0.18680",
      "s" : "sell",
      "i" : "CFXUSD-PERP",
      "m" : "4611686018429421675"
    }, {
      "d" : "1756429949884415155",
      "t" : 1756429949884,
      "tn" : 1756429949884415155,
      "q" : "260",
      "p" : "0.18684",
      "s" : "sell",
      "i" : "CFXUSD-PERP",
      "m" : "4611686018429421674"
    }, {
      "d" : "1756429949884412353",
      "t" : 1756429949884,
      "tn" : 1756429949884412353,
      "q" : "260",
      "p" : "0.18688",
      "s" : "sell",
      "i" : "CFXUSD-PERP",
      "m" : "4611686018429421673"
    }, {
      "d" : "1756429949884410071",
      "t" : 1756429949884,
      "tn" : 1756429949884410071,
      "q" : "260",
      "p" : "0.18696",
      "s" : "sell",
      "i" : "CFXUSD-PERP",
      "m" : "4611686018429421672"
    }, {
      "d" : "1756429949876536624",
      "t" : 1756429949876,
      "tn" : 1756429949876536624,
      "q" : "1040",
      "p" : "0.18740",
      "s" : "sell",
      "i" : "CFXUSD-PERP",
      "m" : "4611686018429421671"
    }, {
      "d" : "1756429949876535036",
      "t" : 1756429949876,
      "tn" : 1756429949876535036,
      "q" : "10",
      "p" : "0.18764",
      "s" : "sell",
      "i" : "CFXUSD-PERP",
      "m" : "4611686018429421670"
    }, {
      "d" : "1756429949876532743",
      "t" : 1756429949876,
      "tn" : 1756429949876532743,
      "q" : "10",
      "p" : "0.18769",
      "s" : "sell",
      "i" : "CFXUSD-PERP",
      "m" : "4611686018429421669"
    }, {
      "d" : "1756429946846256473",
      "t" : 1756429946846,
      "tn" : 1756429946846256473,
      "q" : "1060",
      "p" : "0.18792",
      "s" : "buy",
      "i" : "CFXUSD-PERP",
      "m" : "4611686018429421668"
    }, {
      "d" : "1756429946845699533",
      "t" : 1756429946845,
      "tn" : 1756429946845699533,
      "q" : "10",
      "p" : "0.18764",
      "s" : "buy",
      "i" : "CFXUSD-PERP",
      "m" : "4611686018429421667"
    }, {
      "d" : "1756429946845697279",
      "t" : 1756429946845,
      "tn" : 1756429946845697279,
      "q" : "10",
      "p" : "0.18759",
      "s" : "buy",
      "i" : "CFXUSD-PERP",
      "m" : "4611686018429421666"
    }, {
      "d" : "1756429688626499326",
      "t" : 1756429688626,
      "tn" : 1756429688626499326,
      "q" : "10",
      "p" : "0.18872",
      "s" : "sell",
      "i" : "CFXUSD-PERP",
      "m" : "4611686018429421665"
    }, {
      "d" : "1756429461344886855",
      "t" : 1756429461344,
      "tn" : 1756429461344886855,
      "q" : "10",
      "p" : "0.18890",
      "s" : "sell",
      "i" : "CFXUSD-PERP",
      "m" : "4611686018429421664"
    }, {
      "d" : "1756429461344884820",
      "t" : 1756429461344,
      "tn" : 1756429461344884820,
      "q" : "10",
      "p" : "0.18894",
      "s" : "sell",
      "i" : "CFXUSD-PERP",
      "m" : "4611686018429421663"
    }, {
      "d" : "1756429295375938350",
      "t" : 1756429295375,
      "tn" : 1756429295375938350,
      "q" : "10",
      "p" : "0.18952",
      "s" : "buy",
      "i" : "CFXUSD-PERP",
      "m" : "4611686018429421662"
    }, {
      "d" : "1756429295375936105",
      "t" : 1756429295375,
      "tn" : 1756429295375936105,
      "q" : "10",
      "p" : "0.18935",
      "s" : "buy",
      "i" : "CFXUSD-PERP",
      "m" : "4611686018429421661"
    }, {
      "d" : "1756428840760444774",
      "t" : 1756428840760,
      "tn" : 1756428840760444774,
      "q" : "10",
      "p" : "0.18960",
      "s" : "sell",
      "i" : "CFXUSD-PERP",
      "m" : "4611686018429421660"
    }, {
      "d" : "1756428840756209901",
      "t" : 1756428840756,
      "tn" : 1756428840756209901,
      "q" : "1050",
      "p" : "0.18952",
      "s" : "sell",
      "i" : "CFXUSD-PERP",
      "m" : "4611686018429421659"
    }, {
      "d" : "1756428799917741538",
      "t" : 1756428799917,
      "tn" : 1756428799917741538,
      "q" : "1040",
      "p" : "0.18980",
      "s" : "sell",
      "i" : "CFXUSD-PERP",
      "m" : "4611686018429421658"
    }, {
      "d" : "1756428799917739655",
      "t" : 1756428799917,
      "tn" : 1756428799917739655,
      "q" : "10",
      "p" : "0.18994",
      "s" : "sell",
      "i" : "CFXUSD-PERP",
      "m" : "4611686018429421657"
    }, {
      "d" : "1756428799917182649",
      "t" : 1756428799917,
      "tn" : 1756428799917182649,
      "q" : "10",
      "p" : "0.19013",
      "s" : "sell",
      "i" : "CFXUSD-PERP",
      "m" : "4611686018429421656"
    }, {
      "d" : "1756428798381540127",
      "t" : 1756428798381,
      "tn" : 1756428798381540127,
      "q" : "610",
      "p" : "0.19000",
      "s" : "sell",
      "i" : "CFXUSD-PERP",
      "m" : "4611686018429421655"
    }, {
      "d" : "1756428798381537604",
      "t" : 1756428798381,
      "tn" : 1756428798381537604,
      "q" : "10",
      "p" : "0.19012",
      "s" : "sell",
      "i" : "CFXUSD-PERP",
      "m" : "4611686018429421654"
    }, {
      "d" : "1756428798378163871",
      "t" : 1756428798378,
      "tn" : 1756428798378163871,
      "q" : "10",
      "p" : "0.19034",
      "s" : "sell",
      "i" : "CFXUSD-PERP",
      "m" : "4611686018429421653"
    }, {
      "d" : "1756428212053916083",
      "t" : 1756428212053,
      "tn" : 1756428212053916083,
      "q" : "10",
      "p" : "0.19245",
      "s" : "sell",
      "i" : "CFXUSD-PERP",
      "m" : "4611686018429421652"
    }, {
      "d" : "1756428212041913240",
      "t" : 1756428212041,
      "tn" : 1756428212041913240,
      "q" : "1020",
      "p" : "0.19240",
      "s" : "sell",
      "i" : "CFXUSD-PERP",
      "m" : "4611686018429421651"
    }, {
      "d" : "1756428212041910797",
      "t" : 1756428212041,
      "tn" : 1756428212041910797,
      "q" : "10",
      "p" : "0.19266",
      "s" : "sell",
      "i" : "CFXUSD-PERP",
      "m" : "4611686018429421650"
    }, {
      "d" : "1756427910102507235",
      "t" : 1756427910102,
      "tn" : 1756427910102507235,
      "q" : "250",
      "p" : "0.19300",
      "s" : "buy",
      "i" : "CFXUSD-PERP",
      "m" : "4611686018429421649"
    } ]
  }
}