{
  "id" : -1,
  "method" : "public/get-trades",
  "code" : 0,
  "result" : {
    "data" : [ {
      "d" : "1756458373995315889",
      "t" : 1756458373995,
      "tn" : 1756458373995315889,
      "q" : "175",
      "p" : "0.07088",
      "s" : "sell",
      "i" : "CHESS_USD",
      "m" : "4611686018429935771"
    }, {
      "d" : "1756451553215611663",
      "t" : 1756451553215,
      "tn" : 1756451553215611663,
      "q" : "3810",
      "p" : "0.07251",
      "s" : "sell",
      "i" : "CHESS_USD",
      "m" : "4611686018429935770"
    }, {
      "d" : "1756451489709047192",
      "t" : 1756451489709,
      "tn" : 1756451489709047192,
      "q" : "2796",
      "p" : "0.07265",
      "s" : "sell",
      "i" : "CHESS_USD",
      "m" : "4611686018429935769"
    }, {
      "d" : "1756451489699823246",
      "t" : 1756451489699,
      "tn" : 1756451489699823246,
      "q" : "3216",
      "p" : "0.07268",
      "s" : "sell",
      "i" : "CHESS_USD",
      "m" : "4611686018429935768"
    }, {
      "d" : "1756451489699820784",
      "t" : 1756451489699,
      "tn" : 1756451489699820784,
      "q" : "135",
      "p" : "0.07269",
      "s" : "sell",
      "i" : "CHESS_USD",
      "m" : "4611686018429935767"
    }, {
      "d" : "1756450956526197944",
      "t" : 1756450956526,
      "tn" : 1756450956526197944,
      "q" : "118",
      "p" : "0.07303",
      "s" : "sell",
      "i" : "CHESS_USD",
      "m" : "4611686018429935766"
    }, {
      "d" : "1756392368430027611",
      "t" : 1756392368430,
      "tn" : 1756392368430027611,
      "q" : "952",
      "p" : "0.07546",
      "s" : "sell",
      "i" : "CHESS_USD",
      "m" : "4611686018429935765"
    }, {
      "d" : "1756382203678639520",
      "t" : 1756382203678,
      "tn" : 1756382203678639520,
      "q" : "1521",
      "p" : "0.07480",
      "s" : "buy",
      "i" : "CHESS_USD",
      "m" : "4611686018429935764"
    }, {
      "d" : "1756382203677918092",
      "t" : 1756382203677,
      "tn" : 1756382203677918092,
      "q" : "802",
      "p" : "0.07480",
      "s" : "buy",
      "i" : "CHESS_USD",
      "m" : "4611686018429935763"
    }, {
      "d" : "1756382203473006676",
      "t" : 1756382203473,
      "tn" : 1756382203473006676,
      "q" : "6653",
      "p" : "0.07485",
      "s" : "buy",
      "i" : "CHESS_USD",
      "m" : "4611686018429935762"
    }, {
      "d" : "1756382203467707314",
      "t" : 1756382203467,
      "tn" : 1756382203467707314,
      "q" : "9347",
      "p" : "0.07485",
      "s" : "sell",
      "i" : "CHESS_USD",
      "m" : "4611686018429935761"
    }, {
      "d" : "1756381173187037410",
      "t" : 1756381173187,
      "tn" : 1756381173187037410,
      "q" : "7",
      "p" : "0.07484",
      "s" : "buy",
      "i" : "CHESS_USD",
      "m" : "4611686018429935760"
    }, {
      "d" : "1756381173186356818",
      "t" : 1756381173186,
      "tn" : 1756381173186356818,
      "q" : "534",
      "p" : "0.07484",
      "s" : "buy",
      "i" : "CHESS_USD",
      "m" : "4611686018429935759"
    } ]
  }
}