{
  "id" : -1,
  "method" : "public/get-trades",
  "code" : 0,
  "result" : {
    "data" : [ {
      "d" : "1756452424289455553",
      "t" : 1756452424289,
      "tn" : 1756452424289455553,
      "q" : "372",
      "p" : "0.04277",
      "s" : "sell",
      "i" : "CHILLGUY_USD",
      "m" : "4611686018427527823"
    }, {
      "d" : "1756452424289453203",
      "t" : 1756452424289,
      "tn" : 1756452424289453203,
      "q" : "28",
      "p" : "0.04290",
      "s" : "sell",
      "i" : "CHILLGUY_USD",
      "m" : "4611686018427527822"
    }, {
      "d" : "1756450976032965017",
      "t" : 1756450976032,
      "tn" : 1756450976032965017,
      "q" : "28",
      "p" : "0.04395",
      "s" : "sell",
      "i" : "CHILLGUY_USD",
      "m" : "4611686018427527821"
    }, {
      "d" : "1756450181065700314",
      "t" : 1756450181065,
      "tn" : 1756450181065700314,
      "q" : "569",
      "p" : "0.04452",
      "s" : "sell",
      "i" : "CHILLGUY_USD",
      "m" : "4611686018427527820"
    }, {
      "d" : "1756450181065698191",
      "t" : 1756450181065,
      "tn" : 1756450181065698191,
      "q" : "28",
      "p" : "0.04476",
      "s" : "sell",
      "i" : "CHILLGUY_USD",
      "m" : "4611686018427527819"
    }, {
      "d" : "1756449610135352343",
      "t" : 1756449610135,
      "tn" : 1756449610135352343,
      "q" : "740",
      "p" : "0.04363",
      "s" : "sell",
      "i" : "CHILLGUY_USD",
      "m" : "4611686018427527818"
    }, {
      "d" : "1756449610134445012",
      "t" : 1756449610134,
      "tn" : 1756449610134445012,
      "q" : "19",
      "p" : "0.04388",
      "s" : "sell",
      "i" : "CHILLGUY_USD",
      "m" : "4611686018427527817"
    }, {
      "d" : "1756449610134162780",
      "t" : 1756449610134,
      "tn" : 1756449610134162780,
      "q" : "1111",
      "p" : "0.04388",
      "s" : "sell",
      "i" : "CHILLGUY_USD",
      "m" : "4611686018427527816"
    }, {
      "d" : "1756449610133490334",
      "t" : 1756449610133,
      "tn" : 1756449610133490334,
      "q" : "1130",
      "p" : "0.04413",
      "s" : "sell",
      "i" : "CHILLGUY_USD",
      "m" : "4611686018427527815"
    }, {
      "d" : "1756446471826717064",
      "t" : 1756446471826,
      "tn" : 1756446471826717064,
      "q" : "1102",
      "p" : "0.04522",
      "s" : "sell",
      "i" : "CHILLGUY_USD",
      "m" : "4611686018427527814"
    }, {
      "d" : "1756446471826715138",
      "t" : 1756446471826,
      "tn" : 1756446471826715138,
      "q" : "28",
      "p" : "0.04528",
      "s" : "sell",
      "i" : "CHILLGUY_USD",
      "m" : "4611686018427527813"
    }, {
      "d" : "1756440989424187282",
      "t" : 1756440989424,
      "tn" : 1756440989424187282,
      "q" : "1102",
      "p" : "0.04465",
      "s" : "sell",
      "i" : "CHILLGUY_USD",
      "m" : "4611686018427527812"
    }, {
      "d" : "1756440989424185427",
      "t" : 1756440989424,
      "tn" : 1756440989424185427,
      "q" : "28",
      "p" : "0.04483",
      "s" : "sell",
      "i" : "CHILLGUY_USD",
      "m" : "4611686018427527811"
    }, {
      "d" : "1756440989417312715",
      "t" : 1756440989417,
      "tn" : 1756440989417312715,
      "q" : "1130",
      "p" : "0.04484",
      "s" : "buy",
      "i" : "CHILLGUY_USD",
      "m" : "4611686018427527810"
    }, {
      "d" : "1756440982135182465",
      "t" : 1756440982135,
      "tn" : 1756440982135182465,
      "q" : "1130",
      "p" : "0.04453",
      "s" : "sell",
      "i" : "CHILLGUY_USD",
      "m" : "4611686018427527809"
    }, {
      "d" : "1756440982135179668",
      "t" : 1756440982135,
      "tn" : 1756440982135179668,
      "q" : "28",
      "p" : "0.04486",
      "s" : "sell",
      "i" : "CHILLGUY_USD",
      "m" : "4611686018427527808"
    }, {
      "d" : "1756400370605686163",
      "t" : 1756400370605,
      "tn" : 1756400370605686163,
      "q" : "28",
      "p" : "0.04405",
      "s" : "sell",
      "i" : "CHILLGUY_USD",
      "m" : "4611686018427527807"
    }, {
      "d" : "1756399879024665490",
      "t" : 1756399879024,
      "tn" : 1756399879024665490,
      "q" : "28",
      "p" : "0.04501",
      "s" : "sell",
      "i" : "CHILLGUY_USD",
      "m" : "4611686018427527806"
    }, {
      "d" : "1756396867648705498",
      "t" : 1756396867648,
      "tn" : 1756396867648705498,
      "q" : "1130",
      "p" : "0.04586",
      "s" : "sell",
      "i" : "CHILLGUY_USD",
      "m" : "4611686018427527805"
    }, {
      "d" : "1756394479870659984",
      "t" : 1756394479870,
      "tn" : 1756394479870659984,
      "q" : "1102",
      "p" : "0.04583",
      "s" : "buy",
      "i" : "CHILLGUY_USD",
      "m" : "4611686018427527804"
    }, {
      "d" : "1756394479115471017",
      "t" : 1756394479115,
      "tn" : 1756394479115471017,
      "q" : "28",
      "p" : "0.04588",
      "s" : "sell",
      "i" : "CHILLGUY_USD",
      "m" : "4611686018427527803"
    }, {
      "d" : "1756394464614940964",
      "t" : 1756394464614,
      "tn" : 1756394464614940964,
      "q" : "1130",
      "p" : "0.04560",
      "s" : "sell",
      "i" : "CHILLGUY_USD",
      "m" : "4611686018427527802"
    }, {
      "d" : "1756394450937098384",
      "t" : 1756394450937,
      "tn" : 1756394450937098384,
      "q" : "1130",
      "p" : "0.04540",
      "s" : "sell",
      "i" : "CHILLGUY_USD",
      "m" : "4611686018427527801"
    }, {
      "d" : "1756394446388580447",
      "t" : 1756394446388,
      "tn" : 1756394446388580447,
      "q" : "28",
      "p" : "0.04546",
      "s" : "buy",
      "i" : "CHILLGUY_USD",
      "m" : "4611686018427527800"
    }, {
      "d" : "1756393014904016617",
      "t" : 1756393014904,
      "tn" : 1756393014904016617,
      "q" : "1102",
      "p" : "0.04522",
      "s" : "sell",
      "i" : "CHILLGUY_USD",
      "m" : "4611686018427527799"
    }, {
      "d" : "1756393014904014946",
      "t" : 1756393014904,
      "tn" : 1756393014904014946,
      "q" : "28",
      "p" : "0.04532",
      "s" : "sell",
      "i" : "CHILLGUY_USD",
      "m" : "4611686018427527798"
    }, {
      "d" : "1756392789231982035",
      "t" : 1756392789231,
      "tn" : 1756392789231982035,
      "q" : "1163",
      "p" : "0.04486",
      "s" : "buy",
      "i" : "CHILLGUY_USD",
      "m" : "4611686018427527797"
    }, {
      "d" : "1756392789210287635",
      "t" : 1756392789210,
      "tn" : 1756392789210287635,
      "q" : "1130",
      "p" : "0.04486",
      "s" : "sell",
      "i" : "CHILLGUY_USD",
      "m" : "4611686018427527796"
    }, {
      "d" : "1756392789210284911",
      "t" : 1756392789210,
      "tn" : 1756392789210284911,
      "q" : "28",
      "p" : "0.04506",
      "s" : "sell",
      "i" : "CHILLGUY_USD",
      "m" : "4611686018427527795"
    }, {
      "d" : "1756390380989462069",
      "t" : 1756390380989,
      "tn" : 1756390380989462069,
      "q" : "1130",
      "p" : "0.04496",
      "s" : "sell",
      "i" : "CHILLGUY_USD",
      "m" : "4611686018427527794"
    }, {
      "d" : "1756390379094532500",
      "t" : 1756390379094,
      "tn" : 1756390379094532500,
      "q" : "1102",
      "p" : "0.04498",
      "s" : "sell",
      "i" : "CHILLGUY_USD",
      "m" : "4611686018427527793"
    }, {
      "d" : "1756390379094530113",
      "t" : 1756390379094,
      "tn" : 1756390379094530113,
      "q" : "28",
      "p" : "0.04504",
      "s" : "sell",
      "i" : "CHILLGUY_USD",
      "m" : "4611686018427527792"
    }, {
      "d" : "1756390371583350556",
      "t" : 1756390371583,
      "tn" : 1756390371583350556,
      "q" : "1130",
      "p" : "0.04498",
      "s" : "sell",
      "i" : "CHILLGUY_USD",
      "m" : "4611686018427527791"
    }, {
      "d" : "1756389088391178723",
      "t" : 1756389088391,
      "tn" : 1756389088391178723,
      "q" : "1102",
      "p" : "0.04456",
      "s" : "sell",
      "i" : "CHILLGUY_USD",
      "m" : "4611686018427527790"
    }, {
      "d" : "1756389088391175811",
      "t" : 1756389088391,
      "tn" : 1756389088391175811,
      "q" : "28",
      "p" : "0.04459",
      "s" : "sell",
      "i" : "CHILLGUY_USD",
      "m" : "4611686018427527789"
    }, {
      "d" : "1756388725033658898",
      "t" : 1756388725033,
      "tn" : 1756388725033658898,
      "q" : "1130",
      "p" : "0.04466",
      "s" : "sell",
      "i" : "CHILLGUY_USD",
      "m" : "4611686018427527788"
    }, {
      "d" : "1756388524560013002",
      "t" : 1756388524560,
      "tn" : 1756388524560013002,
      "q" : "1130",
      "p" : "0.04447",
      "s" : "buy",
      "i" : "CHILLGUY_USD",
      "m" : "4611686018427527787"
    }, {
      "d" : "1756388523506274987",
      "t" : 1756388523506,
      "tn" : 1756388523506274987,
      "q" : "1130",
      "p" : "0.04442",
      "s" : "sell",
      "i" : "CHILLGUY_USD",
      "m" : "4611686018427527786"
    }, {
      "d" : "1756388523105781223",
      "t" : 1756388523105,
      "tn" : 1756388523105781223,
      "q" : "1130",
      "p" : "0.04444",
      "s" : "sell",
      "i" : "CHILLGUY_USD",
      "m" : "4611686018427527785"
    }, {
      "d" : "1756388338894430032",
      "t" : 1756388338894,
      "tn" : 1756388338894430032,
      "q" : "1130",
      "p" : "0.04455",
      "s" : "sell",
      "i" : "CHILLGUY_USD",
      "m" : "4611686018427527784"
    }, {
      "d" : "1756388333795848892",
      "t" : 1756388333795,
      "tn" : 1756388333795848892,
      "q" : "1130",
      "p" : "0.04455",
      "s" : "sell",
      "i" : "CHILLGUY_USD",
      "m" : "4611686018427527783"
    }, {
      "d" : "1756388298636027147",
      "t" : 1756388298636,
      "tn" : 1756388298636027147,
      "q" : "11213",
      "p" : "0.04441",
      "s" : "buy",
      "i" : "CHILLGUY_USD",
      "m" : "4611686018427527782"
    }, {
      "d" : "1756388298632786171",
      "t" : 1756388298632,
      "tn" : 1756388298632786171,
      "q" : "700",
      "p" : "0.04441",
      "s" : "buy",
      "i" : "CHILLGUY_USD",
      "m" : "4611686018427527781"
    }, {
      "d" : "1756388298625631295",
      "t" : 1756388298625,
      "tn" : 1756388298625631295,
      "q" : "2315",
      "p" : "0.04441",
      "s" : "buy",
      "i" : "CHILLGUY_USD",
      "m" : "4611686018427527780"
    }, {
      "d" : "1756388298621992754",
      "t" : 1756388298621,
      "tn" : 1756388298621992754,
      "q" : "2000",
      "p" : "0.04441",
      "s" : "buy",
      "i" : "CHILLGUY_USD",
      "m" : "4611686018427527779"
    }, {
      "d" : "1756388298620822846",
      "t" : 1756388298620,
      "tn" : 1756388298620822846,
      "q" : "6731",
      "p" : "0.04441",
      "s" : "buy",
      "i" : "CHILLGUY_USD",
      "m" : "4611686018427527778"
    }, {
      "d" : "1756388298620754805",
      "t" : 1756388298620,
      "tn" : 1756388298620754805,
      "q" : "3859",
      "p" : "0.04441",
      "s" : "buy",
      "i" : "CHILLGUY_USD",
      "m" : "4611686018427527777"
    }, {
      "d" : "1756388298603313876",
      "t" : 1756388298603,
      "tn" : 1756388298603313876,
      "q" : "26000",
      "p" : "0.04441",
      "s" : "buy",
      "i" : "CHILLGUY_USD",
      "m" : "4611686018427527776"
    }, {
      "d" : "1756388298603239620",
      "t" : 1756388298603,
      "tn" : 1756388298603239620,
      "q" : "4400",
      "p" : "0.04441",
      "s" : "buy",
      "i" : "CHILLGUY_USD",
      "m" : "4611686018427527775"
    }, {
      "d" : "1756388298603222843",
      "t" : 1756388298603,
      "tn" : 1756388298603222843,
      "q" : "4400",
      "p" : "0.04441",
      "s" : "buy",
      "i" : "CHILLGUY_USD",
      "m" : "4611686018427527774"
    }, {
      "d" : "1756388298602945975",
      "t" : 1756388298602,
      "tn" : 1756388298602945975,
      "q" : "10000",
      "p" : "0.04441",
      "s" : "buy",
      "i" : "CHILLGUY_USD",
      "m" : "4611686018427527773"
    }, {
      "d" : "1756388298602405945",
      "t" : 1756388298602,
      "tn" : 1756388298602405945,
      "q" : "6731",
      "p" : "0.04441",
      "s" : "buy",
      "i" : "CHILLGUY_USD",
      "m" : "4611686018427527772"
    }, {
      "d" : "1756388298586987252",
      "t" : 1756388298586,
      "tn" : 1756388298586987252,
      "q" : "1130",
      "p" : "0.04443",
      "s" : "sell",
      "i" : "CHILLGUY_USD",
      "m" : "4611686018427527771"
    } ]
  }
}