{
  "id" : -1,
  "method" : "public/get-trades",
  "code" : 0,
  "result" : {
    "data" : [ {
      "d" : "1756451706407258169",
      "t" : 1756451706407,
      "tn" : 1756451706407258168,
      "q" : "10",
      "p" : "0.04328",
      "s" : "buy",
      "i" : "CHILLGUYUSD-PERP",
      "m" : "4611686018427499933"
    }, {
      "d" : "1756451706407258168",
      "t" : 1756451706407,
      "tn" : 1756451706407258168,
      "q" : "10",
      "p" : "0.04328",
      "s" : "buy",
      "i" : "CHILLGUYUSD-PERP",
      "m" : "4611686018427499933"
    }, {
      "d" : "1756451695617276238",
      "t" : 1756451695617,
      "tn" : 1756451695617276238,
      "q" : "10",
      "p" : "0.04332",
      "s" : "sell",
      "i" : "CHILLGUYUSD-PERP",
      "m" : "4611686018427499932"
    }, {
      "d" : "1756449610132597106",
      "t" : 1756449610132,
      "tn" : 1756449610132597106,
      "q" : "760",
      "p" : "0.04367",
      "s" : "sell",
      "i" : "CHILLGUYUSD-PERP",
      "m" : "4611686018427499931"
    }, {
      "d" : "1756449610132594962",
      "t" : 1756449610132,
      "tn" : 1756449610132594962,
      "q" : "2270",
      "p" : "0.04392",
      "s" : "sell",
      "i" : "CHILLGUYUSD-PERP",
      "m" : "4611686018427499930"
    }, {
      "d" : "1756440702429784101",
      "t" : 1756440702429,
      "tn" : 1756440702429784101,
      "q" : "3870",
      "p" : "0.04506",
      "s" : "sell",
      "i" : "CHILLGUYUSD-PERP",
      "m" : "4611686018427499929"
    }, {
      "d" : "1756439706685774101",
      "t" : 1756439706685,
      "tn" : 1756439706685774101,
      "q" : "10",
      "p" : "0.04541",
      "s" : "buy",
      "i" : "CHILLGUYUSD-PERP",
      "m" : "4611686018427499928"
    }, {
      "d" : "1756436918768999560",
      "t" : 1756436918768,
      "tn" : 1756436918768999559,
      "q" : "10",
      "p" : "0.04502",
      "s" : "buy",
      "i" : "CHILLGUYUSD-PERP",
      "m" : "4611686018427499927"
    }, {
      "d" : "1756436918768999559",
      "t" : 1756436918768,
      "tn" : 1756436918768999559,
      "q" : "10",
      "p" : "0.04502",
      "s" : "buy",
      "i" : "CHILLGUYUSD-PERP",
      "m" : "4611686018427499927"
    }, {
      "d" : "1756436895706728633",
      "t" : 1756436895706,
      "tn" : 1756436895706728633,
      "q" : "10",
      "p" : "0.04505",
      "s" : "buy",
      "i" : "CHILLGUYUSD-PERP",
      "m" : "4611686018427499926"
    }, {
      "d" : "1756436895706726144",
      "t" : 1756436895706,
      "tn" : 1756436895706726144,
      "q" : "10",
      "p" : "0.04504",
      "s" : "buy",
      "i" : "CHILLGUYUSD-PERP",
      "m" : "4611686018427499925"
    }, {
      "d" : "1756434870494980381",
      "t" : 1756434870494,
      "tn" : 1756434870494980381,
      "q" : "10",
      "p" : "0.04516",
      "s" : "sell",
      "i" : "CHILLGUYUSD-PERP",
      "m" : "4611686018427499924"
    }, {
      "d" : "1756432212058594397",
      "t" : 1756432212058,
      "tn" : 1756432212058594396,
      "q" : "10",
      "p" : "0.04483",
      "s" : "buy",
      "i" : "CHILLGUYUSD-PERP",
      "m" : "4611686018427499923"
    }, {
      "d" : "1756432212058594396",
      "t" : 1756432212058,
      "tn" : 1756432212058594396,
      "q" : "10",
      "p" : "0.04483",
      "s" : "buy",
      "i" : "CHILLGUYUSD-PERP",
      "m" : "4611686018427499923"
    }, {
      "d" : "1756431958256832797",
      "t" : 1756431958256,
      "tn" : 1756431958256832797,
      "q" : "10770",
      "p" : "0.04479",
      "s" : "sell",
      "i" : "CHILLGUYUSD-PERP",
      "m" : "4611686018427499922"
    }, {
      "d" : "1756431110076656461",
      "t" : 1756431110076,
      "tn" : 1756431110076656461,
      "q" : "10280",
      "p" : "0.04477",
      "s" : "buy",
      "i" : "CHILLGUYUSD-PERP",
      "m" : "4611686018427499921"
    }, {
      "d" : "1756431110075602176",
      "t" : 1756431110075,
      "tn" : 1756431110075602176,
      "q" : "930",
      "p" : "0.04477",
      "s" : "buy",
      "i" : "CHILLGUYUSD-PERP",
      "m" : "4611686018427499920"
    }, {
      "d" : "1756431104847588740",
      "t" : 1756431104847,
      "tn" : 1756431104847588739,
      "q" : "10",
      "p" : "0.04468",
      "s" : "buy",
      "i" : "CHILLGUYUSD-PERP",
      "m" : "4611686018427499919"
    }, {
      "d" : "1756431104847588739",
      "t" : 1756431104847,
      "tn" : 1756431104847588739,
      "q" : "10",
      "p" : "0.04468",
      "s" : "buy",
      "i" : "CHILLGUYUSD-PERP",
      "m" : "4611686018427499919"
    }, {
      "d" : "1756421473048667614",
      "t" : 1756421473048,
      "tn" : 1756421473048667614,
      "q" : "10",
      "p" : "0.04569",
      "s" : "sell",
      "i" : "CHILLGUYUSD-PERP",
      "m" : "4611686018427499918"
    }, {
      "d" : "1756421122309322545",
      "t" : 1756421122309,
      "tn" : 1756421122309322545,
      "q" : "210",
      "p" : "0.04605",
      "s" : "buy",
      "i" : "CHILLGUYUSD-PERP",
      "m" : "4611686018427499917"
    }, {
      "d" : "1756421122309320302",
      "t" : 1756421122309,
      "tn" : 1756421122309320302,
      "q" : "2120",
      "p" : "0.04604",
      "s" : "buy",
      "i" : "CHILLGUYUSD-PERP",
      "m" : "4611686018427499916"
    }, {
      "d" : "1756421122309317521",
      "t" : 1756421122309,
      "tn" : 1756421122309317521,
      "q" : "680",
      "p" : "0.04600",
      "s" : "buy",
      "i" : "CHILLGUYUSD-PERP",
      "m" : "4611686018427499915"
    }, {
      "d" : "1756421122309314894",
      "t" : 1756421122309,
      "tn" : 1756421122309314893,
      "q" : "10",
      "p" : "0.04594",
      "s" : "buy",
      "i" : "CHILLGUYUSD-PERP",
      "m" : "4611686018427499914"
    }, {
      "d" : "1756421122309314893",
      "t" : 1756421122309,
      "tn" : 1756421122309314893,
      "q" : "10",
      "p" : "0.04594",
      "s" : "buy",
      "i" : "CHILLGUYUSD-PERP",
      "m" : "4611686018427499914"
    }, {
      "d" : "1756420711137659876",
      "t" : 1756420711137,
      "tn" : 1756420711137659875,
      "q" : "10",
      "p" : "0.04612",
      "s" : "buy",
      "i" : "CHILLGUYUSD-PERP",
      "m" : "4611686018427499913"
    }, {
      "d" : "1756420711137659875",
      "t" : 1756420711137,
      "tn" : 1756420711137659875,
      "q" : "10",
      "p" : "0.04612",
      "s" : "buy",
      "i" : "CHILLGUYUSD-PERP",
      "m" : "4611686018427499913"
    }, {
      "d" : "1756420422928728899",
      "t" : 1756420422928,
      "tn" : 1756420422928728898,
      "q" : "10",
      "p" : "0.04608",
      "s" : "buy",
      "i" : "CHILLGUYUSD-PERP",
      "m" : "4611686018427499912"
    }, {
      "d" : "1756420422928728898",
      "t" : 1756420422928,
      "tn" : 1756420422928728898,
      "q" : "10",
      "p" : "0.04608",
      "s" : "buy",
      "i" : "CHILLGUYUSD-PERP",
      "m" : "4611686018427499912"
    }, {
      "d" : "1756420242153571387",
      "t" : 1756420242153,
      "tn" : 1756420242153571387,
      "q" : "10",
      "p" : "0.04598",
      "s" : "sell",
      "i" : "CHILLGUYUSD-PERP",
      "m" : "4611686018427499911"
    }, {
      "d" : "1756419921314030203",
      "t" : 1756419921314,
      "tn" : 1756419921314030202,
      "q" : "10",
      "p" : "0.04618",
      "s" : "buy",
      "i" : "CHILLGUYUSD-PERP",
      "m" : "4611686018427499910"
    }, {
      "d" : "1756419921314030202",
      "t" : 1756419921314,
      "tn" : 1756419921314030202,
      "q" : "10",
      "p" : "0.04618",
      "s" : "buy",
      "i" : "CHILLGUYUSD-PERP",
      "m" : "4611686018427499910"
    }, {
      "d" : "1756419920581936479",
      "t" : 1756419920581,
      "tn" : 1756419920581936479,
      "q" : "10",
      "p" : "0.04602",
      "s" : "buy",
      "i" : "CHILLGUYUSD-PERP",
      "m" : "4611686018427499909"
    }, {
      "d" : "1756419920581934619",
      "t" : 1756419920581,
      "tn" : 1756419920581934619,
      "q" : "10",
      "p" : "0.04601",
      "s" : "buy",
      "i" : "CHILLGUYUSD-PERP",
      "m" : "4611686018427499908"
    }, {
      "d" : "1756419919874672758",
      "t" : 1756419919874,
      "tn" : 1756419919874672758,
      "q" : "10",
      "p" : "0.04596",
      "s" : "buy",
      "i" : "CHILLGUYUSD-PERP",
      "m" : "4611686018427499907"
    }, {
      "d" : "1756419919874671118",
      "t" : 1756419919874,
      "tn" : 1756419919874671118,
      "q" : "10",
      "p" : "0.04595",
      "s" : "buy",
      "i" : "CHILLGUYUSD-PERP",
      "m" : "4611686018427499906"
    }, {
      "d" : "1756419919595937452",
      "t" : 1756419919595,
      "tn" : 1756419919595937452,
      "q" : "10",
      "p" : "0.04582",
      "s" : "buy",
      "i" : "CHILLGUYUSD-PERP",
      "m" : "4611686018427499905"
    }, {
      "d" : "1756419919536576475",
      "t" : 1756419919536,
      "tn" : 1756419919536576475,
      "q" : "10",
      "p" : "0.04573",
      "s" : "buy",
      "i" : "CHILLGUYUSD-PERP",
      "m" : "4611686018427499904"
    }, {
      "d" : "1756419913493133522",
      "t" : 1756419913493,
      "tn" : 1756419913493133522,
      "q" : "10",
      "p" : "0.04563",
      "s" : "buy",
      "i" : "CHILLGUYUSD-PERP",
      "m" : "4611686018427499903"
    }, {
      "d" : "1756419913491033827",
      "t" : 1756419913491,
      "tn" : 1756419913491033827,
      "q" : "10",
      "p" : "0.04562",
      "s" : "buy",
      "i" : "CHILLGUYUSD-PERP",
      "m" : "4611686018427499902"
    }, {
      "d" : "1756419908358207185",
      "t" : 1756419908358,
      "tn" : 1756419908358207185,
      "q" : "10",
      "p" : "0.04557",
      "s" : "buy",
      "i" : "CHILLGUYUSD-PERP",
      "m" : "4611686018427499901"
    }, {
      "d" : "1756419901517401459",
      "t" : 1756419901517,
      "tn" : 1756419901517401459,
      "q" : "10",
      "p" : "0.04571",
      "s" : "buy",
      "i" : "CHILLGUYUSD-PERP",
      "m" : "4611686018427499900"
    }, {
      "d" : "1756419845568839580",
      "t" : 1756419845568,
      "tn" : 1756419845568839580,
      "q" : "10",
      "p" : "0.04579",
      "s" : "buy",
      "i" : "CHILLGUYUSD-PERP",
      "m" : "4611686018427499899"
    }, {
      "d" : "1756419844074961645",
      "t" : 1756419844074,
      "tn" : 1756419844074961645,
      "q" : "10",
      "p" : "0.04570",
      "s" : "buy",
      "i" : "CHILLGUYUSD-PERP",
      "m" : "4611686018427499898"
    }, {
      "d" : "1756419843862432501",
      "t" : 1756419843862,
      "tn" : 1756419843862432501,
      "q" : "10",
      "p" : "0.04554",
      "s" : "buy",
      "i" : "CHILLGUYUSD-PERP",
      "m" : "4611686018427499897"
    }, {
      "d" : "1756419843862430844",
      "t" : 1756419843862,
      "tn" : 1756419843862430844,
      "q" : "10",
      "p" : "0.04552",
      "s" : "buy",
      "i" : "CHILLGUYUSD-PERP",
      "m" : "4611686018427499896"
    }, {
      "d" : "1756419839708051751",
      "t" : 1756419839708,
      "tn" : 1756419839708051751,
      "q" : "10",
      "p" : "0.04547",
      "s" : "buy",
      "i" : "CHILLGUYUSD-PERP",
      "m" : "4611686018427499895"
    }, {
      "d" : "1756419839552513876",
      "t" : 1756419839552,
      "tn" : 1756419839552513876,
      "q" : "10",
      "p" : "0.04539",
      "s" : "buy",
      "i" : "CHILLGUYUSD-PERP",
      "m" : "4611686018427499894"
    }, {
      "d" : "1756419837884840806",
      "t" : 1756419837884,
      "tn" : 1756419837884840806,
      "q" : "10",
      "p" : "0.04532",
      "s" : "buy",
      "i" : "CHILLGUYUSD-PERP",
      "m" : "4611686018427499893"
    }, {
      "d" : "1756419837767401304",
      "t" : 1756419837767,
      "tn" : 1756419837767401304,
      "q" : "10",
      "p" : "0.04523",
      "s" : "buy",
      "i" : "CHILLGUYUSD-PERP",
      "m" : "4611686018427499892"
    }, {
      "d" : "1756418569454238121",
      "t" : 1756418569454,
      "tn" : 1756418569454238121,
      "q" : "10",
      "p" : "0.04437",
      "s" : "buy",
      "i" : "CHILLGUYUSD-PERP",
      "m" : "4611686018427499891"
    }, {
      "d" : "1756417134904112283",
      "t" : 1756417134904,
      "tn" : 1756417134904112283,
      "q" : "10",
      "p" : "0.04413",
      "s" : "buy",
      "i" : "CHILLGUYUSD-PERP",
      "m" : "4611686018427499890"
    }, {
      "d" : "1756417133237561938",
      "t" : 1756417133237,
      "tn" : 1756417133237561938,
      "q" : "10",
      "p" : "0.04407",
      "s" : "buy",
      "i" : "CHILLGUYUSD-PERP",
      "m" : "4611686018427499889"
    }, {
      "d" : "1756416867636225393",
      "t" : 1756416867636,
      "tn" : 1756416867636225393,
      "q" : "10",
      "p" : "0.04398",
      "s" : "buy",
      "i" : "CHILLGUYUSD-PERP",
      "m" : "4611686018427499888"
    }, {
      "d" : "1756416867636223686",
      "t" : 1756416867636,
      "tn" : 1756416867636223686,
      "q" : "10",
      "p" : "0.04395",
      "s" : "buy",
      "i" : "CHILLGUYUSD-PERP",
      "m" : "4611686018427499887"
    }, {
      "d" : "1756416859577432337",
      "t" : 1756416859577,
      "tn" : 1756416859577432337,
      "q" : "10",
      "p" : "0.04393",
      "s" : "buy",
      "i" : "CHILLGUYUSD-PERP",
      "m" : "4611686018427499886"
    }, {
      "d" : "1756416859565732797",
      "t" : 1756416859565,
      "tn" : 1756416859565732797,
      "q" : "10",
      "p" : "0.04387",
      "s" : "buy",
      "i" : "CHILLGUYUSD-PERP",
      "m" : "4611686018427499885"
    }, {
      "d" : "1756416178600937354",
      "t" : 1756416178600,
      "tn" : 1756416178600937354,
      "q" : "10",
      "p" : "0.04383",
      "s" : "buy",
      "i" : "CHILLGUYUSD-PERP",
      "m" : "4611686018427499884"
    }, {
      "d" : "1756414115211194255",
      "t" : 1756414115211,
      "tn" : 1756414115211194255,
      "q" : "10",
      "p" : "0.04382",
      "s" : "buy",
      "i" : "CHILLGUYUSD-PERP",
      "m" : "4611686018427499883"
    }, {
      "d" : "1756412656469855601",
      "t" : 1756412656469,
      "tn" : 1756412656469855601,
      "q" : "10",
      "p" : "0.04388",
      "s" : "buy",
      "i" : "CHILLGUYUSD-PERP",
      "m" : "4611686018427499882"
    }, {
      "d" : "1756412288612804665",
      "t" : 1756412288612,
      "tn" : 1756412288612804665,
      "q" : "10",
      "p" : "0.04382",
      "s" : "buy",
      "i" : "CHILLGUYUSD-PERP",
      "m" : "4611686018427499881"
    }, {
      "d" : "1756412287877624277",
      "t" : 1756412287877,
      "tn" : 1756412287877624277,
      "q" : "10",
      "p" : "0.04379",
      "s" : "buy",
      "i" : "CHILLGUYUSD-PERP",
      "m" : "4611686018427499880"
    }, {
      "d" : "1756412286475992655",
      "t" : 1756412286475,
      "tn" : 1756412286475992655,
      "q" : "10",
      "p" : "0.04374",
      "s" : "buy",
      "i" : "CHILLGUYUSD-PERP",
      "m" : "4611686018427499879"
    }, {
      "d" : "1756411712454799085",
      "t" : 1756411712454,
      "tn" : 1756411712454799085,
      "q" : "10",
      "p" : "0.04363",
      "s" : "buy",
      "i" : "CHILLGUYUSD-PERP",
      "m" : "4611686018427499878"
    }, {
      "d" : "1756410616541718415",
      "t" : 1756410616541,
      "tn" : 1756410616541718415,
      "q" : "3800",
      "p" : "0.04387",
      "s" : "sell",
      "i" : "CHILLGUYUSD-PERP",
      "m" : "4611686018427499877"
    }, {
      "d" : "1756410011689884364",
      "t" : 1756410011689,
      "tn" : 1756410011689884364,
      "q" : "10",
      "p" : "0.04411",
      "s" : "buy",
      "i" : "CHILLGUYUSD-PERP",
      "m" : "4611686018427499876"
    }, {
      "d" : "1756409992179119347",
      "t" : 1756409992179,
      "tn" : 1756409992179119347,
      "q" : "10",
      "p" : "0.04411",
      "s" : "buy",
      "i" : "CHILLGUYUSD-PERP",
      "m" : "4611686018427499875"
    }, {
      "d" : "1756409972194792742",
      "t" : 1756409972194,
      "tn" : 1756409972194792742,
      "q" : "10",
      "p" : "0.04414",
      "s" : "buy",
      "i" : "CHILLGUYUSD-PERP",
      "m" : "4611686018427499874"
    }, {
      "d" : "1756409114656981587",
      "t" : 1756409114656,
      "tn" : 1756409114656981587,
      "q" : "10",
      "p" : "0.04445",
      "s" : "buy",
      "i" : "CHILLGUYUSD-PERP",
      "m" : "4611686018427499873"
    }, {
      "d" : "1756409114656979223",
      "t" : 1756409114656,
      "tn" : 1756409114656979223,
      "q" : "10",
      "p" : "0.04442",
      "s" : "buy",
      "i" : "CHILLGUYUSD-PERP",
      "m" : "4611686018427499872"
    }, {
      "d" : "1756409095657415884",
      "t" : 1756409095657,
      "tn" : 1756409095657415884,
      "q" : "10",
      "p" : "0.04449",
      "s" : "buy",
      "i" : "CHILLGUYUSD-PERP",
      "m" : "4611686018427499871"
    }, {
      "d" : "1756408813330527529",
      "t" : 1756408813330,
      "tn" : 1756408813330527529,
      "q" : "10",
      "p" : "0.04446",
      "s" : "buy",
      "i" : "CHILLGUYUSD-PERP",
      "m" : "4611686018427499870"
    }, {
      "d" : "1756408695558102658",
      "t" : 1756408695558,
      "tn" : 1756408695558102658,
      "q" : "10",
      "p" : "0.04457",
      "s" : "buy",
      "i" : "CHILLGUYUSD-PERP",
      "m" : "4611686018427499869"
    }, {
      "d" : "1756408473977681027",
      "t" : 1756408473977,
      "tn" : 1756408473977681027,
      "q" : "10",
      "p" : "0.04475",
      "s" : "buy",
      "i" : "CHILLGUYUSD-PERP",
      "m" : "4611686018427499868"
    }, {
      "d" : "1756408394155573924",
      "t" : 1756408394155,
      "tn" : 1756408394155573924,
      "q" : "10",
      "p" : "0.04484",
      "s" : "buy",
      "i" : "CHILLGUYUSD-PERP",
      "m" : "4611686018427499867"
    }, {
      "d" : "1756407907446267577",
      "t" : 1756407907446,
      "tn" : 1756407907446267577,
      "q" : "17330",
      "p" : "0.04492",
      "s" : "sell",
      "i" : "CHILLGUYUSD-PERP",
      "m" : "4611686018427499866"
    }, {
      "d" : "1756404749661474819",
      "t" : 1756404749661,
      "tn" : 1756404749661474819,
      "q" : "10",
      "p" : "0.04419",
      "s" : "sell",
      "i" : "CHILLGUYUSD-PERP",
      "m" : "4611686018427499865"
    }, {
      "d" : "1756404454961929546",
      "t" : 1756404454961,
      "tn" : 1756404454961929546,
      "q" : "10",
      "p" : "0.04417",
      "s" : "sell",
      "i" : "CHILLGUYUSD-PERP",
      "m" : "4611686018427499864"
    }, {
      "d" : "1756401864277546725",
      "t" : 1756401864277,
      "tn" : 1756401864277546724,
      "q" : "10",
      "p" : "0.04419",
      "s" : "sell",
      "i" : "CHILLGUYUSD-PERP",
      "m" : "4611686018427499863"
    }, {
      "d" : "1756401864277546724",
      "t" : 1756401864277,
      "tn" : 1756401864277546724,
      "q" : "10",
      "p" : "0.04419",
      "s" : "sell",
      "i" : "CHILLGUYUSD-PERP",
      "m" : "4611686018427499863"
    }, {
      "d" : "1756400488454525022",
      "t" : 1756400488454,
      "tn" : 1756400488454525021,
      "q" : "10",
      "p" : "0.04406",
      "s" : "sell",
      "i" : "CHILLGUYUSD-PERP",
      "m" : "4611686018427499862"
    }, {
      "d" : "1756400488454525021",
      "t" : 1756400488454,
      "tn" : 1756400488454525021,
      "q" : "10",
      "p" : "0.04406",
      "s" : "sell",
      "i" : "CHILLGUYUSD-PERP",
      "m" : "4611686018427499862"
    }, {
      "d" : "1756400483177158788",
      "t" : 1756400483177,
      "tn" : 1756400483177158787,
      "q" : "10",
      "p" : "0.04413",
      "s" : "sell",
      "i" : "CHILLGUYUSD-PERP",
      "m" : "4611686018427499861"
    }, {
      "d" : "1756400483177158787",
      "t" : 1756400483177,
      "tn" : 1756400483177158787,
      "q" : "10",
      "p" : "0.04413",
      "s" : "sell",
      "i" : "CHILLGUYUSD-PERP",
      "m" : "4611686018427499861"
    }, {
      "d" : "1756400429957138501",
      "t" : 1756400429957,
      "tn" : 1756400429957138500,
      "q" : "10",
      "p" : "0.04413",
      "s" : "sell",
      "i" : "CHILLGUYUSD-PERP",
      "m" : "4611686018427499860"
    }, {
      "d" : "1756400429957138500",
      "t" : 1756400429957,
      "tn" : 1756400429957138500,
      "q" : "10",
      "p" : "0.04413",
      "s" : "sell",
      "i" : "CHILLGUYUSD-PERP",
      "m" : "4611686018427499860"
    }, {
      "d" : "1756400370604251471",
      "t" : 1756400370604,
      "tn" : 1756400370604251470,
      "q" : "10",
      "p" : "0.04400",
      "s" : "sell",
      "i" : "CHILLGUYUSD-PERP",
      "m" : "4611686018427499859"
    }, {
      "d" : "1756400370604251470",
      "t" : 1756400370604,
      "tn" : 1756400370604251470,
      "q" : "10",
      "p" : "0.04400",
      "s" : "sell",
      "i" : "CHILLGUYUSD-PERP",
      "m" : "4611686018427499859"
    }, {
      "d" : "1756400023111317759",
      "t" : 1756400023111,
      "tn" : 1756400023111317758,
      "q" : "10",
      "p" : "0.04477",
      "s" : "sell",
      "i" : "CHILLGUYUSD-PERP",
      "m" : "4611686018427499858"
    }, {
      "d" : "1756400023111317758",
      "t" : 1756400023111,
      "tn" : 1756400023111317758,
      "q" : "10",
      "p" : "0.04477",
      "s" : "sell",
      "i" : "CHILLGUYUSD-PERP",
      "m" : "4611686018427499858"
    }, {
      "d" : "1756399911018030611",
      "t" : 1756399911018,
      "tn" : 1756399911018030610,
      "q" : "10",
      "p" : "0.04491",
      "s" : "sell",
      "i" : "CHILLGUYUSD-PERP",
      "m" : "4611686018427499857"
    }, {
      "d" : "1756399911018030610",
      "t" : 1756399911018,
      "tn" : 1756399911018030610,
      "q" : "10",
      "p" : "0.04491",
      "s" : "sell",
      "i" : "CHILLGUYUSD-PERP",
      "m" : "4611686018427499857"
    }, {
      "d" : "1756398626687997983",
      "t" : 1756398626687,
      "tn" : 1756398626687997982,
      "q" : "10",
      "p" : "0.04550",
      "s" : "sell",
      "i" : "CHILLGUYUSD-PERP",
      "m" : "4611686018427499856"
    }, {
      "d" : "1756398626687997982",
      "t" : 1756398626687,
      "tn" : 1756398626687997982,
      "q" : "10",
      "p" : "0.04550",
      "s" : "sell",
      "i" : "CHILLGUYUSD-PERP",
      "m" : "4611686018427499856"
    }, {
      "d" : "1756398360574482288",
      "t" : 1756398360574,
      "tn" : 1756398360574482287,
      "q" : "10",
      "p" : "0.04543",
      "s" : "sell",
      "i" : "CHILLGUYUSD-PERP",
      "m" : "4611686018427499855"
    }, {
      "d" : "1756398360574482287",
      "t" : 1756398360574,
      "tn" : 1756398360574482287,
      "q" : "10",
      "p" : "0.04543",
      "s" : "sell",
      "i" : "CHILLGUYUSD-PERP",
      "m" : "4611686018427499855"
    }, {
      "d" : "1756398081488194478",
      "t" : 1756398081488,
      "tn" : 1756398081488194477,
      "q" : "10",
      "p" : "0.04557",
      "s" : "sell",
      "i" : "CHILLGUYUSD-PERP",
      "m" : "4611686018427499854"
    }, {
      "d" : "1756398081488194477",
      "t" : 1756398081488,
      "tn" : 1756398081488194477,
      "q" : "10",
      "p" : "0.04557",
      "s" : "sell",
      "i" : "CHILLGUYUSD-PERP",
      "m" : "4611686018427499854"
    }, {
      "d" : "1756398058625616014",
      "t" : 1756398058625,
      "tn" : 1756398058625616013,
      "q" : "10",
      "p" : "0.04549",
      "s" : "sell",
      "i" : "CHILLGUYUSD-PERP",
      "m" : "4611686018427499853"
    }, {
      "d" : "1756398058625616013",
      "t" : 1756398058625,
      "tn" : 1756398058625616013,
      "q" : "10",
      "p" : "0.04549",
      "s" : "sell",
      "i" : "CHILLGUYUSD-PERP",
      "m" : "4611686018427499853"
    }, {
      "d" : "1756398050817800232",
      "t" : 1756398050817,
      "tn" : 1756398050817800231,
      "q" : "10",
      "p" : "0.04556",
      "s" : "sell",
      "i" : "CHILLGUYUSD-PERP",
      "m" : "4611686018427499852"
    }, {
      "d" : "1756398050817800231",
      "t" : 1756398050817,
      "tn" : 1756398050817800231,
      "q" : "10",
      "p" : "0.04556",
      "s" : "sell",
      "i" : "CHILLGUYUSD-PERP",
      "m" : "4611686018427499852"
    }, {
      "d" : "1756398044286753929",
      "t" : 1756398044286,
      "tn" : 1756398044286753928,
      "q" : "10",
      "p" : "0.04567",
      "s" : "sell",
      "i" : "CHILLGUYUSD-PERP",
      "m" : "4611686018427499851"
    }, {
      "d" : "1756398044286753928",
      "t" : 1756398044286,
      "tn" : 1756398044286753928,
      "q" : "10",
      "p" : "0.04567",
      "s" : "sell",
      "i" : "CHILLGUYUSD-PERP",
      "m" : "4611686018427499851"
    }, {
      "d" : "1756398038907071155",
      "t" : 1756398038907,
      "tn" : 1756398038907071154,
      "q" : "10",
      "p" : "0.04570",
      "s" : "sell",
      "i" : "CHILLGUYUSD-PERP",
      "m" : "4611686018427499850"
    }, {
      "d" : "1756398038907071154",
      "t" : 1756398038907,
      "tn" : 1756398038907071154,
      "q" : "10",
      "p" : "0.04570",
      "s" : "sell",
      "i" : "CHILLGUYUSD-PERP",
      "m" : "4611686018427499850"
    }, {
      "d" : "1756397905933102637",
      "t" : 1756397905933,
      "tn" : 1756397905933102637,
      "q" : "10",
      "p" : "0.04564",
      "s" : "sell",
      "i" : "CHILLGUYUSD-PERP",
      "m" : "4611686018427499849"
    }, {
      "d" : "1756397903544761394",
      "t" : 1756397903544,
      "tn" : 1756397903544761393,
      "q" : "10",
      "p" : "0.04578",
      "s" : "sell",
      "i" : "CHILLGUYUSD-PERP",
      "m" : "4611686018427499848"
    }, {
      "d" : "1756397903544761393",
      "t" : 1756397903544,
      "tn" : 1756397903544761393,
      "q" : "10",
      "p" : "0.04578",
      "s" : "sell",
      "i" : "CHILLGUYUSD-PERP",
      "m" : "4611686018427499848"
    }, {
      "d" : "1756397675071688608",
      "t" : 1756397675071,
      "tn" : 1756397675071688607,
      "q" : "10",
      "p" : "0.04575",
      "s" : "sell",
      "i" : "CHILLGUYUSD-PERP",
      "m" : "4611686018427499847"
    }, {
      "d" : "1756397675071688607",
      "t" : 1756397675071,
      "tn" : 1756397675071688607,
      "q" : "10",
      "p" : "0.04575",
      "s" : "sell",
      "i" : "CHILLGUYUSD-PERP",
      "m" : "4611686018427499847"
    }, {
      "d" : "1756397346155186667",
      "t" : 1756397346155,
      "tn" : 1756397346155186666,
      "q" : "10",
      "p" : "0.04578",
      "s" : "sell",
      "i" : "CHILLGUYUSD-PERP",
      "m" : "4611686018427499846"
    }, {
      "d" : "1756397346155186666",
      "t" : 1756397346155,
      "tn" : 1756397346155186666,
      "q" : "10",
      "p" : "0.04578",
      "s" : "sell",
      "i" : "CHILLGUYUSD-PERP",
      "m" : "4611686018427499846"
    }, {
      "d" : "1756397340775127712",
      "t" : 1756397340775,
      "tn" : 1756397340775127711,
      "q" : "10",
      "p" : "0.04584",
      "s" : "sell",
      "i" : "CHILLGUYUSD-PERP",
      "m" : "4611686018427499845"
    }, {
      "d" : "1756397340775127711",
      "t" : 1756397340775,
      "tn" : 1756397340775127711,
      "q" : "10",
      "p" : "0.04584",
      "s" : "sell",
      "i" : "CHILLGUYUSD-PERP",
      "m" : "4611686018427499845"
    }, {
      "d" : "1756397028479946946",
      "t" : 1756397028479,
      "tn" : 1756397028479946945,
      "q" : "10",
      "p" : "0.04551",
      "s" : "sell",
      "i" : "CHILLGUYUSD-PERP",
      "m" : "4611686018427499844"
    }, {
      "d" : "1756397028479946945",
      "t" : 1756397028479,
      "tn" : 1756397028479946945,
      "q" : "10",
      "p" : "0.04551",
      "s" : "sell",
      "i" : "CHILLGUYUSD-PERP",
      "m" : "4611686018427499844"
    }, {
      "d" : "1756396903644033878",
      "t" : 1756396903644,
      "tn" : 1756396903644033877,
      "q" : "10",
      "p" : "0.04576",
      "s" : "sell",
      "i" : "CHILLGUYUSD-PERP",
      "m" : "4611686018427499843"
    }, {
      "d" : "1756396903644033877",
      "t" : 1756396903644,
      "tn" : 1756396903644033877,
      "q" : "10",
      "p" : "0.04576",
      "s" : "sell",
      "i" : "CHILLGUYUSD-PERP",
      "m" : "4611686018427499843"
    }, {
      "d" : "1756396591995445213",
      "t" : 1756396591995,
      "tn" : 1756396591995445212,
      "q" : "10",
      "p" : "0.04555",
      "s" : "sell",
      "i" : "CHILLGUYUSD-PERP",
      "m" : "4611686018427499842"
    }, {
      "d" : "1756396591995445212",
      "t" : 1756396591995,
      "tn" : 1756396591995445212,
      "q" : "10",
      "p" : "0.04555",
      "s" : "sell",
      "i" : "CHILLGUYUSD-PERP",
      "m" : "4611686018427499842"
    }, {
      "d" : "1756396500246104780",
      "t" : 1756396500246,
      "tn" : 1756396500246104779,
      "q" : "10",
      "p" : "0.04563",
      "s" : "sell",
      "i" : "CHILLGUYUSD-PERP",
      "m" : "4611686018427499841"
    }, {
      "d" : "1756396500246104779",
      "t" : 1756396500246,
      "tn" : 1756396500246104779,
      "q" : "10",
      "p" : "0.04563",
      "s" : "sell",
      "i" : "CHILLGUYUSD-PERP",
      "m" : "4611686018427499841"
    }, {
      "d" : "1756396331148056105",
      "t" : 1756396331148,
      "tn" : 1756396331148056105,
      "q" : "10",
      "p" : "0.04540",
      "s" : "sell",
      "i" : "CHILLGUYUSD-PERP",
      "m" : "4611686018427499840"
    }, {
      "d" : "1756396278671830618",
      "t" : 1756396278671,
      "tn" : 1756396278671830617,
      "q" : "10",
      "p" : "0.04548",
      "s" : "sell",
      "i" : "CHILLGUYUSD-PERP",
      "m" : "4611686018427499839"
    }, {
      "d" : "1756396278671830617",
      "t" : 1756396278671,
      "tn" : 1756396278671830617,
      "q" : "10",
      "p" : "0.04548",
      "s" : "sell",
      "i" : "CHILLGUYUSD-PERP",
      "m" : "4611686018427499839"
    }, {
      "d" : "1756396277136750665",
      "t" : 1756396277136,
      "tn" : 1756396277136750664,
      "q" : "10",
      "p" : "0.04549",
      "s" : "sell",
      "i" : "CHILLGUYUSD-PERP",
      "m" : "4611686018427499838"
    }, {
      "d" : "1756396277136750664",
      "t" : 1756396277136,
      "tn" : 1756396277136750664,
      "q" : "10",
      "p" : "0.04549",
      "s" : "sell",
      "i" : "CHILLGUYUSD-PERP",
      "m" : "4611686018427499838"
    }, {
      "d" : "1756396206228374096",
      "t" : 1756396206228,
      "tn" : 1756396206228374095,
      "q" : "10",
      "p" : "0.04574",
      "s" : "sell",
      "i" : "CHILLGUYUSD-PERP",
      "m" : "4611686018427499837"
    }, {
      "d" : "1756396206228374095",
      "t" : 1756396206228,
      "tn" : 1756396206228374095,
      "q" : "10",
      "p" : "0.04574",
      "s" : "sell",
      "i" : "CHILLGUYUSD-PERP",
      "m" : "4611686018427499837"
    }, {
      "d" : "1756395672848262320",
      "t" : 1756395672848,
      "tn" : 1756395672848262319,
      "q" : "10",
      "p" : "0.04583",
      "s" : "sell",
      "i" : "CHILLGUYUSD-PERP",
      "m" : "4611686018427499836"
    }, {
      "d" : "1756395672848262319",
      "t" : 1756395672848,
      "tn" : 1756395672848262319,
      "q" : "10",
      "p" : "0.04583",
      "s" : "sell",
      "i" : "CHILLGUYUSD-PERP",
      "m" : "4611686018427499836"
    }, {
      "d" : "1756394887374843643",
      "t" : 1756394887374,
      "tn" : 1756394887374843643,
      "q" : "10",
      "p" : "0.04565",
      "s" : "sell",
      "i" : "CHILLGUYUSD-PERP",
      "m" : "4611686018427499835"
    }, {
      "d" : "1756394863024369524",
      "t" : 1756394863024,
      "tn" : 1756394863024369524,
      "q" : "10",
      "p" : "0.04570",
      "s" : "sell",
      "i" : "CHILLGUYUSD-PERP",
      "m" : "4611686018427499834"
    }, {
      "d" : "1756394861026890150",
      "t" : 1756394861026,
      "tn" : 1756394861026890150,
      "q" : "10",
      "p" : "0.04571",
      "s" : "sell",
      "i" : "CHILLGUYUSD-PERP",
      "m" : "4611686018427499833"
    }, {
      "d" : "1756394860162362251",
      "t" : 1756394860162,
      "tn" : 1756394860162362251,
      "q" : "10",
      "p" : "0.04576",
      "s" : "sell",
      "i" : "CHILLGUYUSD-PERP",
      "m" : "4611686018427499832"
    }, {
      "d" : "1756394860162360025",
      "t" : 1756394860162,
      "tn" : 1756394860162360025,
      "q" : "10",
      "p" : "0.04577",
      "s" : "sell",
      "i" : "CHILLGUYUSD-PERP",
      "m" : "4611686018427499831"
    }, {
      "d" : "1756394846937627296",
      "t" : 1756394846937,
      "tn" : 1756394846937627296,
      "q" : "10",
      "p" : "0.04586",
      "s" : "sell",
      "i" : "CHILLGUYUSD-PERP",
      "m" : "4611686018427499830"
    }, {
      "d" : "1756394845890407449",
      "t" : 1756394845890,
      "tn" : 1756394845890407449,
      "q" : "10",
      "p" : "0.04596",
      "s" : "sell",
      "i" : "CHILLGUYUSD-PERP",
      "m" : "4611686018427499829"
    }, {
      "d" : "1756394845890404769",
      "t" : 1756394845890,
      "tn" : 1756394845890404769,
      "q" : "10",
      "p" : "0.04597",
      "s" : "sell",
      "i" : "CHILLGUYUSD-PERP",
      "m" : "4611686018427499828"
    }, {
      "d" : "1756394804742709058",
      "t" : 1756394804742,
      "tn" : 1756394804742709058,
      "q" : "10",
      "p" : "0.04605",
      "s" : "sell",
      "i" : "CHILLGUYUSD-PERP",
      "m" : "4611686018427499827"
    }, {
      "d" : "1756394757888433388",
      "t" : 1756394757888,
      "tn" : 1756394757888433388,
      "q" : "10",
      "p" : "0.04590",
      "s" : "sell",
      "i" : "CHILLGUYUSD-PERP",
      "m" : "4611686018427499826"
    }, {
      "d" : "1756394739026163097",
      "t" : 1756394739026,
      "tn" : 1756394739026163097,
      "q" : "10",
      "p" : "0.04601",
      "s" : "sell",
      "i" : "CHILLGUYUSD-PERP",
      "m" : "4611686018427499825"
    }, {
      "d" : "1756394739026160997",
      "t" : 1756394739026,
      "tn" : 1756394739026160997,
      "q" : "10",
      "p" : "0.04602",
      "s" : "sell",
      "i" : "CHILLGUYUSD-PERP",
      "m" : "4611686018427499824"
    }, {
      "d" : "1756394737070141267",
      "t" : 1756394737070,
      "tn" : 1756394737070141267,
      "q" : "10",
      "p" : "0.04600",
      "s" : "sell",
      "i" : "CHILLGUYUSD-PERP",
      "m" : "4611686018427499823"
    }, {
      "d" : "1756394730034475749",
      "t" : 1756394730034,
      "tn" : 1756394730034475749,
      "q" : "10",
      "p" : "0.04606",
      "s" : "sell",
      "i" : "CHILLGUYUSD-PERP",
      "m" : "4611686018427499822"
    }, {
      "d" : "1756394643447350200",
      "t" : 1756394643447,
      "tn" : 1756394643447350200,
      "q" : "10",
      "p" : "0.04602",
      "s" : "buy",
      "i" : "CHILLGUYUSD-PERP",
      "m" : "4611686018427499821"
    }, {
      "d" : "1756394612323685142",
      "t" : 1756394612323,
      "tn" : 1756394612323685142,
      "q" : "10",
      "p" : "0.04599",
      "s" : "sell",
      "i" : "CHILLGUYUSD-PERP",
      "m" : "4611686018427499820"
    }, {
      "d" : "1756394508385431813",
      "t" : 1756394508385,
      "tn" : 1756394508385431813,
      "q" : "10",
      "p" : "0.04589",
      "s" : "sell",
      "i" : "CHILLGUYUSD-PERP",
      "m" : "4611686018427499819"
    }, {
      "d" : "1756394508385429137",
      "t" : 1756394508385,
      "tn" : 1756394508385429137,
      "q" : "10",
      "p" : "0.04590",
      "s" : "sell",
      "i" : "CHILLGUYUSD-PERP",
      "m" : "4611686018427499818"
    } ]
  }
}