{
  "id" : -1,
  "method" : "public/get-trades",
  "code" : 0,
  "result" : {
    "data" : [ {
      "d" : "1756457578376901020",
      "t" : 1756457578376,
      "tn" : 1756457578376901020,
      "q" : "82",
      "p" : "0.09643",
      "s" : "sell",
      "i" : "CHR_USD",
      "m" : "4611686018430025222"
    }, {
      "d" : "1756454117766808839",
      "t" : 1756454117766,
      "tn" : 1756454117766808839,
      "q" : "273",
      "p" : "0.09729",
      "s" : "buy",
      "i" : "CHR_USD",
      "m" : "4611686018430025221"
    }, {
      "d" : "1756449779571064164",
      "t" : 1756449779571,
      "tn" : 1756449779571064164,
      "q" : "6040",
      "p" : "0.09793",
      "s" : "sell",
      "i" : "CHR_USD",
      "m" : "4611686018430025220"
    }, {
      "d" : "1756449779571062203",
      "t" : 1756449779571,
      "tn" : 1756449779571062202,
      "q" : "145",
      "p" : "0.09795",
      "s" : "sell",
      "i" : "CHR_USD",
      "m" : "4611686018430025219"
    }, {
      "d" : "1756449779571062202",
      "t" : 1756449779571,
      "tn" : 1756449779571062202,
      "q" : "964",
      "p" : "0.09795",
      "s" : "sell",
      "i" : "CHR_USD",
      "m" : "4611686018430025219"
    }, {
      "d" : "1756449427849231850",
      "t" : 1756449427849,
      "tn" : 1756449427849231850,
      "q" : "1542",
      "p" : "0.10010",
      "s" : "buy",
      "i" : "CHR_USD",
      "m" : "4611686018430025218"
    }, {
      "d" : "1756448208868686603",
      "t" : 1756448208868,
      "tn" : 1756448208868686603,
      "q" : "4055",
      "p" : "0.10042",
      "s" : "sell",
      "i" : "CHR_USD",
      "m" : "4611686018430025217"
    }, {
      "d" : "1756441603440024581",
      "t" : 1756441603440,
      "tn" : 1756441603440024581,
      "q" : "4850",
      "p" : "0.10168",
      "s" : "buy",
      "i" : "CHR_USD",
      "m" : "4611686018430025216"
    }, {
      "d" : "1756441603439095571",
      "t" : 1756441603439,
      "tn" : 1756441603439095571,
      "q" : "885",
      "p" : "0.10168",
      "s" : "buy",
      "i" : "CHR_USD",
      "m" : "4611686018430025215"
    }, {
      "d" : "1756441591524774864",
      "t" : 1756441591524,
      "tn" : 1756441591524774864,
      "q" : "534",
      "p" : "0.10178",
      "s" : "buy",
      "i" : "CHR_USD",
      "m" : "4611686018430025214"
    }, {
      "d" : "1756441591520174116",
      "t" : 1756441591520,
      "tn" : 1756441591520174116,
      "q" : "1472",
      "p" : "0.10184",
      "s" : "sell",
      "i" : "CHR_USD",
      "m" : "4611686018430025213"
    }, {
      "d" : "1756438224806291563",
      "t" : 1756438224806,
      "tn" : 1756438224806291563,
      "q" : "1120",
      "p" : "0.10192",
      "s" : "buy",
      "i" : "CHR_USD",
      "m" : "4611686018430025212"
    }, {
      "d" : "1756438224805260696",
      "t" : 1756438224805,
      "tn" : 1756438224805260696,
      "q" : "883",
      "p" : "0.10192",
      "s" : "buy",
      "i" : "CHR_USD",
      "m" : "4611686018430025211"
    }, {
      "d" : "1756437093454010292",
      "t" : 1756437093454,
      "tn" : 1756437093454010292,
      "q" : "1089",
      "p" : "0.10224",
      "s" : "sell",
      "i" : "CHR_USD",
      "m" : "4611686018430025210"
    }, {
      "d" : "1756433613245859259",
      "t" : 1756433613245,
      "tn" : 1756433613245859259,
      "q" : "3360",
      "p" : "0.10249",
      "s" : "sell",
      "i" : "CHR_USD",
      "m" : "4611686018430025209"
    }, {
      "d" : "1756432936054766058",
      "t" : 1756432936054,
      "tn" : 1756432936054766058,
      "q" : "33",
      "p" : "0.10170",
      "s" : "sell",
      "i" : "CHR_USD",
      "m" : "4611686018430025208"
    }, {
      "d" : "1756430400888188317",
      "t" : 1756430400888,
      "tn" : 1756430400888188317,
      "q" : "48",
      "p" : "0.10253",
      "s" : "sell",
      "i" : "CHR_USD",
      "m" : "4611686018430025207"
    }, {
      "d" : "1756428427606989582",
      "t" : 1756428427606,
      "tn" : 1756428427606989582,
      "q" : "1965",
      "p" : "0.10291",
      "s" : "buy",
      "i" : "CHR_USD",
      "m" : "4611686018430025206"
    }, {
      "d" : "1756428399360678161",
      "t" : 1756428399360,
      "tn" : 1756428399360678161,
      "q" : "15",
      "p" : "0.10323",
      "s" : "buy",
      "i" : "CHR_USD",
      "m" : "4611686018430025205"
    }, {
      "d" : "1756425883885928563",
      "t" : 1756425883885,
      "tn" : 1756425883885928563,
      "q" : "33",
      "p" : "0.10337",
      "s" : "sell",
      "i" : "CHR_USD",
      "m" : "4611686018430025204"
    }, {
      "d" : "1756424235663827207",
      "t" : 1756424235663,
      "tn" : 1756424235663827207,
      "q" : "638",
      "p" : "0.10270",
      "s" : "buy",
      "i" : "CHR_USD",
      "m" : "4611686018430025203"
    }, {
      "d" : "1756424223128994384",
      "t" : 1756424223128,
      "tn" : 1756424223128994384,
      "q" : "1352",
      "p" : "0.10280",
      "s" : "buy",
      "i" : "CHR_USD",
      "m" : "4611686018430025202"
    }, {
      "d" : "1756422785111988667",
      "t" : 1756422785111,
      "tn" : 1756422785111988667,
      "q" : "4827",
      "p" : "0.10357",
      "s" : "buy",
      "i" : "CHR_USD",
      "m" : "4611686018430025201"
    }, {
      "d" : "1756422764449213507",
      "t" : 1756422764449,
      "tn" : 1756422764449213507,
      "q" : "1377",
      "p" : "0.10307",
      "s" : "sell",
      "i" : "CHR_USD",
      "m" : "4611686018430025200"
    }, {
      "d" : "1756418141495728716",
      "t" : 1756418141495,
      "tn" : 1756418141495728716,
      "q" : "1588",
      "p" : "0.10270",
      "s" : "buy",
      "i" : "CHR_USD",
      "m" : "4611686018430025199"
    }, {
      "d" : "1756414211635141828",
      "t" : 1756414211635,
      "tn" : 1756414211635141828,
      "q" : "116",
      "p" : "0.10169",
      "s" : "sell",
      "i" : "CHR_USD",
      "m" : "4611686018430025198"
    }, {
      "d" : "1756400340125024879",
      "t" : 1756400340125,
      "tn" : 1756400340125024879,
      "q" : "643",
      "p" : "0.10333",
      "s" : "sell",
      "i" : "CHR_USD",
      "m" : "4611686018430025197"
    }, {
      "d" : "1756397055329833340",
      "t" : 1756397055329,
      "tn" : 1756397055329833340,
      "q" : "669",
      "p" : "0.10588",
      "s" : "sell",
      "i" : "CHR_USD",
      "m" : "4611686018430025196"
    }, {
      "d" : "1756396849114118385",
      "t" : 1756396849114,
      "tn" : 1756396849114118385,
      "q" : "530",
      "p" : "0.10538",
      "s" : "sell",
      "i" : "CHR_USD",
      "m" : "4611686018430025195"
    }, {
      "d" : "1756396524126317026",
      "t" : 1756396524126,
      "tn" : 1756396524126317026,
      "q" : "14247",
      "p" : "0.10498",
      "s" : "buy",
      "i" : "CHR_USD",
      "m" : "4611686018430025194"
    }, {
      "d" : "1756395893205934892",
      "t" : 1756395893205,
      "tn" : 1756395893205934892,
      "q" : "26",
      "p" : "0.10568",
      "s" : "sell",
      "i" : "CHR_USD",
      "m" : "4611686018430025193"
    }, {
      "d" : "1756395223703063560",
      "t" : 1756395223703,
      "tn" : 1756395223703063560,
      "q" : "115",
      "p" : "0.10523",
      "s" : "buy",
      "i" : "CHR_USD",
      "m" : "4611686018430025192"
    }, {
      "d" : "1756394737425199953",
      "t" : 1756394737425,
      "tn" : 1756394737425199952,
      "q" : "71",
      "p" : "0.10420",
      "s" : "buy",
      "i" : "CHR_USD",
      "m" : "4611686018430025191"
    }, {
      "d" : "1756394737425199952",
      "t" : 1756394737425,
      "tn" : 1756394737425199952,
      "q" : "30",
      "p" : "0.10420",
      "s" : "buy",
      "i" : "CHR_USD",
      "m" : "4611686018430025191"
    }, {
      "d" : "1756394380093791606",
      "t" : 1756394380093,
      "tn" : 1756394380093791606,
      "q" : "4429",
      "p" : "0.10380",
      "s" : "buy",
      "i" : "CHR_USD",
      "m" : "4611686018430025190"
    }, {
      "d" : "1756392722806990632",
      "t" : 1756392722806,
      "tn" : 1756392722806990632,
      "q" : "43",
      "p" : "0.10410",
      "s" : "sell",
      "i" : "CHR_USD",
      "m" : "4611686018430025189"
    }, {
      "d" : "1756392284660312279",
      "t" : 1756392284660,
      "tn" : 1756392284660312279,
      "q" : "1992",
      "p" : "0.10380",
      "s" : "buy",
      "i" : "CHR_USD",
      "m" : "4611686018430025188"
    }, {
      "d" : "1756392119080081111",
      "t" : 1756392119080,
      "tn" : 1756392119080081111,
      "q" : "71",
      "p" : "0.10419",
      "s" : "buy",
      "i" : "CHR_USD",
      "m" : "4611686018430025187"
    }, {
      "d" : "1756392013473179462",
      "t" : 1756392013473,
      "tn" : 1756392013473179462,
      "q" : "2998",
      "p" : "0.10340",
      "s" : "buy",
      "i" : "CHR_USD",
      "m" : "4611686018430025186"
    }, {
      "d" : "1756390969013739290",
      "t" : 1756390969013,
      "tn" : 1756390969013739290,
      "q" : "986",
      "p" : "0.10370",
      "s" : "sell",
      "i" : "CHR_USD",
      "m" : "4611686018430025185"
    }, {
      "d" : "1756390245658991930",
      "t" : 1756390245658,
      "tn" : 1756390245658991930,
      "q" : "642",
      "p" : "0.10398",
      "s" : "sell",
      "i" : "CHR_USD",
      "m" : "4611686018430025184"
    }, {
      "d" : "1756389936215613799",
      "t" : 1756389936215,
      "tn" : 1756389936215613799,
      "q" : "65",
      "p" : "0.10397",
      "s" : "sell",
      "i" : "CHR_USD",
      "m" : "4611686018430025183"
    }, {
      "d" : "1756389502098946416",
      "t" : 1756389502098,
      "tn" : 1756389502098946416,
      "q" : "1522",
      "p" : "0.10369",
      "s" : "buy",
      "i" : "CHR_USD",
      "m" : "4611686018430025182"
    }, {
      "d" : "1756386440270059206",
      "t" : 1756386440270,
      "tn" : 1756386440270059206,
      "q" : "184",
      "p" : "0.10340",
      "s" : "sell",
      "i" : "CHR_USD",
      "m" : "4611686018430025181"
    }, {
      "d" : "1756384858489649779",
      "t" : 1756384858489,
      "tn" : 1756384858489649779,
      "q" : "2873",
      "p" : "0.10387",
      "s" : "buy",
      "i" : "CHR_USD",
      "m" : "4611686018430025180"
    }, {
      "d" : "1756384858489647593",
      "t" : 1756384858489,
      "tn" : 1756384858489647593,
      "q" : "31",
      "p" : "0.10350",
      "s" : "buy",
      "i" : "CHR_USD",
      "m" : "4611686018430025179"
    }, {
      "d" : "1756381889285826873",
      "t" : 1756381889285,
      "tn" : 1756381889285826873,
      "q" : "303",
      "p" : "0.10329",
      "s" : "buy",
      "i" : "CHR_USD",
      "m" : "4611686018430025178"
    }, {
      "d" : "1756375432315280372",
      "t" : 1756375432315,
      "tn" : 1756375432315280372,
      "q" : "1454",
      "p" : "0.10225",
      "s" : "buy",
      "i" : "CHR_USD",
      "m" : "4611686018430025177"
    }, {
      "d" : "1756375432315277712",
      "t" : 1756375432315,
      "tn" : 1756375432315277712,
      "q" : "500",
      "p" : "0.10189",
      "s" : "buy",
      "i" : "CHR_USD",
      "m" : "4611686018430025176"
    } ]
  }
}