{
  "id" : -1,
  "method" : "public/get-trades",
  "code" : 0,
  "result" : {
    "data" : [ {
      "d" : "1756449607214289572",
      "t" : 1756449607214,
      "tn" : 1756449607214289572,
      "q" : "5000",
      "p" : "0.09719",
      "s" : "sell",
      "i" : "CHRUSD-PERP",
      "m" : "4611686018430473350"
    }, {
      "d" : "1756423091768979983",
      "t" : 1756423091768,
      "tn" : 1756423091768979983,
      "q" : "1932",
      "p" : "0.10348",
      "s" : "buy",
      "i" : "CHRUSD-PERP",
      "m" : "4611686018430473349"
    }, {
      "d" : "1756423091768976820",
      "t" : 1756423091768,
      "tn" : 1756423091768976820,
      "q" : "1",
      "p" : "0.10341",
      "s" : "buy",
      "i" : "CHRUSD-PERP",
      "m" : "4611686018430473348"
    }, {
      "d" : "1756423091768974417",
      "t" : 1756423091768,
      "tn" : 1756423091768974417,
      "q" : "1",
      "p" : "0.10336",
      "s" : "buy",
      "i" : "CHRUSD-PERP",
      "m" : "4611686018430473347"
    }, {
      "d" : "1756419577601673360",
      "t" : 1756419577601,
      "tn" : 1756419577601673360,
      "q" : "1941",
      "p" : "0.10302",
      "s" : "sell",
      "i" : "CHRUSD-PERP",
      "m" : "4611686018430473346"
    }, {
      "d" : "1756419577601671516",
      "t" : 1756419577601,
      "tn" : 1756419577601671516,
      "q" : "1",
      "p" : "0.10313",
      "s" : "sell",
      "i" : "CHRUSD-PERP",
      "m" : "4611686018430473345"
    }, {
      "d" : "1756419577601669551",
      "t" : 1756419577601,
      "tn" : 1756419577601669551,
      "q" : "1",
      "p" : "0.10317",
      "s" : "sell",
      "i" : "CHRUSD-PERP",
      "m" : "4611686018430473344"
    }, {
      "d" : "1756410587886129082",
      "t" : 1756410587886,
      "tn" : 1756410587886129082,
      "q" : "1957",
      "p" : "0.10216",
      "s" : "sell",
      "i" : "CHRUSD-PERP",
      "m" : "4611686018430473343"
    }, {
      "d" : "1756410587886126682",
      "t" : 1756410587886,
      "tn" : 1756410587886126682,
      "q" : "1",
      "p" : "0.10226",
      "s" : "sell",
      "i" : "CHRUSD-PERP",
      "m" : "4611686018430473342"
    }, {
      "d" : "1756410587886123463",
      "t" : 1756410587886,
      "tn" : 1756410587886123463,
      "q" : "1",
      "p" : "0.10227",
      "s" : "sell",
      "i" : "CHRUSD-PERP",
      "m" : "4611686018430473341"
    }, {
      "d" : "1756408533587099565",
      "t" : 1756408533587,
      "tn" : 1756408533587099565,
      "q" : "1",
      "p" : "0.10294",
      "s" : "sell",
      "i" : "CHRUSD-PERP",
      "m" : "4611686018430473340"
    }, {
      "d" : "1756408533587097259",
      "t" : 1756408533587,
      "tn" : 1756408533587097259,
      "q" : "1",
      "p" : "0.10297",
      "s" : "sell",
      "i" : "CHRUSD-PERP",
      "m" : "4611686018430473339"
    }, {
      "d" : "1756397730097034047",
      "t" : 1756397730097,
      "tn" : 1756397730097034047,
      "q" : "1886",
      "p" : "0.10594",
      "s" : "sell",
      "i" : "CHRUSD-PERP",
      "m" : "4611686018430473338"
    }, {
      "d" : "1756397730097031961",
      "t" : 1756397730097,
      "tn" : 1756397730097031961,
      "q" : "1",
      "p" : "0.10595",
      "s" : "sell",
      "i" : "CHRUSD-PERP",
      "m" : "4611686018430473337"
    }, {
      "d" : "1756397055324068808",
      "t" : 1756397055324,
      "tn" : 1756397055324068808,
      "q" : "807",
      "p" : "0.10586",
      "s" : "sell",
      "i" : "CHRUSD-PERP",
      "m" : "4611686018430473336"
    }, {
      "d" : "1756397055324067209",
      "t" : 1756397055324,
      "tn" : 1756397055324067209,
      "q" : "1",
      "p" : "0.10596",
      "s" : "sell",
      "i" : "CHRUSD-PERP",
      "m" : "4611686018430473335"
    }, {
      "d" : "1756397055324064599",
      "t" : 1756397055324,
      "tn" : 1756397055324064599,
      "q" : "1",
      "p" : "0.10597",
      "s" : "sell",
      "i" : "CHRUSD-PERP",
      "m" : "4611686018430473334"
    }, {
      "d" : "1756396524123358647",
      "t" : 1756396524123,
      "tn" : 1756396524123358647,
      "q" : "982",
      "p" : "0.10523",
      "s" : "buy",
      "i" : "CHRUSD-PERP",
      "m" : "4611686018430473333"
    }, {
      "d" : "1756396524122752003",
      "t" : 1756396524122,
      "tn" : 1756396524122752002,
      "q" : "769",
      "p" : "0.10523",
      "s" : "buy",
      "i" : "CHRUSD-PERP",
      "m" : "4611686018430473332"
    }, {
      "d" : "1756396524122752002",
      "t" : 1756396524122,
      "tn" : 1756396524122752002,
      "q" : "6004",
      "p" : "0.10523",
      "s" : "buy",
      "i" : "CHRUSD-PERP",
      "m" : "4611686018430473332"
    }, {
      "d" : "1756396524122317939",
      "t" : 1756396524122,
      "tn" : 1756396524122317939,
      "q" : "1288",
      "p" : "0.10523",
      "s" : "buy",
      "i" : "CHRUSD-PERP",
      "m" : "4611686018430473331"
    }, {
      "d" : "1756396524119390300",
      "t" : 1756396524119,
      "tn" : 1756396524119390300,
      "q" : "1901",
      "p" : "0.10516",
      "s" : "buy",
      "i" : "CHRUSD-PERP",
      "m" : "4611686018430473330"
    }, {
      "d" : "1756396524118551772",
      "t" : 1756396524118,
      "tn" : 1756396524118551772,
      "q" : "2897",
      "p" : "0.10506",
      "s" : "buy",
      "i" : "CHRUSD-PERP",
      "m" : "4611686018430473329"
    }, {
      "d" : "1756396524117756245",
      "t" : 1756396524117,
      "tn" : 1756396524117756245,
      "q" : "5173",
      "p" : "0.10506",
      "s" : "buy",
      "i" : "CHRUSD-PERP",
      "m" : "4611686018430473328"
    }, {
      "d" : "1756396524117207349",
      "t" : 1756396524117,
      "tn" : 1756396524117207349,
      "q" : "7292",
      "p" : "0.10492",
      "s" : "buy",
      "i" : "CHRUSD-PERP",
      "m" : "4611686018430473327"
    }, {
      "d" : "1756396524112758121",
      "t" : 1756396524112,
      "tn" : 1756396524112758121,
      "q" : "477",
      "p" : "0.10482",
      "s" : "buy",
      "i" : "CHRUSD-PERP",
      "m" : "4611686018430473326"
    }, {
      "d" : "1756396524112755683",
      "t" : 1756396524112,
      "tn" : 1756396524112755683,
      "q" : "2",
      "p" : "0.10480",
      "s" : "buy",
      "i" : "CHRUSD-PERP",
      "m" : "4611686018430473325"
    }, {
      "d" : "1756396524112637688",
      "t" : 1756396524112,
      "tn" : 1756396524112637688,
      "q" : "475",
      "p" : "0.10480",
      "s" : "buy",
      "i" : "CHRUSD-PERP",
      "m" : "4611686018430473324"
    }, {
      "d" : "1756396524112636330",
      "t" : 1756396524112,
      "tn" : 1756396524112636330,
      "q" : "2",
      "p" : "0.10478",
      "s" : "buy",
      "i" : "CHRUSD-PERP",
      "m" : "4611686018430473323"
    }, {
      "d" : "1756396524112409987",
      "t" : 1756396524112,
      "tn" : 1756396524112409987,
      "q" : "475",
      "p" : "0.10478",
      "s" : "buy",
      "i" : "CHRUSD-PERP",
      "m" : "4611686018430473322"
    }, {
      "d" : "1756396524112407894",
      "t" : 1756396524112,
      "tn" : 1756396524112407894,
      "q" : "2",
      "p" : "0.10476",
      "s" : "buy",
      "i" : "CHRUSD-PERP",
      "m" : "4611686018430473321"
    }, {
      "d" : "1756396524111858882",
      "t" : 1756396524111,
      "tn" : 1756396524111858882,
      "q" : "475",
      "p" : "0.10476",
      "s" : "buy",
      "i" : "CHRUSD-PERP",
      "m" : "4611686018430473320"
    }, {
      "d" : "1756396524111857151",
      "t" : 1756396524111,
      "tn" : 1756396524111857151,
      "q" : "1",
      "p" : "0.10450",
      "s" : "buy",
      "i" : "CHRUSD-PERP",
      "m" : "4611686018430473319"
    }, {
      "d" : "1756396524111854237",
      "t" : 1756396524111,
      "tn" : 1756396524111854237,
      "q" : "1",
      "p" : "0.10446",
      "s" : "buy",
      "i" : "CHRUSD-PERP",
      "m" : "4611686018430473318"
    } ]
  }
}