{
  "id" : -1,
  "method" : "public/get-trades",
  "code" : 0,
  "result" : {
    "data" : [ {
      "d" : "1756452736444304557",
      "t" : 1756452736444,
      "tn" : 1756452736444304557,
      "q" : "2522",
      "p" : "0.03963",
      "s" : "buy",
      "i" : "CHZ_USDT",
      "m" : "4611686018431518256"
    }, {
      "d" : "1756451473137605622",
      "t" : 1756451473137,
      "tn" : 1756451473137605622,
      "q" : "2522",
      "p" : "0.03964",
      "s" : "sell",
      "i" : "CHZ_USDT",
      "m" : "4611686018431518255"
    }, {
      "d" : "1756439223483022024",
      "t" : 1756439223483,
      "tn" : 1756439223483022022,
      "q" : "395",
      "p" : "0.04067",
      "s" : "buy",
      "i" : "CHZ_USDT",
      "m" : "4611686018431518254"
    }, {
      "d" : "1756439223483022023",
      "t" : 1756439223483,
      "tn" : 1756439223483022022,
      "q" : "4916",
      "p" : "0.04067",
      "s" : "buy",
      "i" : "CHZ_USDT",
      "m" : "4611686018431518254"
    }, {
      "d" : "1756439223483022022",
      "t" : 1756439223483,
      "tn" : 1756439223483022022,
      "q" : "6146",
      "p" : "0.04067",
      "s" : "buy",
      "i" : "CHZ_USDT",
      "m" : "4611686018431518254"
    }, {
      "d" : "1756439219513100519",
      "t" : 1756439219513,
      "tn" : 1756439219513100519,
      "q" : "851",
      "p" : "0.04064",
      "s" : "sell",
      "i" : "CHZ_USDT",
      "m" : "4611686018431518253"
    }, {
      "d" : "1756439219393081688",
      "t" : 1756439219393,
      "tn" : 1756439219393081688,
      "q" : "2461",
      "p" : "0.04064",
      "s" : "sell",
      "i" : "CHZ_USDT",
      "m" : "4611686018431518252"
    }, {
      "d" : "1756439219291320736",
      "t" : 1756439219291,
      "tn" : 1756439219291320736,
      "q" : "2461",
      "p" : "0.04064",
      "s" : "sell",
      "i" : "CHZ_USDT",
      "m" : "4611686018431518251"
    }, {
      "d" : "1756439219283150246",
      "t" : 1756439219283,
      "tn" : 1756439219283150245,
      "q" : "9696",
      "p" : "0.04064",
      "s" : "buy",
      "i" : "CHZ_USDT",
      "m" : "4611686018431518250"
    }, {
      "d" : "1756439219283150245",
      "t" : 1756439219283,
      "tn" : 1756439219283150245,
      "q" : "4920",
      "p" : "0.04064",
      "s" : "buy",
      "i" : "CHZ_USDT",
      "m" : "4611686018431518250"
    }, {
      "d" : "1756438411942360111",
      "t" : 1756438411942,
      "tn" : 1756438411942360111,
      "q" : "2521",
      "p" : "0.04059",
      "s" : "sell",
      "i" : "CHZ_USDT",
      "m" : "4611686018431518249"
    }, {
      "d" : "1756436687553875105",
      "t" : 1756436687553,
      "tn" : 1756436687553875105,
      "q" : "1168",
      "p" : "0.04064",
      "s" : "buy",
      "i" : "CHZ_USDT",
      "m" : "4611686018431518248"
    }, {
      "d" : "1756432679658088995",
      "t" : 1756432679658,
      "tn" : 1756432679658088994,
      "q" : "73",
      "p" : "0.04039",
      "s" : "sell",
      "i" : "CHZ_USDT",
      "m" : "4611686018431518247"
    }, {
      "d" : "1756432679658088994",
      "t" : 1756432679658,
      "tn" : 1756432679658088994,
      "q" : "4951",
      "p" : "0.04039",
      "s" : "sell",
      "i" : "CHZ_USDT",
      "m" : "4611686018431518247"
    }, {
      "d" : "1756425983926544622",
      "t" : 1756425983926,
      "tn" : 1756425983926544622,
      "q" : "4114",
      "p" : "0.04102",
      "s" : "sell",
      "i" : "CHZ_USDT",
      "m" : "4611686018431518246"
    }, {
      "d" : "1756425491567007176",
      "t" : 1756425491567,
      "tn" : 1756425491567007176,
      "q" : "1219",
      "p" : "0.04100",
      "s" : "buy",
      "i" : "CHZ_USDT",
      "m" : "4611686018431518245"
    }, {
      "d" : "1756424887046377775",
      "t" : 1756424887046,
      "tn" : 1756424887046377775,
      "q" : "4318",
      "p" : "0.04095",
      "s" : "buy",
      "i" : "CHZ_USDT",
      "m" : "4611686018431518244"
    }, {
      "d" : "1756424883683901199",
      "t" : 1756424883683,
      "tn" : 1756424883683901199,
      "q" : "4865",
      "p" : "0.04094",
      "s" : "buy",
      "i" : "CHZ_USDT",
      "m" : "4611686018431518243"
    }, {
      "d" : "1756401660028620230",
      "t" : 1756401660028,
      "tn" : 1756401660028620230,
      "q" : "1025",
      "p" : "0.03985",
      "s" : "buy",
      "i" : "CHZ_USDT",
      "m" : "4611686018431518242"
    }, {
      "d" : "1756401659878037577",
      "t" : 1756401659878,
      "tn" : 1756401659878037577,
      "q" : "2507",
      "p" : "0.03985",
      "s" : "buy",
      "i" : "CHZ_USDT",
      "m" : "4611686018431518241"
    }, {
      "d" : "1756401654860258718",
      "t" : 1756401654860,
      "tn" : 1756401654860258718,
      "q" : "2507",
      "p" : "0.03985",
      "s" : "buy",
      "i" : "CHZ_USDT",
      "m" : "4611686018431518240"
    }, {
      "d" : "1756401654555575706",
      "t" : 1756401654555,
      "tn" : 1756401654555575706,
      "q" : "2507",
      "p" : "0.03985",
      "s" : "buy",
      "i" : "CHZ_USDT",
      "m" : "4611686018431518239"
    }, {
      "d" : "1756401654370407065",
      "t" : 1756401654370,
      "tn" : 1756401654370407065,
      "q" : "2507",
      "p" : "0.03985",
      "s" : "buy",
      "i" : "CHZ_USDT",
      "m" : "4611686018431518238"
    }, {
      "d" : "1756401614318666068",
      "t" : 1756401614318,
      "tn" : 1756401614318666068,
      "q" : "2508",
      "p" : "0.03984",
      "s" : "buy",
      "i" : "CHZ_USDT",
      "m" : "4611686018431518237"
    }, {
      "d" : "1756401609055649365",
      "t" : 1756401609055,
      "tn" : 1756401609055649365,
      "q" : "3166",
      "p" : "0.03984",
      "s" : "buy",
      "i" : "CHZ_USDT",
      "m" : "4611686018431518236"
    }, {
      "d" : "1756401568133524435",
      "t" : 1756401568133,
      "tn" : 1756401568133524435,
      "q" : "13695",
      "p" : "0.03995",
      "s" : "sell",
      "i" : "CHZ_USDT",
      "m" : "4611686018431518235"
    }, {
      "d" : "1756401568133088806",
      "t" : 1756401568133,
      "tn" : 1756401568133088806,
      "q" : "2507",
      "p" : "0.03995",
      "s" : "sell",
      "i" : "CHZ_USDT",
      "m" : "4611686018431518234"
    }, {
      "d" : "1756401568127154406",
      "t" : 1756401568127,
      "tn" : 1756401568127154406,
      "q" : "530",
      "p" : "0.03995",
      "s" : "buy",
      "i" : "CHZ_USDT",
      "m" : "4611686018431518233"
    }, {
      "d" : "1756401568125207181",
      "t" : 1756401568125,
      "tn" : 1756401568125207180,
      "q" : "6950",
      "p" : "0.03995",
      "s" : "buy",
      "i" : "CHZ_USDT",
      "m" : "4611686018431518232"
    }, {
      "d" : "1756401568125207180",
      "t" : 1756401568125,
      "tn" : 1756401568125207180,
      "q" : "9778",
      "p" : "0.03995",
      "s" : "buy",
      "i" : "CHZ_USDT",
      "m" : "4611686018431518232"
    }, {
      "d" : "1756400981873077086",
      "t" : 1756400981873,
      "tn" : 1756400981873077086,
      "q" : "66",
      "p" : "0.03983",
      "s" : "buy",
      "i" : "CHZ_USDT",
      "m" : "4611686018431518231"
    }, {
      "d" : "1756400772531037476",
      "t" : 1756400772531,
      "tn" : 1756400772531037476,
      "q" : "76",
      "p" : "0.03978",
      "s" : "sell",
      "i" : "CHZ_USDT",
      "m" : "4611686018431518230"
    }, {
      "d" : "1756400772531035705",
      "t" : 1756400772531,
      "tn" : 1756400772531035705,
      "q" : "5024",
      "p" : "0.03980",
      "s" : "sell",
      "i" : "CHZ_USDT",
      "m" : "4611686018431518229"
    }, {
      "d" : "1756400371031183014",
      "t" : 1756400371031,
      "tn" : 1756400371031183014,
      "q" : "5028",
      "p" : "0.03978",
      "s" : "sell",
      "i" : "CHZ_USDT",
      "m" : "4611686018431518228"
    }, {
      "d" : "1756400367015992365",
      "t" : 1756400367015,
      "tn" : 1756400367015992365,
      "q" : "4340",
      "p" : "0.03981",
      "s" : "sell",
      "i" : "CHZ_USDT",
      "m" : "4611686018431518227"
    }, {
      "d" : "1756393247479265324",
      "t" : 1756393247479,
      "tn" : 1756393247479265324,
      "q" : "242",
      "p" : "0.04065",
      "s" : "sell",
      "i" : "CHZ_USDT",
      "m" : "4611686018431518226"
    }, {
      "d" : "1756392604818956439",
      "t" : 1756392604818,
      "tn" : 1756392604818956439,
      "q" : "1662",
      "p" : "0.04060",
      "s" : "buy",
      "i" : "CHZ_USDT",
      "m" : "4611686018431518225"
    }, {
      "d" : "1756392424176888484",
      "t" : 1756392424176,
      "tn" : 1756392424176888484,
      "q" : "4930",
      "p" : "0.04058",
      "s" : "buy",
      "i" : "CHZ_USDT",
      "m" : "4611686018431518224"
    }, {
      "d" : "1756391847546114219",
      "t" : 1756391847546,
      "tn" : 1756391847546114218,
      "q" : "104",
      "p" : "0.04042",
      "s" : "sell",
      "i" : "CHZ_USDT",
      "m" : "4611686018431518223"
    }, {
      "d" : "1756391847546114218",
      "t" : 1756391847546,
      "tn" : 1756391847546114218,
      "q" : "4947",
      "p" : "0.04042",
      "s" : "sell",
      "i" : "CHZ_USDT",
      "m" : "4611686018431518223"
    }, {
      "d" : "1756390210350906254",
      "t" : 1756390210350,
      "tn" : 1756390210350906254,
      "q" : "1662",
      "p" : "0.04034",
      "s" : "sell",
      "i" : "CHZ_USDT",
      "m" : "4611686018431518222"
    }, {
      "d" : "1756384290357906717",
      "t" : 1756384290357,
      "tn" : 1756384290357906717,
      "q" : "4978",
      "p" : "0.04021",
      "s" : "buy",
      "i" : "CHZ_USDT",
      "m" : "4611686018431518221"
    }, {
      "d" : "1756383500212195609",
      "t" : 1756383500212,
      "tn" : 1756383500212195609,
      "q" : "45",
      "p" : "0.04011",
      "s" : "sell",
      "i" : "CHZ_USDT",
      "m" : "4611686018431518220"
    } ]
  }
}