{
  "id" : -1,
  "method" : "public/get-trades",
  "code" : 0,
  "result" : {
    "data" : [ {
      "d" : "1756460212934947876",
      "t" : 1756460212934,
      "tn" : 1756460212934947876,
      "q" : "770",
      "p" : "0.03897",
      "s" : "buy",
      "i" : "CHZ_USD",
      "m" : "4611686018430384506"
    }, {
      "d" : "1756460073258893831",
      "t" : 1756460073258,
      "tn" : 1756460073258893831,
      "q" : "665",
      "p" : "0.03906",
      "s" : "sell",
      "i" : "CHZ_USD",
      "m" : "4611686018430384505"
    }, {
      "d" : "1756459122541142952",
      "t" : 1756459122541,
      "tn" : 1756459122541142952,
      "q" : "540",
      "p" : "0.03898",
      "s" : "buy",
      "i" : "CHZ_USD",
      "m" : "4611686018430384504"
    }, {
      "d" : "1756459086242534237",
      "t" : 1756459086242,
      "tn" : 1756459086242534237,
      "q" : "1001",
      "p" : "0.03891",
      "s" : "buy",
      "i" : "CHZ_USD",
      "m" : "4611686018430384503"
    }, {
      "d" : "1756459026560065063",
      "t" : 1756459026560,
      "tn" : 1756459026560065063,
      "q" : "66",
      "p" : "0.03893",
      "s" : "buy",
      "i" : "CHZ_USD",
      "m" : "4611686018430384502"
    }, {
      "d" : "1756456697034151435",
      "t" : 1756456697034,
      "tn" : 1756456697034151435,
      "q" : "600",
      "p" : "0.03922",
      "s" : "buy",
      "i" : "CHZ_USD",
      "m" : "4611686018430384501"
    }, {
      "d" : "1756453056756980283",
      "t" : 1756453056756,
      "tn" : 1756453056756980283,
      "q" : "198",
      "p" : "0.03957",
      "s" : "sell",
      "i" : "CHZ_USD",
      "m" : "4611686018430384500"
    }, {
      "d" : "1756452830873133753",
      "t" : 1756452830873,
      "tn" : 1756452830873133753,
      "q" : "74",
      "p" : "0.03954",
      "s" : "buy",
      "i" : "CHZ_USD",
      "m" : "4611686018430384499"
    }, {
      "d" : "1756452048685753776",
      "t" : 1756452048685,
      "tn" : 1756452048685753776,
      "q" : "368",
      "p" : "0.03959",
      "s" : "sell",
      "i" : "CHZ_USD",
      "m" : "4611686018430384498"
    }, {
      "d" : "1756451954094616433",
      "t" : 1756451954094,
      "tn" : 1756451954094616433,
      "q" : "2517",
      "p" : "0.03952",
      "s" : "buy",
      "i" : "CHZ_USD",
      "m" : "4611686018430384497"
    }, {
      "d" : "1756451432721106488",
      "t" : 1756451432721,
      "tn" : 1756451432721106488,
      "q" : "354",
      "p" : "0.03972",
      "s" : "sell",
      "i" : "CHZ_USD",
      "m" : "4611686018430384496"
    }, {
      "d" : "1756451432721054587",
      "t" : 1756451432721,
      "tn" : 1756451432721054587,
      "q" : "2163",
      "p" : "0.03972",
      "s" : "sell",
      "i" : "CHZ_USD",
      "m" : "4611686018430384495"
    }, {
      "d" : "1756451050484124260",
      "t" : 1756451050484,
      "tn" : 1756451050484124260,
      "q" : "2505",
      "p" : "0.03990",
      "s" : "buy",
      "i" : "CHZ_USD",
      "m" : "4611686018430384494"
    }, {
      "d" : "1756451049904666829",
      "t" : 1756451049904,
      "tn" : 1756451049904666829,
      "q" : "2505",
      "p" : "0.03990",
      "s" : "buy",
      "i" : "CHZ_USD",
      "m" : "4611686018430384493"
    }, {
      "d" : "1756451049760806805",
      "t" : 1756451049760,
      "tn" : 1756451049760806805,
      "q" : "2505",
      "p" : "0.03990",
      "s" : "buy",
      "i" : "CHZ_USD",
      "m" : "4611686018430384492"
    }, {
      "d" : "1756451049596086980",
      "t" : 1756451049596,
      "tn" : 1756451049596086980,
      "q" : "2505",
      "p" : "0.03990",
      "s" : "buy",
      "i" : "CHZ_USD",
      "m" : "4611686018430384491"
    }, {
      "d" : "1756451045669415872",
      "t" : 1756451045669,
      "tn" : 1756451045669415872,
      "q" : "2505",
      "p" : "0.03990",
      "s" : "buy",
      "i" : "CHZ_USD",
      "m" : "4611686018430384490"
    }, {
      "d" : "1756451043839079933",
      "t" : 1756451043839,
      "tn" : 1756451043839079933,
      "q" : "2460",
      "p" : "0.03989",
      "s" : "buy",
      "i" : "CHZ_USD",
      "m" : "4611686018430384489"
    }, {
      "d" : "1756450975126336542",
      "t" : 1756450975126,
      "tn" : 1756450975126336542,
      "q" : "378",
      "p" : "0.03976",
      "s" : "sell",
      "i" : "CHZ_USD",
      "m" : "4611686018430384488"
    }, {
      "d" : "1756450711756989250",
      "t" : 1756450711756,
      "tn" : 1756450711756989250,
      "q" : "345",
      "p" : "0.04002",
      "s" : "buy",
      "i" : "CHZ_USD",
      "m" : "4611686018430384487"
    }, {
      "d" : "1756449611370071915",
      "t" : 1756449611370,
      "tn" : 1756449611370071915,
      "q" : "19844",
      "p" : "0.04004",
      "s" : "sell",
      "i" : "CHZ_USD",
      "m" : "4611686018430384486"
    }, {
      "d" : "1756449611028948424",
      "t" : 1756449611028,
      "tn" : 1756449611028948424,
      "q" : "2498",
      "p" : "0.04004",
      "s" : "sell",
      "i" : "CHZ_USD",
      "m" : "4611686018430384485"
    }, {
      "d" : "1756449610926897654",
      "t" : 1756449610926,
      "tn" : 1756449610926897654,
      "q" : "2498",
      "p" : "0.04004",
      "s" : "sell",
      "i" : "CHZ_USD",
      "m" : "4611686018430384484"
    }, {
      "d" : "1756444674280087167",
      "t" : 1756444674280,
      "tn" : 1756444674280087167,
      "q" : "124",
      "p" : "0.04027",
      "s" : "buy",
      "i" : "CHZ_USD",
      "m" : "4611686018430384483"
    }, {
      "d" : "1756444314161786018",
      "t" : 1756444314161,
      "tn" : 1756444314161786018,
      "q" : "2000",
      "p" : "0.04035",
      "s" : "buy",
      "i" : "CHZ_USD",
      "m" : "4611686018430384482"
    }, {
      "d" : "1756443087039123937",
      "t" : 1756443087039,
      "tn" : 1756443087039123937,
      "q" : "1202",
      "p" : "0.04059",
      "s" : "sell",
      "i" : "CHZ_USD",
      "m" : "4611686018430384481"
    }, {
      "d" : "1756440299941444388",
      "t" : 1756440299941,
      "tn" : 1756440299941444388,
      "q" : "1725",
      "p" : "0.04060",
      "s" : "sell",
      "i" : "CHZ_USD",
      "m" : "4611686018430384480"
    }, {
      "d" : "1756439428576499114",
      "t" : 1756439428576,
      "tn" : 1756439428576499114,
      "q" : "42",
      "p" : "0.04065",
      "s" : "buy",
      "i" : "CHZ_USD",
      "m" : "4611686018430384479"
    }, {
      "d" : "1756439329087009819",
      "t" : 1756439329087,
      "tn" : 1756439329087009819,
      "q" : "2460",
      "p" : "0.04065",
      "s" : "sell",
      "i" : "CHZ_USD",
      "m" : "4611686018430384478"
    }, {
      "d" : "1756439223484156472",
      "t" : 1756439223484,
      "tn" : 1756439223484156472,
      "q" : "1",
      "p" : "0.04072",
      "s" : "sell",
      "i" : "CHZ_USD",
      "m" : "4611686018430384477"
    }, {
      "d" : "1756439223483778100",
      "t" : 1756439223483,
      "tn" : 1756439223483778100,
      "q" : "11454",
      "p" : "0.04072",
      "s" : "sell",
      "i" : "CHZ_USD",
      "m" : "4611686018430384476"
    }, {
      "d" : "1756439221415521746",
      "t" : 1756439221415,
      "tn" : 1756439221415521746,
      "q" : "24538",
      "p" : "0.04072",
      "s" : "sell",
      "i" : "CHZ_USD",
      "m" : "4611686018430384475"
    }, {
      "d" : "1756439221415137464",
      "t" : 1756439221415,
      "tn" : 1756439221415137464,
      "q" : "2462",
      "p" : "0.04072",
      "s" : "sell",
      "i" : "CHZ_USD",
      "m" : "4611686018430384474"
    }, {
      "d" : "1756439219286612916",
      "t" : 1756439219286,
      "tn" : 1756439219286612916,
      "q" : "370",
      "p" : "0.04073",
      "s" : "sell",
      "i" : "CHZ_USD",
      "m" : "4611686018430384473"
    }, {
      "d" : "1756439219285208454",
      "t" : 1756439219285,
      "tn" : 1756439219285208454,
      "q" : "2461",
      "p" : "0.04073",
      "s" : "sell",
      "i" : "CHZ_USD",
      "m" : "4611686018430384472"
    }, {
      "d" : "1756439219284522374",
      "t" : 1756439219284,
      "tn" : 1756439219284522374,
      "q" : "14612",
      "p" : "0.04073",
      "s" : "sell",
      "i" : "CHZ_USD",
      "m" : "4611686018430384471"
    }, {
      "d" : "1756439219283643498",
      "t" : 1756439219283,
      "tn" : 1756439219283643498,
      "q" : "3784",
      "p" : "0.04073",
      "s" : "sell",
      "i" : "CHZ_USD",
      "m" : "4611686018430384470"
    }, {
      "d" : "1756439219283438797",
      "t" : 1756439219283,
      "tn" : 1756439219283438797,
      "q" : "5773",
      "p" : "0.04073",
      "s" : "sell",
      "i" : "CHZ_USD",
      "m" : "4611686018430384469"
    }, {
      "d" : "1756438790074882267",
      "t" : 1756438790074,
      "tn" : 1756438790074882267,
      "q" : "141",
      "p" : "0.04070",
      "s" : "buy",
      "i" : "CHZ_USD",
      "m" : "4611686018430384468"
    }, {
      "d" : "1756437922085920508",
      "t" : 1756437922085,
      "tn" : 1756437922085920508,
      "q" : "1000",
      "p" : "0.04057",
      "s" : "buy",
      "i" : "CHZ_USD",
      "m" : "4611686018430384467"
    }, {
      "d" : "1756436747926105085",
      "t" : 1756436747926,
      "tn" : 1756436747926105085,
      "q" : "1163",
      "p" : "0.04059",
      "s" : "sell",
      "i" : "CHZ_USD",
      "m" : "4611686018430384466"
    }, {
      "d" : "1756436687552760364",
      "t" : 1756436687552,
      "tn" : 1756436687552760364,
      "q" : "1167",
      "p" : "0.04069",
      "s" : "sell",
      "i" : "CHZ_USD",
      "m" : "4611686018430384465"
    }, {
      "d" : "1756436628106161717",
      "t" : 1756436628106,
      "tn" : 1756436628106161717,
      "q" : "1168",
      "p" : "0.04066",
      "s" : "sell",
      "i" : "CHZ_USD",
      "m" : "4611686018430384464"
    }, {
      "d" : "1756436567341480377",
      "t" : 1756436567341,
      "tn" : 1756436567341480377,
      "q" : "1167",
      "p" : "0.04076",
      "s" : "sell",
      "i" : "CHZ_USD",
      "m" : "4611686018430384463"
    }, {
      "d" : "1756436510229046486",
      "t" : 1756436510229,
      "tn" : 1756436510229046486,
      "q" : "1173",
      "p" : "0.04073",
      "s" : "sell",
      "i" : "CHZ_USD",
      "m" : "4611686018430384462"
    }, {
      "d" : "1756435945646262838",
      "t" : 1756435945646,
      "tn" : 1756435945646262838,
      "q" : "1745",
      "p" : "0.04061",
      "s" : "buy",
      "i" : "CHZ_USD",
      "m" : "4611686018430384461"
    }, {
      "d" : "1756435945432693551",
      "t" : 1756435945432,
      "tn" : 1756435945432693551,
      "q" : "2461",
      "p" : "0.04061",
      "s" : "buy",
      "i" : "CHZ_USD",
      "m" : "4611686018430384460"
    }, {
      "d" : "1756435945305864351",
      "t" : 1756435945305,
      "tn" : 1756435945305864351,
      "q" : "2461",
      "p" : "0.04061",
      "s" : "buy",
      "i" : "CHZ_USD",
      "m" : "4611686018430384459"
    }, {
      "d" : "1756435945205642685",
      "t" : 1756435945205,
      "tn" : 1756435945205642685,
      "q" : "2461",
      "p" : "0.04061",
      "s" : "buy",
      "i" : "CHZ_USD",
      "m" : "4611686018430384458"
    }, {
      "d" : "1756435945012064629",
      "t" : 1756435945012,
      "tn" : 1756435945012064629,
      "q" : "2461",
      "p" : "0.04061",
      "s" : "buy",
      "i" : "CHZ_USD",
      "m" : "4611686018430384457"
    }, {
      "d" : "1756435944105433179",
      "t" : 1756435944105,
      "tn" : 1756435944105433179,
      "q" : "2461",
      "p" : "0.04061",
      "s" : "buy",
      "i" : "CHZ_USD",
      "m" : "4611686018430384456"
    }, {
      "d" : "1756435943935524813",
      "t" : 1756435943935,
      "tn" : 1756435943935524813,
      "q" : "2461",
      "p" : "0.04061",
      "s" : "buy",
      "i" : "CHZ_USD",
      "m" : "4611686018430384455"
    }, {
      "d" : "1756435943661991907",
      "t" : 1756435943661,
      "tn" : 1756435943661991907,
      "q" : "2461",
      "p" : "0.04061",
      "s" : "buy",
      "i" : "CHZ_USD",
      "m" : "4611686018430384454"
    }, {
      "d" : "1756435776085423541",
      "t" : 1756435776085,
      "tn" : 1756435776085423541,
      "q" : "2441",
      "p" : "0.04059",
      "s" : "buy",
      "i" : "CHZ_USD",
      "m" : "4611686018430384453"
    }, {
      "d" : "1756433651486786587",
      "t" : 1756433651486,
      "tn" : 1756433651486786587,
      "q" : "374",
      "p" : "0.04057",
      "s" : "buy",
      "i" : "CHZ_USD",
      "m" : "4611686018430384452"
    }, {
      "d" : "1756432088614092099",
      "t" : 1756432088614,
      "tn" : 1756432088614092099,
      "q" : "1150",
      "p" : "0.04033",
      "s" : "buy",
      "i" : "CHZ_USD",
      "m" : "4611686018430384451"
    }, {
      "d" : "1756429023593792470",
      "t" : 1756429023593,
      "tn" : 1756429023593792470,
      "q" : "66",
      "p" : "0.04066",
      "s" : "buy",
      "i" : "CHZ_USD",
      "m" : "4611686018430384450"
    }, {
      "d" : "1756427029654904630",
      "t" : 1756427029654,
      "tn" : 1756427029654904630,
      "q" : "123",
      "p" : "0.04090",
      "s" : "buy",
      "i" : "CHZ_USD",
      "m" : "4611686018430384449"
    }, {
      "d" : "1756426000972179759",
      "t" : 1756426000972,
      "tn" : 1756426000972179758,
      "q" : "2440",
      "p" : "0.04098",
      "s" : "sell",
      "i" : "CHZ_USD",
      "m" : "4611686018430384448"
    }, {
      "d" : "1756426000972179758",
      "t" : 1756426000972,
      "tn" : 1756426000972179758,
      "q" : "22380",
      "p" : "0.04098",
      "s" : "sell",
      "i" : "CHZ_USD",
      "m" : "4611686018430384448"
    }, {
      "d" : "1756425681159907768",
      "t" : 1756425681159,
      "tn" : 1756425681159907768,
      "q" : "23875",
      "p" : "0.04119",
      "s" : "buy",
      "i" : "CHZ_USD",
      "m" : "4611686018430384447"
    }, {
      "d" : "1756425681157836417",
      "t" : 1756425681157,
      "tn" : 1756425681157836417,
      "q" : "26426",
      "p" : "0.04117",
      "s" : "buy",
      "i" : "CHZ_USD",
      "m" : "4611686018430384446"
    }, {
      "d" : "1756425629616021801",
      "t" : 1756425629616,
      "tn" : 1756425629616021801,
      "q" : "85",
      "p" : "0.04115",
      "s" : "sell",
      "i" : "CHZ_USD",
      "m" : "4611686018430384445"
    }, {
      "d" : "1756424887046415094",
      "t" : 1756424887046,
      "tn" : 1756424887046415094,
      "q" : "30",
      "p" : "0.04096",
      "s" : "buy",
      "i" : "CHZ_USD",
      "m" : "4611686018430384444"
    }, {
      "d" : "1756422592054328079",
      "t" : 1756422592054,
      "tn" : 1756422592054328079,
      "q" : "105",
      "p" : "0.04091",
      "s" : "sell",
      "i" : "CHZ_USD",
      "m" : "4611686018430384443"
    }, {
      "d" : "1756422563528295514",
      "t" : 1756422563528,
      "tn" : 1756422563528295514,
      "q" : "1729",
      "p" : "0.04094",
      "s" : "buy",
      "i" : "CHZ_USD",
      "m" : "4611686018430384442"
    }, {
      "d" : "1756422428174509177",
      "t" : 1756422428174,
      "tn" : 1756422428174509177,
      "q" : "1731",
      "p" : "0.04091",
      "s" : "buy",
      "i" : "CHZ_USD",
      "m" : "4611686018430384441"
    }, {
      "d" : "1756422157035336536",
      "t" : 1756422157035,
      "tn" : 1756422157035336536,
      "q" : "1733",
      "p" : "0.04095",
      "s" : "buy",
      "i" : "CHZ_USD",
      "m" : "4611686018430384440"
    }, {
      "d" : "1756420377226073472",
      "t" : 1756420377226,
      "tn" : 1756420377226073472,
      "q" : "100",
      "p" : "0.04077",
      "s" : "buy",
      "i" : "CHZ_USD",
      "m" : "4611686018430384439"
    }, {
      "d" : "1756418678855609474",
      "t" : 1756418678855,
      "tn" : 1756418678855609474,
      "q" : "1735",
      "p" : "0.04060",
      "s" : "buy",
      "i" : "CHZ_USD",
      "m" : "4611686018430384438"
    }, {
      "d" : "1756418373800970303",
      "t" : 1756418373800,
      "tn" : 1756418373800970303,
      "q" : "150",
      "p" : "0.04044",
      "s" : "buy",
      "i" : "CHZ_USD",
      "m" : "4611686018430384437"
    }, {
      "d" : "1756418018939651122",
      "t" : 1756418018939,
      "tn" : 1756418018939651122,
      "q" : "105",
      "p" : "0.04040",
      "s" : "buy",
      "i" : "CHZ_USD",
      "m" : "4611686018430384436"
    }, {
      "d" : "1756417107986136872",
      "t" : 1756417107986,
      "tn" : 1756417107986136872,
      "q" : "1737",
      "p" : "0.04037",
      "s" : "buy",
      "i" : "CHZ_USD",
      "m" : "4611686018430384435"
    }, {
      "d" : "1756415657199097549",
      "t" : 1756415657199,
      "tn" : 1756415657199097549,
      "q" : "319",
      "p" : "0.04020",
      "s" : "sell",
      "i" : "CHZ_USD",
      "m" : "4611686018430384434"
    }, {
      "d" : "1756414867958887055",
      "t" : 1756414867958,
      "tn" : 1756414867958887055,
      "q" : "231",
      "p" : "0.04012",
      "s" : "buy",
      "i" : "CHZ_USD",
      "m" : "4611686018430384433"
    }, {
      "d" : "1756414033503965469",
      "t" : 1756414033503,
      "tn" : 1756414033503965469,
      "q" : "23023",
      "p" : "0.04019",
      "s" : "sell",
      "i" : "CHZ_USD",
      "m" : "4611686018430384432"
    }, {
      "d" : "1756412133729189891",
      "t" : 1756412133729,
      "tn" : 1756412133729189891,
      "q" : "24867",
      "p" : "0.04003",
      "s" : "buy",
      "i" : "CHZ_USD",
      "m" : "4611686018430384431"
    }, {
      "d" : "1756412127815934778",
      "t" : 1756412127815,
      "tn" : 1756412127815934778,
      "q" : "5746",
      "p" : "0.04006",
      "s" : "buy",
      "i" : "CHZ_USD",
      "m" : "4611686018430384430"
    }, {
      "d" : "1756412127815061955",
      "t" : 1756412127815,
      "tn" : 1756412127815061955,
      "q" : "6593",
      "p" : "0.04006",
      "s" : "buy",
      "i" : "CHZ_USD",
      "m" : "4611686018430384429"
    }, {
      "d" : "1756412127814912136",
      "t" : 1756412127814,
      "tn" : 1756412127814912136,
      "q" : "7462",
      "p" : "0.04006",
      "s" : "buy",
      "i" : "CHZ_USD",
      "m" : "4611686018430384428"
    }, {
      "d" : "1756412127814807382",
      "t" : 1756412127814,
      "tn" : 1756412127814807382,
      "q" : "7199",
      "p" : "0.04006",
      "s" : "buy",
      "i" : "CHZ_USD",
      "m" : "4611686018430384427"
    }, {
      "d" : "1756412121767597823",
      "t" : 1756412121767,
      "tn" : 1756412121767597823,
      "q" : "27000",
      "p" : "0.04002",
      "s" : "buy",
      "i" : "CHZ_USD",
      "m" : "4611686018430384426"
    }, {
      "d" : "1756412119726369108",
      "t" : 1756412119726,
      "tn" : 1756412119726369108,
      "q" : "27000",
      "p" : "0.04004",
      "s" : "buy",
      "i" : "CHZ_USD",
      "m" : "4611686018430384425"
    }, {
      "d" : "1756410878511500932",
      "t" : 1756410878511,
      "tn" : 1756410878511500932,
      "q" : "6326",
      "p" : "0.04024",
      "s" : "sell",
      "i" : "CHZ_USD",
      "m" : "4611686018430384424"
    }, {
      "d" : "1756410878511474121",
      "t" : 1756410878511,
      "tn" : 1756410878511474121,
      "q" : "12425",
      "p" : "0.04024",
      "s" : "sell",
      "i" : "CHZ_USD",
      "m" : "4611686018430384423"
    }, {
      "d" : "1756410873305834335",
      "t" : 1756410873305,
      "tn" : 1756410873305834335,
      "q" : "2171",
      "p" : "0.04023",
      "s" : "sell",
      "i" : "CHZ_USD",
      "m" : "4611686018430384422"
    }, {
      "d" : "1756410873304752640",
      "t" : 1756410873304,
      "tn" : 1756410873304752640,
      "q" : "16637",
      "p" : "0.04023",
      "s" : "sell",
      "i" : "CHZ_USD",
      "m" : "4611686018430384421"
    }, {
      "d" : "1756410873304744727",
      "t" : 1756410873304,
      "tn" : 1756410873304744727,
      "q" : "8192",
      "p" : "0.04023",
      "s" : "sell",
      "i" : "CHZ_USD",
      "m" : "4611686018430384420"
    }, {
      "d" : "1756410872162174261",
      "t" : 1756410872162,
      "tn" : 1756410872162174261,
      "q" : "6038",
      "p" : "0.04023",
      "s" : "sell",
      "i" : "CHZ_USD",
      "m" : "4611686018430384419"
    }, {
      "d" : "1756410872161982165",
      "t" : 1756410872161,
      "tn" : 1756410872161982165,
      "q" : "13499",
      "p" : "0.04023",
      "s" : "sell",
      "i" : "CHZ_USD",
      "m" : "4611686018430384418"
    }, {
      "d" : "1756410872160825166",
      "t" : 1756410872160,
      "tn" : 1756410872160825166,
      "q" : "4972",
      "p" : "0.04023",
      "s" : "sell",
      "i" : "CHZ_USD",
      "m" : "4611686018430384417"
    }, {
      "d" : "1756410872159939074",
      "t" : 1756410872159,
      "tn" : 1756410872159939074,
      "q" : "2491",
      "p" : "0.04023",
      "s" : "sell",
      "i" : "CHZ_USD",
      "m" : "4611686018430384416"
    }, {
      "d" : "1756410869937803114",
      "t" : 1756410869937,
      "tn" : 1756410869937803114,
      "q" : "27000",
      "p" : "0.04018",
      "s" : "sell",
      "i" : "CHZ_USD",
      "m" : "4611686018430384415"
    }, {
      "d" : "1756410867756497748",
      "t" : 1756410867756,
      "tn" : 1756410867756497748,
      "q" : "3677",
      "p" : "0.04023",
      "s" : "sell",
      "i" : "CHZ_USD",
      "m" : "4611686018430384414"
    }, {
      "d" : "1756410867756490355",
      "t" : 1756410867756,
      "tn" : 1756410867756490355,
      "q" : "12429",
      "p" : "0.04023",
      "s" : "sell",
      "i" : "CHZ_USD",
      "m" : "4611686018430384413"
    }, {
      "d" : "1756410867755768562",
      "t" : 1756410867755,
      "tn" : 1756410867755768562,
      "q" : "4973",
      "p" : "0.04023",
      "s" : "sell",
      "i" : "CHZ_USD",
      "m" : "4611686018430384412"
    }, {
      "d" : "1756410867754928152",
      "t" : 1756410867754,
      "tn" : 1756410867754928152,
      "q" : "2491",
      "p" : "0.04023",
      "s" : "sell",
      "i" : "CHZ_USD",
      "m" : "4611686018430384411"
    }, {
      "d" : "1756410867754377083",
      "t" : 1756410867754,
      "tn" : 1756410867754377083,
      "q" : "3430",
      "p" : "0.04023",
      "s" : "sell",
      "i" : "CHZ_USD",
      "m" : "4611686018430384410"
    }, {
      "d" : "1756410866678196135",
      "t" : 1756410866678,
      "tn" : 1756410866678196135,
      "q" : "1028",
      "p" : "0.04018",
      "s" : "sell",
      "i" : "CHZ_USD",
      "m" : "4611686018430384409"
    }, {
      "d" : "1756410866519442934",
      "t" : 1756410866519,
      "tn" : 1756410866519442934,
      "q" : "2491",
      "p" : "0.04018",
      "s" : "sell",
      "i" : "CHZ_USD",
      "m" : "4611686018430384408"
    }, {
      "d" : "1756410866417046364",
      "t" : 1756410866417,
      "tn" : 1756410866417046364,
      "q" : "2491",
      "p" : "0.04018",
      "s" : "sell",
      "i" : "CHZ_USD",
      "m" : "4611686018430384407"
    }, {
      "d" : "1756410866416849127",
      "t" : 1756410866416,
      "tn" : 1756410866416849127,
      "q" : "9559",
      "p" : "0.04018",
      "s" : "sell",
      "i" : "CHZ_USD",
      "m" : "4611686018430384406"
    }, {
      "d" : "1756410866416789700",
      "t" : 1756410866416,
      "tn" : 1756410866416789700,
      "q" : "11431",
      "p" : "0.04018",
      "s" : "sell",
      "i" : "CHZ_USD",
      "m" : "4611686018430384405"
    }, {
      "d" : "1756410864490571211",
      "t" : 1756410864490,
      "tn" : 1756410864490571211,
      "q" : "24121",
      "p" : "0.04018",
      "s" : "sell",
      "i" : "CHZ_USD",
      "m" : "4611686018430384404"
    }, {
      "d" : "1756410864489313647",
      "t" : 1756410864489,
      "tn" : 1756410864489313647,
      "q" : "2879",
      "p" : "0.04018",
      "s" : "sell",
      "i" : "CHZ_USD",
      "m" : "4611686018430384403"
    }, {
      "d" : "1756409834197348667",
      "t" : 1756409834197,
      "tn" : 1756409834197348667,
      "q" : "59",
      "p" : "0.04031",
      "s" : "buy",
      "i" : "CHZ_USD",
      "m" : "4611686018430384402"
    }, {
      "d" : "1756409783852667504",
      "t" : 1756409783852,
      "tn" : 1756409783852667504,
      "q" : "250",
      "p" : "0.04031",
      "s" : "buy",
      "i" : "CHZ_USD",
      "m" : "4611686018430384401"
    }, {
      "d" : "1756409700158485665",
      "t" : 1756409700158,
      "tn" : 1756409700158485665,
      "q" : "77",
      "p" : "0.04039",
      "s" : "sell",
      "i" : "CHZ_USD",
      "m" : "4611686018430384400"
    }, {
      "d" : "1756408694815960345",
      "t" : 1756408694815,
      "tn" : 1756408694815960345,
      "q" : "479",
      "p" : "0.04034",
      "s" : "buy",
      "i" : "CHZ_USD",
      "m" : "4611686018430384399"
    }, {
      "d" : "1756408624063991113",
      "t" : 1756408624063,
      "tn" : 1756408624063991113,
      "q" : "612",
      "p" : "0.04045",
      "s" : "sell",
      "i" : "CHZ_USD",
      "m" : "4611686018430384398"
    }, {
      "d" : "1756408070323618079",
      "t" : 1756408070323,
      "tn" : 1756408070323618079,
      "q" : "2999",
      "p" : "0.04039",
      "s" : "buy",
      "i" : "CHZ_USD",
      "m" : "4611686018430384397"
    }, {
      "d" : "1756406982917255205",
      "t" : 1756406982917,
      "tn" : 1756406982917255205,
      "q" : "4948",
      "p" : "0.04042",
      "s" : "sell",
      "i" : "CHZ_USD",
      "m" : "4611686018430384396"
    }, {
      "d" : "1756406973629003529",
      "t" : 1756406973629,
      "tn" : 1756406973629003529,
      "q" : "3869",
      "p" : "0.04043",
      "s" : "sell",
      "i" : "CHZ_USD",
      "m" : "4611686018430384395"
    }, {
      "d" : "1756404448307976766",
      "t" : 1756404448307,
      "tn" : 1756404448307976766,
      "q" : "2489",
      "p" : "0.04017",
      "s" : "sell",
      "i" : "CHZ_USD",
      "m" : "4611686018430384394"
    }, {
      "d" : "1756404166649274325",
      "t" : 1756404166649,
      "tn" : 1756404166649274325,
      "q" : "129",
      "p" : "0.04009",
      "s" : "buy",
      "i" : "CHZ_USD",
      "m" : "4611686018430384393"
    }, {
      "d" : "1756403187562997968",
      "t" : 1756403187562,
      "tn" : 1756403187562997968,
      "q" : "175",
      "p" : "0.04003",
      "s" : "buy",
      "i" : "CHZ_USD",
      "m" : "4611686018430384392"
    }, {
      "d" : "1756403011115722048",
      "t" : 1756403011115,
      "tn" : 1756403011115722048,
      "q" : "1737",
      "p" : "0.04010",
      "s" : "buy",
      "i" : "CHZ_USD",
      "m" : "4611686018430384391"
    }, {
      "d" : "1756402207846395541",
      "t" : 1756402207846,
      "tn" : 1756402207846395541,
      "q" : "200",
      "p" : "0.03997",
      "s" : "buy",
      "i" : "CHZ_USD",
      "m" : "4611686018430384390"
    }, {
      "d" : "1756401769179607932",
      "t" : 1756401769179,
      "tn" : 1756401769179607932,
      "q" : "18025",
      "p" : "0.03997",
      "s" : "buy",
      "i" : "CHZ_USD",
      "m" : "4611686018430384389"
    }, {
      "d" : "1756401672528172450",
      "t" : 1756401672528,
      "tn" : 1756401672528172450,
      "q" : "2311",
      "p" : "0.03980",
      "s" : "sell",
      "i" : "CHZ_USD",
      "m" : "4611686018430384388"
    }, {
      "d" : "1756401568128193385",
      "t" : 1756401568128,
      "tn" : 1756401568128193385,
      "q" : "5018",
      "p" : "0.03984",
      "s" : "sell",
      "i" : "CHZ_USD",
      "m" : "4611686018430384387"
    }, {
      "d" : "1756401568125945513",
      "t" : 1756401568125,
      "tn" : 1756401568125945513,
      "q" : "9396",
      "p" : "0.03980",
      "s" : "sell",
      "i" : "CHZ_USD",
      "m" : "4611686018430384386"
    }, {
      "d" : "1756401568122565082",
      "t" : 1756401568122,
      "tn" : 1756401568122565082,
      "q" : "8457",
      "p" : "0.04000",
      "s" : "sell",
      "i" : "CHZ_USD",
      "m" : "4611686018430384385"
    }, {
      "d" : "1756401568122529768",
      "t" : 1756401568122,
      "tn" : 1756401568122529768,
      "q" : "8271",
      "p" : "0.04000",
      "s" : "sell",
      "i" : "CHZ_USD",
      "m" : "4611686018430384384"
    }, {
      "d" : "1756401472187972529",
      "t" : 1756401472187,
      "tn" : 1756401472187972529,
      "q" : "472",
      "p" : "0.03981",
      "s" : "buy",
      "i" : "CHZ_USD",
      "m" : "4611686018430384383"
    }, {
      "d" : "1756401392275907649",
      "t" : 1756401392275,
      "tn" : 1756401392275907649,
      "q" : "787",
      "p" : "0.03983",
      "s" : "buy",
      "i" : "CHZ_USD",
      "m" : "4611686018430384382"
    }, {
      "d" : "1756401348672902364",
      "t" : 1756401348672,
      "tn" : 1756401348672902364,
      "q" : "8272",
      "p" : "0.03980",
      "s" : "buy",
      "i" : "CHZ_USD",
      "m" : "4611686018430384381"
    }, {
      "d" : "1756400356523407036",
      "t" : 1756400356523,
      "tn" : 1756400356523407036,
      "q" : "841",
      "p" : "0.03993",
      "s" : "sell",
      "i" : "CHZ_USD",
      "m" : "4611686018430384380"
    }, {
      "d" : "1756400356512249877",
      "t" : 1756400356512,
      "tn" : 1756400356512249877,
      "q" : "7528",
      "p" : "0.03993",
      "s" : "sell",
      "i" : "CHZ_USD",
      "m" : "4611686018430384379"
    }, {
      "d" : "1756400356451148043",
      "t" : 1756400356451,
      "tn" : 1756400356451148043,
      "q" : "17668",
      "p" : "0.03993",
      "s" : "sell",
      "i" : "CHZ_USD",
      "m" : "4611686018430384378"
    }, {
      "d" : "1756400167506915328",
      "t" : 1756400167506,
      "tn" : 1756400167506915328,
      "q" : "188",
      "p" : "0.04003",
      "s" : "buy",
      "i" : "CHZ_USD",
      "m" : "4611686018430384377"
    }, {
      "d" : "1756399845235120239",
      "t" : 1756399845235,
      "tn" : 1756399845235120239,
      "q" : "5067",
      "p" : "0.04018",
      "s" : "sell",
      "i" : "CHZ_USD",
      "m" : "4611686018430384376"
    }, {
      "d" : "1756399609493824997",
      "t" : 1756399609493,
      "tn" : 1756399609493824997,
      "q" : "1733",
      "p" : "0.04021",
      "s" : "sell",
      "i" : "CHZ_USD",
      "m" : "4611686018430384375"
    }, {
      "d" : "1756399532227790276",
      "t" : 1756399532227,
      "tn" : 1756399532227790276,
      "q" : "1729",
      "p" : "0.04024",
      "s" : "sell",
      "i" : "CHZ_USD",
      "m" : "4611686018430384374"
    }, {
      "d" : "1756398565429228664",
      "t" : 1756398565429,
      "tn" : 1756398565429228664,
      "q" : "7530",
      "p" : "0.04035",
      "s" : "buy",
      "i" : "CHZ_USD",
      "m" : "4611686018430384373"
    }, {
      "d" : "1756398364484173084",
      "t" : 1756398364484,
      "tn" : 1756398364484173084,
      "q" : "304",
      "p" : "0.04042",
      "s" : "sell",
      "i" : "CHZ_USD",
      "m" : "4611686018430384372"
    }, {
      "d" : "1756398361359119428",
      "t" : 1756398361359,
      "tn" : 1756398361359119428,
      "q" : "5129",
      "p" : "0.04043",
      "s" : "sell",
      "i" : "CHZ_USD",
      "m" : "4611686018430384371"
    }, {
      "d" : "1756398361357235973",
      "t" : 1756398361357,
      "tn" : 1756398361357235973,
      "q" : "1721",
      "p" : "0.04043",
      "s" : "sell",
      "i" : "CHZ_USD",
      "m" : "4611686018430384370"
    }, {
      "d" : "1756397115264373721",
      "t" : 1756397115264,
      "tn" : 1756397115264373721,
      "q" : "154",
      "p" : "0.04032",
      "s" : "buy",
      "i" : "CHZ_USD",
      "m" : "4611686018430384369"
    }, {
      "d" : "1756396179963094467",
      "t" : 1756396179963,
      "tn" : 1756396179963094467,
      "q" : "6259",
      "p" : "0.04027",
      "s" : "sell",
      "i" : "CHZ_USD",
      "m" : "4611686018430384368"
    }, {
      "d" : "1756395525089251186",
      "t" : 1756395525089,
      "tn" : 1756395525089251186,
      "q" : "7169",
      "p" : "0.04050",
      "s" : "sell",
      "i" : "CHZ_USD",
      "m" : "4611686018430384367"
    }, {
      "d" : "1756395525087214630",
      "t" : 1756395525087,
      "tn" : 1756395525087214630,
      "q" : "10521",
      "p" : "0.04050",
      "s" : "sell",
      "i" : "CHZ_USD",
      "m" : "4611686018430384366"
    }, {
      "d" : "1756395525084494895",
      "t" : 1756395525084,
      "tn" : 1756395525084494895,
      "q" : "319",
      "p" : "0.04050",
      "s" : "sell",
      "i" : "CHZ_USD",
      "m" : "4611686018430384365"
    }, {
      "d" : "1756395060606481749",
      "t" : 1756395060606,
      "tn" : 1756395060606481749,
      "q" : "722",
      "p" : "0.04054",
      "s" : "buy",
      "i" : "CHZ_USD",
      "m" : "4611686018430384364"
    }, {
      "d" : "1756394562265398523",
      "t" : 1756394562265,
      "tn" : 1756394562265398523,
      "q" : "1000",
      "p" : "0.04054",
      "s" : "buy",
      "i" : "CHZ_USD",
      "m" : "4611686018430384363"
    }, {
      "d" : "1756394442888770261",
      "t" : 1756394442888,
      "tn" : 1756394442888770261,
      "q" : "6082",
      "p" : "0.04068",
      "s" : "sell",
      "i" : "CHZ_USD",
      "m" : "4611686018430384362"
    }, {
      "d" : "1756394442886794112",
      "t" : 1756394442886,
      "tn" : 1756394442886794112,
      "q" : "7545",
      "p" : "0.04068",
      "s" : "sell",
      "i" : "CHZ_USD",
      "m" : "4611686018430384361"
    }, {
      "d" : "1756394264106032136",
      "t" : 1756394264106,
      "tn" : 1756394264106032136,
      "q" : "539",
      "p" : "0.04075",
      "s" : "buy",
      "i" : "CHZ_USD",
      "m" : "4611686018430384360"
    }, {
      "d" : "1756394263835837068",
      "t" : 1756394263835,
      "tn" : 1756394263835837068,
      "q" : "2453",
      "p" : "0.04075",
      "s" : "buy",
      "i" : "CHZ_USD",
      "m" : "4611686018430384359"
    }, {
      "d" : "1756394018848120743",
      "t" : 1756394018848,
      "tn" : 1756394018848120743,
      "q" : "1000",
      "p" : "0.04067",
      "s" : "buy",
      "i" : "CHZ_USD",
      "m" : "4611686018430384358"
    } ]
  }
}