{
  "id" : -1,
  "method" : "public/get-trades",
  "code" : 0,
  "result" : {
    "data" : [ {
      "d" : "1756451477942156299",
      "t" : 1756451477942,
      "tn" : 1756451477942156299,
      "q" : "10",
      "p" : "0.03965",
      "s" : "sell",
      "i" : "CHZUSD-PERP",
      "m" : "4611686018431777471"
    }, {
      "d" : "1756451432724609646",
      "t" : 1756451432724,
      "tn" : 1756451432724609646,
      "q" : "10",
      "p" : "0.03975",
      "s" : "sell",
      "i" : "CHZUSD-PERP",
      "m" : "4611686018431777470"
    }, {
      "d" : "1756438787206301945",
      "t" : 1756438787206,
      "tn" : 1756438787206301945,
      "q" : "10",
      "p" : "0.04072",
      "s" : "sell",
      "i" : "CHZUSD-PERP",
      "m" : "4611686018431777469"
    }, {
      "d" : "1756408222169991399",
      "t" : 1756408222169,
      "tn" : 1756408222169991399,
      "q" : "10",
      "p" : "0.04052",
      "s" : "sell",
      "i" : "CHZUSD-PERP",
      "m" : "4611686018431777468"
    }, {
      "d" : "1756408221267684262",
      "t" : 1756408221267,
      "tn" : 1756408221267684262,
      "q" : "10",
      "p" : "0.04051",
      "s" : "sell",
      "i" : "CHZUSD-PERP",
      "m" : "4611686018431777467"
    }, {
      "d" : "1756408176274829758",
      "t" : 1756408176274,
      "tn" : 1756408176274829758,
      "q" : "10",
      "p" : "0.04051",
      "s" : "sell",
      "i" : "CHZUSD-PERP",
      "m" : "4611686018431777466"
    }, {
      "d" : "1756401327094074252",
      "t" : 1756401327094,
      "tn" : 1756401327094074252,
      "q" : "10",
      "p" : "0.03991",
      "s" : "sell",
      "i" : "CHZUSD-PERP",
      "m" : "4611686018431777465"
    }, {
      "d" : "1756401305188085622",
      "t" : 1756401305188,
      "tn" : 1756401305188085622,
      "q" : "10",
      "p" : "0.03993",
      "s" : "sell",
      "i" : "CHZUSD-PERP",
      "m" : "4611686018431777464"
    }, {
      "d" : "1756400577466704299",
      "t" : 1756400577466,
      "tn" : 1756400577466704299,
      "q" : "10",
      "p" : "0.03995",
      "s" : "sell",
      "i" : "CHZUSD-PERP",
      "m" : "4611686018431777463"
    }, {
      "d" : "1756400542822126854",
      "t" : 1756400542822,
      "tn" : 1756400542822126854,
      "q" : "10",
      "p" : "0.03996",
      "s" : "sell",
      "i" : "CHZUSD-PERP",
      "m" : "4611686018431777462"
    }, {
      "d" : "1756400541789620417",
      "t" : 1756400541789,
      "tn" : 1756400541789620417,
      "q" : "10",
      "p" : "0.03996",
      "s" : "sell",
      "i" : "CHZUSD-PERP",
      "m" : "4611686018431777461"
    }, {
      "d" : "1756400532798450554",
      "t" : 1756400532798,
      "tn" : 1756400532798450554,
      "q" : "10",
      "p" : "0.03996",
      "s" : "sell",
      "i" : "CHZUSD-PERP",
      "m" : "4611686018431777460"
    }, {
      "d" : "1756400531754966097",
      "t" : 1756400531754,
      "tn" : 1756400531754966097,
      "q" : "10",
      "p" : "0.03996",
      "s" : "sell",
      "i" : "CHZUSD-PERP",
      "m" : "4611686018431777459"
    }, {
      "d" : "1756400521558983217",
      "t" : 1756400521558,
      "tn" : 1756400521558983217,
      "q" : "10",
      "p" : "0.03994",
      "s" : "sell",
      "i" : "CHZUSD-PERP",
      "m" : "4611686018431777458"
    }, {
      "d" : "1756400512809375672",
      "t" : 1756400512809,
      "tn" : 1756400512809375672,
      "q" : "10",
      "p" : "0.03994",
      "s" : "sell",
      "i" : "CHZUSD-PERP",
      "m" : "4611686018431777457"
    }, {
      "d" : "1756400510172525417",
      "t" : 1756400510172,
      "tn" : 1756400510172525417,
      "q" : "10",
      "p" : "0.03992",
      "s" : "sell",
      "i" : "CHZUSD-PERP",
      "m" : "4611686018431777456"
    }, {
      "d" : "1756400509072193864",
      "t" : 1756400509072,
      "tn" : 1756400509072193864,
      "q" : "10",
      "p" : "0.03992",
      "s" : "sell",
      "i" : "CHZUSD-PERP",
      "m" : "4611686018431777455"
    }, {
      "d" : "1756400501145127856",
      "t" : 1756400501145,
      "tn" : 1756400501145127856,
      "q" : "10",
      "p" : "0.03991",
      "s" : "sell",
      "i" : "CHZUSD-PERP",
      "m" : "4611686018431777454"
    }, {
      "d" : "1756400500153270855",
      "t" : 1756400500153,
      "tn" : 1756400500153270855,
      "q" : "10",
      "p" : "0.03990",
      "s" : "sell",
      "i" : "CHZUSD-PERP",
      "m" : "4611686018431777453"
    }, {
      "d" : "1756400499047495988",
      "t" : 1756400499047,
      "tn" : 1756400499047495988,
      "q" : "10",
      "p" : "0.03990",
      "s" : "sell",
      "i" : "CHZUSD-PERP",
      "m" : "4611686018431777452"
    }, {
      "d" : "1756400367015982241",
      "t" : 1756400367015,
      "tn" : 1756400367015982241,
      "q" : "10",
      "p" : "0.03987",
      "s" : "sell",
      "i" : "CHZUSD-PERP",
      "m" : "4611686018431777451"
    }, {
      "d" : "1756396659427895728",
      "t" : 1756396659427,
      "tn" : 1756396659427895728,
      "q" : "10",
      "p" : "0.04026",
      "s" : "sell",
      "i" : "CHZUSD-PERP",
      "m" : "4611686018431777450"
    }, {
      "d" : "1756396659427893367",
      "t" : 1756396659427,
      "tn" : 1756396659427893367,
      "q" : "10",
      "p" : "0.04028",
      "s" : "sell",
      "i" : "CHZUSD-PERP",
      "m" : "4611686018431777449"
    }, {
      "d" : "1756396179962551656",
      "t" : 1756396179962,
      "tn" : 1756396179962551656,
      "q" : "10",
      "p" : "0.04029",
      "s" : "sell",
      "i" : "CHZUSD-PERP",
      "m" : "4611686018431777448"
    }, {
      "d" : "1756392653822725997",
      "t" : 1756392653822,
      "tn" : 1756392653822725997,
      "q" : "12300",
      "p" : "0.04070",
      "s" : "buy",
      "i" : "CHZUSD-PERP",
      "m" : "4611686018431777447"
    }, {
      "d" : "1756392653822723802",
      "t" : 1756392653822,
      "tn" : 1756392653822723802,
      "q" : "10",
      "p" : "0.04066",
      "s" : "buy",
      "i" : "CHZUSD-PERP",
      "m" : "4611686018431777446"
    }, {
      "d" : "1756392653822721969",
      "t" : 1756392653822,
      "tn" : 1756392653822721969,
      "q" : "10",
      "p" : "0.04065",
      "s" : "buy",
      "i" : "CHZUSD-PERP",
      "m" : "4611686018431777445"
    }, {
      "d" : "1756392652822482214",
      "t" : 1756392652822,
      "tn" : 1756392652822482214,
      "q" : "10",
      "p" : "0.04065",
      "s" : "buy",
      "i" : "CHZUSD-PERP",
      "m" : "4611686018431777444"
    }, {
      "d" : "1756392652757225140",
      "t" : 1756392652757,
      "tn" : 1756392652757225140,
      "q" : "10",
      "p" : "0.04064",
      "s" : "buy",
      "i" : "CHZUSD-PERP",
      "m" : "4611686018431777443"
    }, {
      "d" : "1756392651822255952",
      "t" : 1756392651822,
      "tn" : 1756392651822255952,
      "q" : "10",
      "p" : "0.04063",
      "s" : "buy",
      "i" : "CHZUSD-PERP",
      "m" : "4611686018431777442"
    }, {
      "d" : "1756392605773923464",
      "t" : 1756392605773,
      "tn" : 1756392605773923464,
      "q" : "10",
      "p" : "0.04063",
      "s" : "buy",
      "i" : "CHZUSD-PERP",
      "m" : "4611686018431777441"
    }, {
      "d" : "1756392604829437432",
      "t" : 1756392604829,
      "tn" : 1756392604829437432,
      "q" : "10",
      "p" : "0.04062",
      "s" : "buy",
      "i" : "CHZUSD-PERP",
      "m" : "4611686018431777440"
    }, {
      "d" : "1756392604825867673",
      "t" : 1756392604825,
      "tn" : 1756392604825867673,
      "q" : "660",
      "p" : "0.04063",
      "s" : "buy",
      "i" : "CHZUSD-PERP",
      "m" : "4611686018431777439"
    }, {
      "d" : "1756392604825865728",
      "t" : 1756392604825,
      "tn" : 1756392604825865728,
      "q" : "10",
      "p" : "0.04061",
      "s" : "buy",
      "i" : "CHZUSD-PERP",
      "m" : "4611686018431777438"
    }, {
      "d" : "1756392604825863304",
      "t" : 1756392604825,
      "tn" : 1756392604825863304,
      "q" : "10",
      "p" : "0.04060",
      "s" : "buy",
      "i" : "CHZUSD-PERP",
      "m" : "4611686018431777437"
    }, {
      "d" : "1756392567737327577",
      "t" : 1756392567737,
      "tn" : 1756392567737327577,
      "q" : "10",
      "p" : "0.04060",
      "s" : "buy",
      "i" : "CHZUSD-PERP",
      "m" : "4611686018431777436"
    }, {
      "d" : "1756392566735659970",
      "t" : 1756392566735,
      "tn" : 1756392566735659970,
      "q" : "10",
      "p" : "0.04060",
      "s" : "buy",
      "i" : "CHZUSD-PERP",
      "m" : "4611686018431777435"
    }, {
      "d" : "1756392565735327520",
      "t" : 1756392565735,
      "tn" : 1756392565735327520,
      "q" : "10",
      "p" : "0.04060",
      "s" : "buy",
      "i" : "CHZUSD-PERP",
      "m" : "4611686018431777434"
    }, {
      "d" : "1756392564733822719",
      "t" : 1756392564733,
      "tn" : 1756392564733822719,
      "q" : "10",
      "p" : "0.04060",
      "s" : "buy",
      "i" : "CHZUSD-PERP",
      "m" : "4611686018431777433"
    }, {
      "d" : "1756392563732370188",
      "t" : 1756392563732,
      "tn" : 1756392563732370188,
      "q" : "10",
      "p" : "0.04060",
      "s" : "buy",
      "i" : "CHZUSD-PERP",
      "m" : "4611686018431777432"
    }, {
      "d" : "1756392562730278700",
      "t" : 1756392562730,
      "tn" : 1756392562730278700,
      "q" : "10",
      "p" : "0.04060",
      "s" : "buy",
      "i" : "CHZUSD-PERP",
      "m" : "4611686018431777431"
    }, {
      "d" : "1756392561729907112",
      "t" : 1756392561729,
      "tn" : 1756392561729907112,
      "q" : "10",
      "p" : "0.04060",
      "s" : "buy",
      "i" : "CHZUSD-PERP",
      "m" : "4611686018431777430"
    }, {
      "d" : "1756392560728537084",
      "t" : 1756392560728,
      "tn" : 1756392560728537084,
      "q" : "10",
      "p" : "0.04060",
      "s" : "buy",
      "i" : "CHZUSD-PERP",
      "m" : "4611686018431777429"
    }, {
      "d" : "1756392559726747082",
      "t" : 1756392559726,
      "tn" : 1756392559726747082,
      "q" : "10",
      "p" : "0.04060",
      "s" : "buy",
      "i" : "CHZUSD-PERP",
      "m" : "4611686018431777428"
    }, {
      "d" : "1756392558726612684",
      "t" : 1756392558726,
      "tn" : 1756392558726612684,
      "q" : "10",
      "p" : "0.04060",
      "s" : "buy",
      "i" : "CHZUSD-PERP",
      "m" : "4611686018431777427"
    }, {
      "d" : "1756392521690491948",
      "t" : 1756392521690,
      "tn" : 1756392521690491948,
      "q" : "10",
      "p" : "0.04060",
      "s" : "buy",
      "i" : "CHZUSD-PERP",
      "m" : "4611686018431777426"
    }, {
      "d" : "1756392520689296244",
      "t" : 1756392520689,
      "tn" : 1756392520689296244,
      "q" : "10",
      "p" : "0.04060",
      "s" : "buy",
      "i" : "CHZUSD-PERP",
      "m" : "4611686018431777425"
    }, {
      "d" : "1756392519687929650",
      "t" : 1756392519687,
      "tn" : 1756392519687929650,
      "q" : "10",
      "p" : "0.04060",
      "s" : "buy",
      "i" : "CHZUSD-PERP",
      "m" : "4611686018431777424"
    }, {
      "d" : "1756392518687238165",
      "t" : 1756392518687,
      "tn" : 1756392518687238165,
      "q" : "10",
      "p" : "0.04060",
      "s" : "buy",
      "i" : "CHZUSD-PERP",
      "m" : "4611686018431777423"
    }, {
      "d" : "1756392517686383254",
      "t" : 1756392517686,
      "tn" : 1756392517686383254,
      "q" : "10",
      "p" : "0.04060",
      "s" : "buy",
      "i" : "CHZUSD-PERP",
      "m" : "4611686018431777422"
    }, {
      "d" : "1756392516685711833",
      "t" : 1756392516685,
      "tn" : 1756392516685711833,
      "q" : "10",
      "p" : "0.04060",
      "s" : "buy",
      "i" : "CHZUSD-PERP",
      "m" : "4611686018431777421"
    }, {
      "d" : "1756392515684969718",
      "t" : 1756392515684,
      "tn" : 1756392515684969718,
      "q" : "10",
      "p" : "0.04060",
      "s" : "buy",
      "i" : "CHZUSD-PERP",
      "m" : "4611686018431777420"
    }, {
      "d" : "1756392514274470244",
      "t" : 1756392514274,
      "tn" : 1756392514274470244,
      "q" : "10",
      "p" : "0.04060",
      "s" : "buy",
      "i" : "CHZUSD-PERP",
      "m" : "4611686018431777419"
    }, {
      "d" : "1756392513273681498",
      "t" : 1756392513273,
      "tn" : 1756392513273681498,
      "q" : "10",
      "p" : "0.04060",
      "s" : "buy",
      "i" : "CHZUSD-PERP",
      "m" : "4611686018431777418"
    }, {
      "d" : "1756392512273532707",
      "t" : 1756392512273,
      "tn" : 1756392512273532706,
      "q" : "10",
      "p" : "0.04060",
      "s" : "buy",
      "i" : "CHZUSD-PERP",
      "m" : "4611686018431777417"
    }, {
      "d" : "1756392512273532706",
      "t" : 1756392512273,
      "tn" : 1756392512273532706,
      "q" : "10",
      "p" : "0.04060",
      "s" : "buy",
      "i" : "CHZUSD-PERP",
      "m" : "4611686018431777417"
    }, {
      "d" : "1756392511272983954",
      "t" : 1756392511272,
      "tn" : 1756392511272983953,
      "q" : "10",
      "p" : "0.04060",
      "s" : "buy",
      "i" : "CHZUSD-PERP",
      "m" : "4611686018431777416"
    }, {
      "d" : "1756392511272983953",
      "t" : 1756392511272,
      "tn" : 1756392511272983953,
      "q" : "10",
      "p" : "0.04060",
      "s" : "buy",
      "i" : "CHZUSD-PERP",
      "m" : "4611686018431777416"
    }, {
      "d" : "1756392510272244767",
      "t" : 1756392510272,
      "tn" : 1756392510272244766,
      "q" : "10",
      "p" : "0.04060",
      "s" : "buy",
      "i" : "CHZUSD-PERP",
      "m" : "4611686018431777415"
    }, {
      "d" : "1756392510272244766",
      "t" : 1756392510272,
      "tn" : 1756392510272244766,
      "q" : "10",
      "p" : "0.04060",
      "s" : "buy",
      "i" : "CHZUSD-PERP",
      "m" : "4611686018431777415"
    }, {
      "d" : "1756392509270627636",
      "t" : 1756392509270,
      "tn" : 1756392509270627635,
      "q" : "10",
      "p" : "0.04060",
      "s" : "buy",
      "i" : "CHZUSD-PERP",
      "m" : "4611686018431777414"
    }, {
      "d" : "1756392509270627635",
      "t" : 1756392509270,
      "tn" : 1756392509270627635,
      "q" : "10",
      "p" : "0.04060",
      "s" : "buy",
      "i" : "CHZUSD-PERP",
      "m" : "4611686018431777414"
    }, {
      "d" : "1756392508269161261",
      "t" : 1756392508269,
      "tn" : 1756392508269161260,
      "q" : "10",
      "p" : "0.04060",
      "s" : "buy",
      "i" : "CHZUSD-PERP",
      "m" : "4611686018431777413"
    }, {
      "d" : "1756392508269161260",
      "t" : 1756392508269,
      "tn" : 1756392508269161260,
      "q" : "10",
      "p" : "0.04060",
      "s" : "buy",
      "i" : "CHZUSD-PERP",
      "m" : "4611686018431777413"
    }, {
      "d" : "1756392507268571887",
      "t" : 1756392507268,
      "tn" : 1756392507268571886,
      "q" : "10",
      "p" : "0.04060",
      "s" : "buy",
      "i" : "CHZUSD-PERP",
      "m" : "4611686018431777412"
    }, {
      "d" : "1756392507268571886",
      "t" : 1756392507268,
      "tn" : 1756392507268571886,
      "q" : "10",
      "p" : "0.04060",
      "s" : "buy",
      "i" : "CHZUSD-PERP",
      "m" : "4611686018431777412"
    }, {
      "d" : "1756392506267119674",
      "t" : 1756392506267,
      "tn" : 1756392506267119673,
      "q" : "10",
      "p" : "0.04060",
      "s" : "buy",
      "i" : "CHZUSD-PERP",
      "m" : "4611686018431777411"
    }, {
      "d" : "1756392506267119673",
      "t" : 1756392506267,
      "tn" : 1756392506267119673,
      "q" : "10",
      "p" : "0.04060",
      "s" : "buy",
      "i" : "CHZUSD-PERP",
      "m" : "4611686018431777411"
    }, {
      "d" : "1756392505266904185",
      "t" : 1756392505266,
      "tn" : 1756392505266904184,
      "q" : "10",
      "p" : "0.04060",
      "s" : "buy",
      "i" : "CHZUSD-PERP",
      "m" : "4611686018431777410"
    }, {
      "d" : "1756392505266904184",
      "t" : 1756392505266,
      "tn" : 1756392505266904184,
      "q" : "10",
      "p" : "0.04060",
      "s" : "buy",
      "i" : "CHZUSD-PERP",
      "m" : "4611686018431777410"
    }, {
      "d" : "1756392504265549539",
      "t" : 1756392504265,
      "tn" : 1756392504265549538,
      "q" : "10",
      "p" : "0.04060",
      "s" : "buy",
      "i" : "CHZUSD-PERP",
      "m" : "4611686018431777409"
    }, {
      "d" : "1756392504265549538",
      "t" : 1756392504265,
      "tn" : 1756392504265549538,
      "q" : "10",
      "p" : "0.04060",
      "s" : "buy",
      "i" : "CHZUSD-PERP",
      "m" : "4611686018431777409"
    }, {
      "d" : "1756392503265350187",
      "t" : 1756392503265,
      "tn" : 1756392503265350186,
      "q" : "10",
      "p" : "0.04060",
      "s" : "buy",
      "i" : "CHZUSD-PERP",
      "m" : "4611686018431777408"
    }, {
      "d" : "1756392503265350186",
      "t" : 1756392503265,
      "tn" : 1756392503265350186,
      "q" : "10",
      "p" : "0.04060",
      "s" : "buy",
      "i" : "CHZUSD-PERP",
      "m" : "4611686018431777408"
    }, {
      "d" : "1756392502264098347",
      "t" : 1756392502264,
      "tn" : 1756392502264098346,
      "q" : "10",
      "p" : "0.04060",
      "s" : "buy",
      "i" : "CHZUSD-PERP",
      "m" : "4611686018431777407"
    }, {
      "d" : "1756392502264098346",
      "t" : 1756392502264,
      "tn" : 1756392502264098346,
      "q" : "10",
      "p" : "0.04060",
      "s" : "buy",
      "i" : "CHZUSD-PERP",
      "m" : "4611686018431777407"
    }, {
      "d" : "1756392501262371151",
      "t" : 1756392501262,
      "tn" : 1756392501262371150,
      "q" : "10",
      "p" : "0.04060",
      "s" : "buy",
      "i" : "CHZUSD-PERP",
      "m" : "4611686018431777406"
    }, {
      "d" : "1756392501262371150",
      "t" : 1756392501262,
      "tn" : 1756392501262371150,
      "q" : "10",
      "p" : "0.04060",
      "s" : "buy",
      "i" : "CHZUSD-PERP",
      "m" : "4611686018431777406"
    }, {
      "d" : "1756392500261697633",
      "t" : 1756392500261,
      "tn" : 1756392500261697632,
      "q" : "10",
      "p" : "0.04060",
      "s" : "buy",
      "i" : "CHZUSD-PERP",
      "m" : "4611686018431777405"
    }, {
      "d" : "1756392500261697632",
      "t" : 1756392500261,
      "tn" : 1756392500261697632,
      "q" : "10",
      "p" : "0.04060",
      "s" : "buy",
      "i" : "CHZUSD-PERP",
      "m" : "4611686018431777405"
    }, {
      "d" : "1756392499260511604",
      "t" : 1756392499260,
      "tn" : 1756392499260511603,
      "q" : "10",
      "p" : "0.04060",
      "s" : "buy",
      "i" : "CHZUSD-PERP",
      "m" : "4611686018431777404"
    }, {
      "d" : "1756392499260511603",
      "t" : 1756392499260,
      "tn" : 1756392499260511603,
      "q" : "10",
      "p" : "0.04060",
      "s" : "buy",
      "i" : "CHZUSD-PERP",
      "m" : "4611686018431777404"
    }, {
      "d" : "1756392498259858379",
      "t" : 1756392498259,
      "tn" : 1756392498259858378,
      "q" : "10",
      "p" : "0.04060",
      "s" : "buy",
      "i" : "CHZUSD-PERP",
      "m" : "4611686018431777403"
    }, {
      "d" : "1756392498259858378",
      "t" : 1756392498259,
      "tn" : 1756392498259858378,
      "q" : "10",
      "p" : "0.04060",
      "s" : "buy",
      "i" : "CHZUSD-PERP",
      "m" : "4611686018431777403"
    }, {
      "d" : "1756392497259528191",
      "t" : 1756392497259,
      "tn" : 1756392497259528190,
      "q" : "10",
      "p" : "0.04060",
      "s" : "buy",
      "i" : "CHZUSD-PERP",
      "m" : "4611686018431777402"
    }, {
      "d" : "1756392497259528190",
      "t" : 1756392497259,
      "tn" : 1756392497259528190,
      "q" : "10",
      "p" : "0.04060",
      "s" : "buy",
      "i" : "CHZUSD-PERP",
      "m" : "4611686018431777402"
    }, {
      "d" : "1756392496258671516",
      "t" : 1756392496258,
      "tn" : 1756392496258671515,
      "q" : "10",
      "p" : "0.04060",
      "s" : "buy",
      "i" : "CHZUSD-PERP",
      "m" : "4611686018431777401"
    }, {
      "d" : "1756392496258671515",
      "t" : 1756392496258,
      "tn" : 1756392496258671515,
      "q" : "10",
      "p" : "0.04060",
      "s" : "buy",
      "i" : "CHZUSD-PERP",
      "m" : "4611686018431777401"
    }, {
      "d" : "1756392495258163479",
      "t" : 1756392495258,
      "tn" : 1756392495258163478,
      "q" : "10",
      "p" : "0.04060",
      "s" : "buy",
      "i" : "CHZUSD-PERP",
      "m" : "4611686018431777400"
    }, {
      "d" : "1756392495258163478",
      "t" : 1756392495258,
      "tn" : 1756392495258163478,
      "q" : "10",
      "p" : "0.04060",
      "s" : "buy",
      "i" : "CHZUSD-PERP",
      "m" : "4611686018431777400"
    }, {
      "d" : "1756392494256703199",
      "t" : 1756392494256,
      "tn" : 1756392494256703198,
      "q" : "10",
      "p" : "0.04060",
      "s" : "buy",
      "i" : "CHZUSD-PERP",
      "m" : "4611686018431777399"
    }, {
      "d" : "1756392494256703198",
      "t" : 1756392494256,
      "tn" : 1756392494256703198,
      "q" : "10",
      "p" : "0.04060",
      "s" : "buy",
      "i" : "CHZUSD-PERP",
      "m" : "4611686018431777399"
    }, {
      "d" : "1756392493254872382",
      "t" : 1756392493254,
      "tn" : 1756392493254872381,
      "q" : "10",
      "p" : "0.04060",
      "s" : "buy",
      "i" : "CHZUSD-PERP",
      "m" : "4611686018431777398"
    }, {
      "d" : "1756392493254872381",
      "t" : 1756392493254,
      "tn" : 1756392493254872381,
      "q" : "10",
      "p" : "0.04060",
      "s" : "buy",
      "i" : "CHZUSD-PERP",
      "m" : "4611686018431777398"
    }, {
      "d" : "1756392492255151272",
      "t" : 1756392492255,
      "tn" : 1756392492255151271,
      "q" : "10",
      "p" : "0.04060",
      "s" : "buy",
      "i" : "CHZUSD-PERP",
      "m" : "4611686018431777397"
    }, {
      "d" : "1756392492255151271",
      "t" : 1756392492255,
      "tn" : 1756392492255151271,
      "q" : "10",
      "p" : "0.04060",
      "s" : "buy",
      "i" : "CHZUSD-PERP",
      "m" : "4611686018431777397"
    }, {
      "d" : "1756392491253068752",
      "t" : 1756392491253,
      "tn" : 1756392491253068751,
      "q" : "10",
      "p" : "0.04060",
      "s" : "buy",
      "i" : "CHZUSD-PERP",
      "m" : "4611686018431777396"
    }, {
      "d" : "1756392491253068751",
      "t" : 1756392491253,
      "tn" : 1756392491253068751,
      "q" : "10",
      "p" : "0.04060",
      "s" : "buy",
      "i" : "CHZUSD-PERP",
      "m" : "4611686018431777396"
    }, {
      "d" : "1756392490253147708",
      "t" : 1756392490253,
      "tn" : 1756392490253147707,
      "q" : "10",
      "p" : "0.04060",
      "s" : "buy",
      "i" : "CHZUSD-PERP",
      "m" : "4611686018431777395"
    }, {
      "d" : "1756392490253147707",
      "t" : 1756392490253,
      "tn" : 1756392490253147707,
      "q" : "10",
      "p" : "0.04060",
      "s" : "buy",
      "i" : "CHZUSD-PERP",
      "m" : "4611686018431777395"
    }, {
      "d" : "1756392489251426579",
      "t" : 1756392489251,
      "tn" : 1756392489251426578,
      "q" : "10",
      "p" : "0.04060",
      "s" : "buy",
      "i" : "CHZUSD-PERP",
      "m" : "4611686018431777394"
    }, {
      "d" : "1756392489251426578",
      "t" : 1756392489251,
      "tn" : 1756392489251426578,
      "q" : "10",
      "p" : "0.04060",
      "s" : "buy",
      "i" : "CHZUSD-PERP",
      "m" : "4611686018431777394"
    }, {
      "d" : "1756392488251216867",
      "t" : 1756392488251,
      "tn" : 1756392488251216866,
      "q" : "10",
      "p" : "0.04061",
      "s" : "buy",
      "i" : "CHZUSD-PERP",
      "m" : "4611686018431777393"
    }, {
      "d" : "1756392488251216866",
      "t" : 1756392488251,
      "tn" : 1756392488251216866,
      "q" : "10",
      "p" : "0.04061",
      "s" : "buy",
      "i" : "CHZUSD-PERP",
      "m" : "4611686018431777393"
    }, {
      "d" : "1756392487249898904",
      "t" : 1756392487249,
      "tn" : 1756392487249898903,
      "q" : "10",
      "p" : "0.04061",
      "s" : "buy",
      "i" : "CHZUSD-PERP",
      "m" : "4611686018431777392"
    }, {
      "d" : "1756392487249898903",
      "t" : 1756392487249,
      "tn" : 1756392487249898903,
      "q" : "10",
      "p" : "0.04061",
      "s" : "buy",
      "i" : "CHZUSD-PERP",
      "m" : "4611686018431777392"
    }, {
      "d" : "1756392486248906364",
      "t" : 1756392486248,
      "tn" : 1756392486248906363,
      "q" : "10",
      "p" : "0.04061",
      "s" : "buy",
      "i" : "CHZUSD-PERP",
      "m" : "4611686018431777391"
    }, {
      "d" : "1756392486248906363",
      "t" : 1756392486248,
      "tn" : 1756392486248906363,
      "q" : "10",
      "p" : "0.04061",
      "s" : "buy",
      "i" : "CHZUSD-PERP",
      "m" : "4611686018431777391"
    }, {
      "d" : "1756392485248992805",
      "t" : 1756392485248,
      "tn" : 1756392485248992804,
      "q" : "10",
      "p" : "0.04061",
      "s" : "buy",
      "i" : "CHZUSD-PERP",
      "m" : "4611686018431777390"
    }, {
      "d" : "1756392485248992804",
      "t" : 1756392485248,
      "tn" : 1756392485248992804,
      "q" : "10",
      "p" : "0.04061",
      "s" : "buy",
      "i" : "CHZUSD-PERP",
      "m" : "4611686018431777390"
    }, {
      "d" : "1756392484247827577",
      "t" : 1756392484247,
      "tn" : 1756392484247827576,
      "q" : "10",
      "p" : "0.04062",
      "s" : "buy",
      "i" : "CHZUSD-PERP",
      "m" : "4611686018431777389"
    }, {
      "d" : "1756392484247827576",
      "t" : 1756392484247,
      "tn" : 1756392484247827576,
      "q" : "10",
      "p" : "0.04062",
      "s" : "buy",
      "i" : "CHZUSD-PERP",
      "m" : "4611686018431777389"
    }, {
      "d" : "1756392483246358372",
      "t" : 1756392483246,
      "tn" : 1756392483246358371,
      "q" : "10",
      "p" : "0.04062",
      "s" : "buy",
      "i" : "CHZUSD-PERP",
      "m" : "4611686018431777388"
    }, {
      "d" : "1756392483246358371",
      "t" : 1756392483246,
      "tn" : 1756392483246358371,
      "q" : "10",
      "p" : "0.04062",
      "s" : "buy",
      "i" : "CHZUSD-PERP",
      "m" : "4611686018431777388"
    }, {
      "d" : "1756392482244618457",
      "t" : 1756392482244,
      "tn" : 1756392482244618456,
      "q" : "10",
      "p" : "0.04062",
      "s" : "buy",
      "i" : "CHZUSD-PERP",
      "m" : "4611686018431777387"
    }, {
      "d" : "1756392482244618456",
      "t" : 1756392482244,
      "tn" : 1756392482244618456,
      "q" : "10",
      "p" : "0.04062",
      "s" : "buy",
      "i" : "CHZUSD-PERP",
      "m" : "4611686018431777387"
    }, {
      "d" : "1756392481244081397",
      "t" : 1756392481244,
      "tn" : 1756392481244081396,
      "q" : "10",
      "p" : "0.04062",
      "s" : "buy",
      "i" : "CHZUSD-PERP",
      "m" : "4611686018431777386"
    }, {
      "d" : "1756392481244081396",
      "t" : 1756392481244,
      "tn" : 1756392481244081396,
      "q" : "10",
      "p" : "0.04062",
      "s" : "buy",
      "i" : "CHZUSD-PERP",
      "m" : "4611686018431777386"
    }, {
      "d" : "1756392480242844799",
      "t" : 1756392480242,
      "tn" : 1756392480242844799,
      "q" : "10",
      "p" : "0.04061",
      "s" : "buy",
      "i" : "CHZUSD-PERP",
      "m" : "4611686018431777385"
    }, {
      "d" : "1756392479241404739",
      "t" : 1756392479241,
      "tn" : 1756392479241404739,
      "q" : "10",
      "p" : "0.04061",
      "s" : "buy",
      "i" : "CHZUSD-PERP",
      "m" : "4611686018431777384"
    }, {
      "d" : "1756392478240480513",
      "t" : 1756392478240,
      "tn" : 1756392478240480513,
      "q" : "10",
      "p" : "0.04061",
      "s" : "buy",
      "i" : "CHZUSD-PERP",
      "m" : "4611686018431777383"
    }, {
      "d" : "1756392477239972734",
      "t" : 1756392477239,
      "tn" : 1756392477239972734,
      "q" : "10",
      "p" : "0.04061",
      "s" : "buy",
      "i" : "CHZUSD-PERP",
      "m" : "4611686018431777382"
    }, {
      "d" : "1756392476239266965",
      "t" : 1756392476239,
      "tn" : 1756392476239266965,
      "q" : "10",
      "p" : "0.04061",
      "s" : "buy",
      "i" : "CHZUSD-PERP",
      "m" : "4611686018431777381"
    }, {
      "d" : "1756392475238440742",
      "t" : 1756392475238,
      "tn" : 1756392475238440742,
      "q" : "10",
      "p" : "0.04061",
      "s" : "buy",
      "i" : "CHZUSD-PERP",
      "m" : "4611686018431777380"
    }, {
      "d" : "1756392470233921620",
      "t" : 1756392470233,
      "tn" : 1756392470233921620,
      "q" : "10",
      "p" : "0.04061",
      "s" : "buy",
      "i" : "CHZUSD-PERP",
      "m" : "4611686018431777379"
    }, {
      "d" : "1756392469232967873",
      "t" : 1756392469232,
      "tn" : 1756392469232967873,
      "q" : "10",
      "p" : "0.04061",
      "s" : "buy",
      "i" : "CHZUSD-PERP",
      "m" : "4611686018431777378"
    }, {
      "d" : "1756392467231829626",
      "t" : 1756392467231,
      "tn" : 1756392467231829626,
      "q" : "10",
      "p" : "0.04060",
      "s" : "buy",
      "i" : "CHZUSD-PERP",
      "m" : "4611686018431777377"
    }, {
      "d" : "1756392466230565182",
      "t" : 1756392466230,
      "tn" : 1756392466230565182,
      "q" : "10",
      "p" : "0.04060",
      "s" : "buy",
      "i" : "CHZUSD-PERP",
      "m" : "4611686018431777376"
    }, {
      "d" : "1756392465230778191",
      "t" : 1756392465230,
      "tn" : 1756392465230778191,
      "q" : "10",
      "p" : "0.04060",
      "s" : "buy",
      "i" : "CHZUSD-PERP",
      "m" : "4611686018431777375"
    }, {
      "d" : "1756392464229772475",
      "t" : 1756392464229,
      "tn" : 1756392464229772475,
      "q" : "10",
      "p" : "0.04060",
      "s" : "buy",
      "i" : "CHZUSD-PERP",
      "m" : "4611686018431777374"
    }, {
      "d" : "1756392463229093654",
      "t" : 1756392463229,
      "tn" : 1756392463229093654,
      "q" : "10",
      "p" : "0.04060",
      "s" : "buy",
      "i" : "CHZUSD-PERP",
      "m" : "4611686018431777373"
    }, {
      "d" : "1756392462228554408",
      "t" : 1756392462228,
      "tn" : 1756392462228554408,
      "q" : "10",
      "p" : "0.04060",
      "s" : "buy",
      "i" : "CHZUSD-PERP",
      "m" : "4611686018431777372"
    }, {
      "d" : "1756392461227721135",
      "t" : 1756392461227,
      "tn" : 1756392461227721135,
      "q" : "10",
      "p" : "0.04061",
      "s" : "buy",
      "i" : "CHZUSD-PERP",
      "m" : "4611686018431777371"
    }, {
      "d" : "1756392460226542016",
      "t" : 1756392460226,
      "tn" : 1756392460226542016,
      "q" : "10",
      "p" : "0.04061",
      "s" : "buy",
      "i" : "CHZUSD-PERP",
      "m" : "4611686018431777370"
    }, {
      "d" : "1756392459225085435",
      "t" : 1756392459225,
      "tn" : 1756392459225085435,
      "q" : "10",
      "p" : "0.04062",
      "s" : "buy",
      "i" : "CHZUSD-PERP",
      "m" : "4611686018431777369"
    }, {
      "d" : "1756392458224659351",
      "t" : 1756392458224,
      "tn" : 1756392458224659351,
      "q" : "10",
      "p" : "0.04062",
      "s" : "buy",
      "i" : "CHZUSD-PERP",
      "m" : "4611686018431777368"
    }, {
      "d" : "1756392457223536162",
      "t" : 1756392457223,
      "tn" : 1756392457223536162,
      "q" : "10",
      "p" : "0.04062",
      "s" : "buy",
      "i" : "CHZUSD-PERP",
      "m" : "4611686018431777367"
    }, {
      "d" : "1756392456223163284",
      "t" : 1756392456223,
      "tn" : 1756392456223163284,
      "q" : "10",
      "p" : "0.04062",
      "s" : "buy",
      "i" : "CHZUSD-PERP",
      "m" : "4611686018431777366"
    }, {
      "d" : "1756392455223280283",
      "t" : 1756392455223,
      "tn" : 1756392455223280283,
      "q" : "10",
      "p" : "0.04062",
      "s" : "buy",
      "i" : "CHZUSD-PERP",
      "m" : "4611686018431777365"
    }, {
      "d" : "1756392453200512824",
      "t" : 1756392453200,
      "tn" : 1756392453200512824,
      "q" : "10",
      "p" : "0.04062",
      "s" : "buy",
      "i" : "CHZUSD-PERP",
      "m" : "4611686018431777364"
    }, {
      "d" : "1756392452199609581",
      "t" : 1756392452199,
      "tn" : 1756392452199609581,
      "q" : "10",
      "p" : "0.04062",
      "s" : "buy",
      "i" : "CHZUSD-PERP",
      "m" : "4611686018431777363"
    }, {
      "d" : "1756392451198755357",
      "t" : 1756392451198,
      "tn" : 1756392451198755357,
      "q" : "10",
      "p" : "0.04062",
      "s" : "buy",
      "i" : "CHZUSD-PERP",
      "m" : "4611686018431777362"
    }, {
      "d" : "1756392450198524431",
      "t" : 1756392450198,
      "tn" : 1756392450198524431,
      "q" : "10",
      "p" : "0.04062",
      "s" : "buy",
      "i" : "CHZUSD-PERP",
      "m" : "4611686018431777361"
    }, {
      "d" : "1756392449198677125",
      "t" : 1756392449198,
      "tn" : 1756392449198677125,
      "q" : "10",
      "p" : "0.04062",
      "s" : "buy",
      "i" : "CHZUSD-PERP",
      "m" : "4611686018431777360"
    }, {
      "d" : "1756392448197360228",
      "t" : 1756392448197,
      "tn" : 1756392448197360228,
      "q" : "10",
      "p" : "0.04062",
      "s" : "buy",
      "i" : "CHZUSD-PERP",
      "m" : "4611686018431777359"
    }, {
      "d" : "1756392447195531636",
      "t" : 1756392447195,
      "tn" : 1756392447195531636,
      "q" : "10",
      "p" : "0.04062",
      "s" : "buy",
      "i" : "CHZUSD-PERP",
      "m" : "4611686018431777358"
    }, {
      "d" : "1756392446194323623",
      "t" : 1756392446194,
      "tn" : 1756392446194323623,
      "q" : "10",
      "p" : "0.04061",
      "s" : "buy",
      "i" : "CHZUSD-PERP",
      "m" : "4611686018431777357"
    }, {
      "d" : "1756392445193853023",
      "t" : 1756392445193,
      "tn" : 1756392445193853023,
      "q" : "10",
      "p" : "0.04061",
      "s" : "buy",
      "i" : "CHZUSD-PERP",
      "m" : "4611686018431777356"
    }, {
      "d" : "1756392444193439003",
      "t" : 1756392444193,
      "tn" : 1756392444193439003,
      "q" : "10",
      "p" : "0.04059",
      "s" : "buy",
      "i" : "CHZUSD-PERP",
      "m" : "4611686018431777355"
    }, {
      "d" : "1756392443191919464",
      "t" : 1756392443191,
      "tn" : 1756392443191919464,
      "q" : "10",
      "p" : "0.04059",
      "s" : "buy",
      "i" : "CHZUSD-PERP",
      "m" : "4611686018431777354"
    } ]
  }
}