{
  "id" : -1,
  "method" : "public/get-trades",
  "code" : 0,
  "result" : {
    "data" : [ {
      "d" : "1756458151495002632",
      "t" : 1756458151495,
      "tn" : 1756458151495002632,
      "q" : "1040",
      "p" : "0.004784",
      "s" : "sell",
      "i" : "CKB_USD",
      "m" : "4611686018430477561"
    }, {
      "d" : "1756452357674158325",
      "t" : 1756452357674,
      "tn" : 1756452357674158325,
      "q" : "500",
      "p" : "0.004840",
      "s" : "sell",
      "i" : "CKB_USD",
      "m" : "4611686018430477560"
    }, {
      "d" : "1756449584524134093",
      "t" : 1756449584524,
      "tn" : 1756449584524134093,
      "q" : "65000",
      "p" : "0.004910",
      "s" : "sell",
      "i" : "CKB_USD",
      "m" : "4611686018430477559"
    }, {
      "d" : "1756449579579267321",
      "t" : 1756449579579,
      "tn" : 1756449579579267321,
      "q" : "78480",
      "p" : "0.004911",
      "s" : "sell",
      "i" : "CKB_USD",
      "m" : "4611686018430477558"
    }, {
      "d" : "1756449579579265485",
      "t" : 1756449579579,
      "tn" : 1756449579579265485,
      "q" : "2550",
      "p" : "0.004912",
      "s" : "sell",
      "i" : "CKB_USD",
      "m" : "4611686018430477557"
    }, {
      "d" : "1756445708786929896",
      "t" : 1756445708786,
      "tn" : 1756445708786929896,
      "q" : "2160",
      "p" : "0.004961",
      "s" : "sell",
      "i" : "CKB_USD",
      "m" : "4611686018430477556"
    }, {
      "d" : "1756430550937056981",
      "t" : 1756430550937,
      "tn" : 1756430550937056981,
      "q" : "19880",
      "p" : "0.005030",
      "s" : "sell",
      "i" : "CKB_USD",
      "m" : "4611686018430477555"
    }, {
      "d" : "1756425915595015118",
      "t" : 1756425915595,
      "tn" : 1756425915595015118,
      "q" : "19330",
      "p" : "0.005200",
      "s" : "buy",
      "i" : "CKB_USD",
      "m" : "4611686018430477554"
    }, {
      "d" : "1756425913665769595",
      "t" : 1756425913665,
      "tn" : 1756425913665769595,
      "q" : "38360",
      "p" : "0.005200",
      "s" : "buy",
      "i" : "CKB_USD",
      "m" : "4611686018430477553"
    }, {
      "d" : "1756419570109122756",
      "t" : 1756419570109,
      "tn" : 1756419570109122756,
      "q" : "20080",
      "p" : "0.005017",
      "s" : "sell",
      "i" : "CKB_USD",
      "m" : "4611686018430477552"
    }, {
      "d" : "1756419570109119214",
      "t" : 1756419570109,
      "tn" : 1756419570109119214,
      "q" : "19920",
      "p" : "0.005018",
      "s" : "sell",
      "i" : "CKB_USD",
      "m" : "4611686018430477551"
    }, {
      "d" : "1756415319579848170",
      "t" : 1756415319579,
      "tn" : 1756415319579848170,
      "q" : "7940",
      "p" : "0.005122",
      "s" : "buy",
      "i" : "CKB_USD",
      "m" : "4611686018430477550"
    }, {
      "d" : "1756415319579846482",
      "t" : 1756415319579,
      "tn" : 1756415319579846482,
      "q" : "2480",
      "p" : "0.005121",
      "s" : "buy",
      "i" : "CKB_USD",
      "m" : "4611686018430477549"
    }, {
      "d" : "1756408827791465049",
      "t" : 1756408827791,
      "tn" : 1756408827791465049,
      "q" : "27890",
      "p" : "0.005184",
      "s" : "buy",
      "i" : "CKB_USD",
      "m" : "4611686018430477548"
    }, {
      "d" : "1756408827791462943",
      "t" : 1756408827791,
      "tn" : 1756408827791462943,
      "q" : "36820",
      "p" : "0.005183",
      "s" : "buy",
      "i" : "CKB_USD",
      "m" : "4611686018430477547"
    }, {
      "d" : "1756408827791460433",
      "t" : 1756408827791,
      "tn" : 1756408827791460433,
      "q" : "24410",
      "p" : "0.005175",
      "s" : "buy",
      "i" : "CKB_USD",
      "m" : "4611686018430477546"
    }, {
      "d" : "1756408827791458096",
      "t" : 1756408827791,
      "tn" : 1756408827791458096,
      "q" : "28720",
      "p" : "0.005163",
      "s" : "buy",
      "i" : "CKB_USD",
      "m" : "4611686018430477545"
    }, {
      "d" : "1756408827791455514",
      "t" : 1756408827791,
      "tn" : 1756408827791455514,
      "q" : "55460",
      "p" : "0.005162",
      "s" : "buy",
      "i" : "CKB_USD",
      "m" : "4611686018430477544"
    }, {
      "d" : "1756408827791452105",
      "t" : 1756408827791,
      "tn" : 1756408827791452105,
      "q" : "37860",
      "p" : "0.005161",
      "s" : "buy",
      "i" : "CKB_USD",
      "m" : "4611686018430477543"
    }, {
      "d" : "1756408827791448624",
      "t" : 1756408827791,
      "tn" : 1756408827791448624,
      "q" : "8840",
      "p" : "0.005157",
      "s" : "buy",
      "i" : "CKB_USD",
      "m" : "4611686018430477542"
    }, {
      "d" : "1756393213858626041",
      "t" : 1756393213858,
      "tn" : 1756393213858626041,
      "q" : "19400",
      "p" : "0.005109",
      "s" : "buy",
      "i" : "CKB_USD",
      "m" : "4611686018430477541"
    }, {
      "d" : "1756393213322276090",
      "t" : 1756393213322,
      "tn" : 1756393213322276090,
      "q" : "19410",
      "p" : "0.005108",
      "s" : "buy",
      "i" : "CKB_USD",
      "m" : "4611686018430477540"
    }, {
      "d" : "1756393211278716049",
      "t" : 1756393211278,
      "tn" : 1756393211278716049,
      "q" : "19500",
      "p" : "0.005108",
      "s" : "buy",
      "i" : "CKB_USD",
      "m" : "4611686018430477539"
    }, {
      "d" : "1756392410424321264",
      "t" : 1756392410424,
      "tn" : 1756392410424321264,
      "q" : "248410",
      "p" : "0.005120",
      "s" : "sell",
      "i" : "CKB_USD",
      "m" : "4611686018430477538"
    }, {
      "d" : "1756385554878049716",
      "t" : 1756385554878,
      "tn" : 1756385554878049716,
      "q" : "15270",
      "p" : "0.004950",
      "s" : "sell",
      "i" : "CKB_USD",
      "m" : "4611686018430477537"
    }, {
      "d" : "1756385554878047268",
      "t" : 1756385554878,
      "tn" : 1756385554878047268,
      "q" : "74860",
      "p" : "0.004951",
      "s" : "sell",
      "i" : "CKB_USD",
      "m" : "4611686018430477536"
    }, {
      "d" : "1756385554878044652",
      "t" : 1756385554878,
      "tn" : 1756385554878044652,
      "q" : "28720",
      "p" : "0.004967",
      "s" : "sell",
      "i" : "CKB_USD",
      "m" : "4611686018430477535"
    }, {
      "d" : "1756385554878041369",
      "t" : 1756385554878,
      "tn" : 1756385554878041369,
      "q" : "20120",
      "p" : "0.004970",
      "s" : "sell",
      "i" : "CKB_USD",
      "m" : "4611686018430477534"
    }, {
      "d" : "1756384901542214909",
      "t" : 1756384901542,
      "tn" : 1756384901542214909,
      "q" : "980",
      "p" : "0.005084",
      "s" : "buy",
      "i" : "CKB_USD",
      "m" : "4611686018430477533"
    }, {
      "d" : "1756384493288052766",
      "t" : 1756384493288,
      "tn" : 1756384493288052766,
      "q" : "3710",
      "p" : "0.004960",
      "s" : "sell",
      "i" : "CKB_USD",
      "m" : "4611686018430477532"
    } ]
  }
}