{
  "id" : -1,
  "method" : "public/get-trades",
  "code" : 0,
  "result" : {
    "data" : [ {
      "d" : "1756451517397391895",
      "t" : 1756451517397,
      "tn" : 1756451517397391895,
      "q" : "24200",
      "p" : "0.004894",
      "s" : "sell",
      "i" : "CKBUSD-PERP",
      "m" : "4611686018428377578"
    }, {
      "d" : "1756451517394662586",
      "t" : 1756451517394,
      "tn" : 1756451517394662586,
      "q" : "100",
      "p" : "0.004901",
      "s" : "sell",
      "i" : "CKBUSD-PERP",
      "m" : "4611686018428377577"
    }, {
      "d" : "1756445708391028658",
      "t" : 1756445708391,
      "tn" : 1756445708391028658,
      "q" : "100",
      "p" : "0.004975",
      "s" : "sell",
      "i" : "CKBUSD-PERP",
      "m" : "4611686018428377576"
    }, {
      "d" : "1756442403392078176",
      "t" : 1756442403392,
      "tn" : 1756442403392078176,
      "q" : "100",
      "p" : "0.005006",
      "s" : "sell",
      "i" : "CKBUSD-PERP",
      "m" : "4611686018428377575"
    }, {
      "d" : "1756442403392076777",
      "t" : 1756442403392,
      "tn" : 1756442403392076777,
      "q" : "100",
      "p" : "0.005007",
      "s" : "sell",
      "i" : "CKBUSD-PERP",
      "m" : "4611686018428377574"
    }, {
      "d" : "1756440565616829463",
      "t" : 1756440565616,
      "tn" : 1756440565616829462,
      "q" : "100",
      "p" : "0.005005",
      "s" : "sell",
      "i" : "CKBUSD-PERP",
      "m" : "4611686018428377573"
    }, {
      "d" : "1756440565616829462",
      "t" : 1756440565616,
      "tn" : 1756440565616829462,
      "q" : "100",
      "p" : "0.005005",
      "s" : "sell",
      "i" : "CKBUSD-PERP",
      "m" : "4611686018428377573"
    }, {
      "d" : "1756437129199668481",
      "t" : 1756437129199,
      "tn" : 1756437129199668480,
      "q" : "100",
      "p" : "0.005033",
      "s" : "sell",
      "i" : "CKBUSD-PERP",
      "m" : "4611686018428377572"
    }, {
      "d" : "1756437129199668480",
      "t" : 1756437129199,
      "tn" : 1756437129199668480,
      "q" : "39700",
      "p" : "0.005033",
      "s" : "sell",
      "i" : "CKBUSD-PERP",
      "m" : "4611686018428377572"
    }, {
      "d" : "1756436954882700721",
      "t" : 1756436954882,
      "tn" : 1756436954882700721,
      "q" : "100",
      "p" : "0.005038",
      "s" : "sell",
      "i" : "CKBUSD-PERP",
      "m" : "4611686018428377571"
    }, {
      "d" : "1756436954876215592",
      "t" : 1756436954876,
      "tn" : 1756436954876215592,
      "q" : "100",
      "p" : "0.005038",
      "s" : "sell",
      "i" : "CKBUSD-PERP",
      "m" : "4611686018428377570"
    }, {
      "d" : "1756434936749736562",
      "t" : 1756434936749,
      "tn" : 1756434936749736562,
      "q" : "39700",
      "p" : "0.005032",
      "s" : "sell",
      "i" : "CKBUSD-PERP",
      "m" : "4611686018428377569"
    }, {
      "d" : "1756396182188986468",
      "t" : 1756396182188,
      "tn" : 1756396182188986468,
      "q" : "32900",
      "p" : "0.005050",
      "s" : "sell",
      "i" : "CKBUSD-PERP",
      "m" : "4611686018428377568"
    }, {
      "d" : "1756396182188985173",
      "t" : 1756396182188,
      "tn" : 1756396182188985173,
      "q" : "39500",
      "p" : "0.005051",
      "s" : "sell",
      "i" : "CKBUSD-PERP",
      "m" : "4611686018428377567"
    }, {
      "d" : "1756393255328834068",
      "t" : 1756393255328,
      "tn" : 1756393255328834068,
      "q" : "100",
      "p" : "0.005124",
      "s" : "sell",
      "i" : "CKBUSD-PERP",
      "m" : "4611686018428377566"
    }, {
      "d" : "1756393213857800547",
      "t" : 1756393213857,
      "tn" : 1756393213857800547,
      "q" : "19300",
      "p" : "0.005102",
      "s" : "buy",
      "i" : "CKBUSD-PERP",
      "m" : "4611686018428377565"
    }, {
      "d" : "1756393213848803039",
      "t" : 1756393213848,
      "tn" : 1756393213848803039,
      "q" : "100",
      "p" : "0.005106",
      "s" : "sell",
      "i" : "CKBUSD-PERP",
      "m" : "4611686018428377564"
    }, {
      "d" : "1756393213321148446",
      "t" : 1756393213321,
      "tn" : 1756393213321148446,
      "q" : "19500",
      "p" : "0.005102",
      "s" : "buy",
      "i" : "CKBUSD-PERP",
      "m" : "4611686018428377563"
    }, {
      "d" : "1756393211277791988",
      "t" : 1756393211277,
      "tn" : 1756393211277791988,
      "q" : "19400",
      "p" : "0.005101",
      "s" : "buy",
      "i" : "CKBUSD-PERP",
      "m" : "4611686018428377562"
    }, {
      "d" : "1756393211008839743",
      "t" : 1756393211008,
      "tn" : 1756393211008839743,
      "q" : "100",
      "p" : "0.005102",
      "s" : "sell",
      "i" : "CKBUSD-PERP",
      "m" : "4611686018428377561"
    }, {
      "d" : "1756392988586334443",
      "t" : 1756392988586,
      "tn" : 1756392988586334443,
      "q" : "39300",
      "p" : "0.005087",
      "s" : "sell",
      "i" : "CKBUSD-PERP",
      "m" : "4611686018428377560"
    }, {
      "d" : "1756392988583764467",
      "t" : 1756392988583,
      "tn" : 1756392988583764467,
      "q" : "100",
      "p" : "0.005092",
      "s" : "sell",
      "i" : "CKBUSD-PERP",
      "m" : "4611686018428377559"
    } ]
  }
}