{
  "id" : -1,
  "method" : "public/get-trades",
  "code" : 0,
  "result" : {
    "data" : [ {
      "d" : "1756459935854440744",
      "t" : 1756459935854,
      "tn" : 1756459935854440744,
      "q" : "2.82",
      "p" : "42.704",
      "s" : "buy",
      "i" : "COMP_USD",
      "m" : "4611686018430443742"
    }, {
      "d" : "1756459935854438311",
      "t" : 1756459935854,
      "tn" : 1756459935854438311,
      "q" : "0.03",
      "p" : "42.702",
      "s" : "buy",
      "i" : "COMP_USD",
      "m" : "4611686018430443741"
    }, {
      "d" : "1756459911775497241",
      "t" : 1756459911775,
      "tn" : 1756459911775497241,
      "q" : "0.03",
      "p" : "42.707",
      "s" : "buy",
      "i" : "COMP_USD",
      "m" : "4611686018430443740"
    }, {
      "d" : "1756459643491638306",
      "t" : 1756459643491,
      "tn" : 1756459643491638306,
      "q" : "4.85",
      "p" : "42.684",
      "s" : "buy",
      "i" : "COMP_USD",
      "m" : "4611686018430443739"
    }, {
      "d" : "1756459643491635729",
      "t" : 1756459643491,
      "tn" : 1756459643491635729,
      "q" : "0.03",
      "p" : "42.682",
      "s" : "buy",
      "i" : "COMP_USD",
      "m" : "4611686018430443738"
    }, {
      "d" : "1756459478476872031",
      "t" : 1756459478476,
      "tn" : 1756459478476872029,
      "q" : "1.03",
      "p" : "42.672",
      "s" : "buy",
      "i" : "COMP_USD",
      "m" : "4611686018430443737"
    }, {
      "d" : "1756459478476872030",
      "t" : 1756459478476,
      "tn" : 1756459478476872029,
      "q" : "0.03",
      "p" : "42.672",
      "s" : "buy",
      "i" : "COMP_USD",
      "m" : "4611686018430443737"
    }, {
      "d" : "1756459478476872029",
      "t" : 1756459478476,
      "tn" : 1756459478476872029,
      "q" : "1.54",
      "p" : "42.672",
      "s" : "buy",
      "i" : "COMP_USD",
      "m" : "4611686018430443737"
    }, {
      "d" : "1756459475441798853",
      "t" : 1756459475441,
      "tn" : 1756459475441798853,
      "q" : "0.03",
      "p" : "42.682",
      "s" : "buy",
      "i" : "COMP_USD",
      "m" : "4611686018430443736"
    }, {
      "d" : "1756459397336092299",
      "t" : 1756459397336,
      "tn" : 1756459397336092299,
      "q" : "0.03",
      "p" : "42.756",
      "s" : "sell",
      "i" : "COMP_USD",
      "m" : "4611686018430443735"
    }, {
      "d" : "1756459332285597546",
      "t" : 1756459332285,
      "tn" : 1756459332285597546,
      "q" : "0.03",
      "p" : "42.756",
      "s" : "sell",
      "i" : "COMP_USD",
      "m" : "4611686018430443734"
    }, {
      "d" : "1756458491023598219",
      "t" : 1756458491023,
      "tn" : 1756458491023598219,
      "q" : "0.03",
      "p" : "42.402",
      "s" : "buy",
      "i" : "COMP_USD",
      "m" : "4611686018430443733"
    }, {
      "d" : "1756458162339094089",
      "t" : 1756458162339,
      "tn" : 1756458162339094089,
      "q" : "0.03",
      "p" : "42.447",
      "s" : "buy",
      "i" : "COMP_USD",
      "m" : "4611686018430443732"
    }, {
      "d" : "1756458142782301059",
      "t" : 1756458142782,
      "tn" : 1756458142782301059,
      "q" : "0.03",
      "p" : "42.512",
      "s" : "buy",
      "i" : "COMP_USD",
      "m" : "4611686018430443731"
    }, {
      "d" : "1756458010808755174",
      "t" : 1756458010808,
      "tn" : 1756458010808755163,
      "q" : "1.67",
      "p" : "42.567",
      "s" : "sell",
      "i" : "COMP_USD",
      "m" : "4611686018430443730"
    }, {
      "d" : "1756458010808755173",
      "t" : 1756458010808,
      "tn" : 1756458010808755163,
      "q" : "1.67",
      "p" : "42.567",
      "s" : "sell",
      "i" : "COMP_USD",
      "m" : "4611686018430443730"
    }, {
      "d" : "1756458010808755172",
      "t" : 1756458010808,
      "tn" : 1756458010808755163,
      "q" : "1.67",
      "p" : "42.567",
      "s" : "sell",
      "i" : "COMP_USD",
      "m" : "4611686018430443730"
    }, {
      "d" : "1756458010808755171",
      "t" : 1756458010808,
      "tn" : 1756458010808755163,
      "q" : "1.67",
      "p" : "42.567",
      "s" : "sell",
      "i" : "COMP_USD",
      "m" : "4611686018430443730"
    }, {
      "d" : "1756458010808755170",
      "t" : 1756458010808,
      "tn" : 1756458010808755163,
      "q" : "1.67",
      "p" : "42.567",
      "s" : "sell",
      "i" : "COMP_USD",
      "m" : "4611686018430443730"
    }, {
      "d" : "1756458010808755169",
      "t" : 1756458010808,
      "tn" : 1756458010808755163,
      "q" : "1.67",
      "p" : "42.567",
      "s" : "sell",
      "i" : "COMP_USD",
      "m" : "4611686018430443730"
    }, {
      "d" : "1756458010808755168",
      "t" : 1756458010808,
      "tn" : 1756458010808755163,
      "q" : "1.67",
      "p" : "42.567",
      "s" : "sell",
      "i" : "COMP_USD",
      "m" : "4611686018430443730"
    }, {
      "d" : "1756458010808755167",
      "t" : 1756458010808,
      "tn" : 1756458010808755163,
      "q" : "1.67",
      "p" : "42.567",
      "s" : "sell",
      "i" : "COMP_USD",
      "m" : "4611686018430443730"
    }, {
      "d" : "1756458010808755166",
      "t" : 1756458010808,
      "tn" : 1756458010808755163,
      "q" : "1.67",
      "p" : "42.567",
      "s" : "sell",
      "i" : "COMP_USD",
      "m" : "4611686018430443730"
    }, {
      "d" : "1756458010808755165",
      "t" : 1756458010808,
      "tn" : 1756458010808755163,
      "q" : "1.67",
      "p" : "42.567",
      "s" : "sell",
      "i" : "COMP_USD",
      "m" : "4611686018430443730"
    }, {
      "d" : "1756458010808755164",
      "t" : 1756458010808,
      "tn" : 1756458010808755163,
      "q" : "1.67",
      "p" : "42.567",
      "s" : "sell",
      "i" : "COMP_USD",
      "m" : "4611686018430443730"
    }, {
      "d" : "1756458010808755163",
      "t" : 1756458010808,
      "tn" : 1756458010808755163,
      "q" : "1.67",
      "p" : "42.567",
      "s" : "sell",
      "i" : "COMP_USD",
      "m" : "4611686018430443730"
    }, {
      "d" : "1756457863297991264",
      "t" : 1756457863297,
      "tn" : 1756457863297991264,
      "q" : "11.97",
      "p" : "42.567",
      "s" : "sell",
      "i" : "COMP_USD",
      "m" : "4611686018430443729"
    }, {
      "d" : "1756457862051008267",
      "t" : 1756457862051,
      "tn" : 1756457862051008267,
      "q" : "0.03",
      "p" : "42.562",
      "s" : "buy",
      "i" : "COMP_USD",
      "m" : "4611686018430443728"
    }, {
      "d" : "1756457858153745119",
      "t" : 1756457858153,
      "tn" : 1756457858153745119,
      "q" : "0.03",
      "p" : "42.572",
      "s" : "buy",
      "i" : "COMP_USD",
      "m" : "4611686018430443727"
    }, {
      "d" : "1756457579316341915",
      "t" : 1756457579316,
      "tn" : 1756457579316341914,
      "q" : "4.81",
      "p" : "42.707",
      "s" : "buy",
      "i" : "COMP_USD",
      "m" : "4611686018430443726"
    }, {
      "d" : "1756457579316341914",
      "t" : 1756457579316,
      "tn" : 1756457579316341914,
      "q" : "0.03",
      "p" : "42.707",
      "s" : "buy",
      "i" : "COMP_USD",
      "m" : "4611686018430443726"
    }, {
      "d" : "1756457577920902983",
      "t" : 1756457577920,
      "tn" : 1756457577920902981,
      "q" : "5.38",
      "p" : "42.707",
      "s" : "buy",
      "i" : "COMP_USD",
      "m" : "4611686018430443725"
    }, {
      "d" : "1756457577920902982",
      "t" : 1756457577920,
      "tn" : 1756457577920902981,
      "q" : "1.15",
      "p" : "42.707",
      "s" : "buy",
      "i" : "COMP_USD",
      "m" : "4611686018430443725"
    }, {
      "d" : "1756457577920902981",
      "t" : 1756457577920,
      "tn" : 1756457577920902981,
      "q" : "0.03",
      "p" : "42.707",
      "s" : "buy",
      "i" : "COMP_USD",
      "m" : "4611686018430443725"
    }, {
      "d" : "1756457575717754443",
      "t" : 1756457575717,
      "tn" : 1756457575717754443,
      "q" : "0.03",
      "p" : "42.707",
      "s" : "buy",
      "i" : "COMP_USD",
      "m" : "4611686018430443724"
    }, {
      "d" : "1756457208485792656",
      "t" : 1756457208485,
      "tn" : 1756457208485792656,
      "q" : "0.19",
      "p" : "42.741",
      "s" : "buy",
      "i" : "COMP_USD",
      "m" : "4611686018430443723"
    }, {
      "d" : "1756457199061278682",
      "t" : 1756457199061,
      "tn" : 1756457199061278682,
      "q" : "0.81",
      "p" : "42.731",
      "s" : "sell",
      "i" : "COMP_USD",
      "m" : "4611686018430443722"
    }, {
      "d" : "1756457193056979554",
      "t" : 1756457193056,
      "tn" : 1756457193056979554,
      "q" : "0.03",
      "p" : "42.731",
      "s" : "sell",
      "i" : "COMP_USD",
      "m" : "4611686018430443721"
    }, {
      "d" : "1756456740636580378",
      "t" : 1756456740636,
      "tn" : 1756456740636580378,
      "q" : "0.15",
      "p" : "42.755",
      "s" : "sell",
      "i" : "COMP_USD",
      "m" : "4611686018430443720"
    }, {
      "d" : "1756456740636578751",
      "t" : 1756456740636,
      "tn" : 1756456740636578751,
      "q" : "0.03",
      "p" : "42.761",
      "s" : "sell",
      "i" : "COMP_USD",
      "m" : "4611686018430443719"
    }, {
      "d" : "1756456561326393235",
      "t" : 1756456561326,
      "tn" : 1756456561326393235,
      "q" : "0.03",
      "p" : "42.752",
      "s" : "buy",
      "i" : "COMP_USD",
      "m" : "4611686018430443718"
    }, {
      "d" : "1756456401816084889",
      "t" : 1756456401816,
      "tn" : 1756456401816084889,
      "q" : "2.32",
      "p" : "42.792",
      "s" : "buy",
      "i" : "COMP_USD",
      "m" : "4611686018430443717"
    }, {
      "d" : "1756456375348168039",
      "t" : 1756456375348,
      "tn" : 1756456375348168039,
      "q" : "0.03",
      "p" : "42.792",
      "s" : "buy",
      "i" : "COMP_USD",
      "m" : "4611686018430443716"
    }, {
      "d" : "1756456118255831355",
      "t" : 1756456118255,
      "tn" : 1756456118255831355,
      "q" : "4.27",
      "p" : "42.768",
      "s" : "buy",
      "i" : "COMP_USD",
      "m" : "4611686018430443715"
    }, {
      "d" : "1756456118255829553",
      "t" : 1756456118255,
      "tn" : 1756456118255829553,
      "q" : "0.03",
      "p" : "42.767",
      "s" : "buy",
      "i" : "COMP_USD",
      "m" : "4611686018430443714"
    }, {
      "d" : "1756456027526526800",
      "t" : 1756456027526,
      "tn" : 1756456027526526800,
      "q" : "0.03",
      "p" : "42.810",
      "s" : "sell",
      "i" : "COMP_USD",
      "m" : "4611686018430443713"
    }, {
      "d" : "1756455684648846652",
      "t" : 1756455684648,
      "tn" : 1756455684648846652,
      "q" : "0.83",
      "p" : "42.735",
      "s" : "buy",
      "i" : "COMP_USD",
      "m" : "4611686018430443712"
    }, {
      "d" : "1756455681714893384",
      "t" : 1756455681714,
      "tn" : 1756455681714893384,
      "q" : "0.03",
      "p" : "42.735",
      "s" : "sell",
      "i" : "COMP_USD",
      "m" : "4611686018430443711"
    }, {
      "d" : "1756455675633734875",
      "t" : 1756455675633,
      "tn" : 1756455675633734875,
      "q" : "0.03",
      "p" : "42.720",
      "s" : "sell",
      "i" : "COMP_USD",
      "m" : "4611686018430443710"
    }, {
      "d" : "1756455669755381900",
      "t" : 1756455669755,
      "tn" : 1756455669755381900,
      "q" : "0.03",
      "p" : "42.735",
      "s" : "sell",
      "i" : "COMP_USD",
      "m" : "4611686018430443709"
    }, {
      "d" : "1756455663962537273",
      "t" : 1756455663962,
      "tn" : 1756455663962537273,
      "q" : "0.03",
      "p" : "42.755",
      "s" : "sell",
      "i" : "COMP_USD",
      "m" : "4611686018430443708"
    }, {
      "d" : "1756455658060735691",
      "t" : 1756455658060,
      "tn" : 1756455658060735691,
      "q" : "0.03",
      "p" : "42.755",
      "s" : "sell",
      "i" : "COMP_USD",
      "m" : "4611686018430443707"
    }, {
      "d" : "1756455654926172539",
      "t" : 1756455654926,
      "tn" : 1756455654926172539,
      "q" : "0.03",
      "p" : "42.755",
      "s" : "sell",
      "i" : "COMP_USD",
      "m" : "4611686018430443706"
    }, {
      "d" : "1756455648768259031",
      "t" : 1756455648768,
      "tn" : 1756455648768259031,
      "q" : "0.03",
      "p" : "42.755",
      "s" : "sell",
      "i" : "COMP_USD",
      "m" : "4611686018430443705"
    }, {
      "d" : "1756455642842932478",
      "t" : 1756455642842,
      "tn" : 1756455642842932478,
      "q" : "0.03",
      "p" : "42.775",
      "s" : "sell",
      "i" : "COMP_USD",
      "m" : "4611686018430443704"
    }, {
      "d" : "1756455626704777575",
      "t" : 1756455626704,
      "tn" : 1756455626704777575,
      "q" : "0.03",
      "p" : "42.726",
      "s" : "buy",
      "i" : "COMP_USD",
      "m" : "4611686018430443703"
    }, {
      "d" : "1756455440644044262",
      "t" : 1756455440644,
      "tn" : 1756455440644044262,
      "q" : "0.03",
      "p" : "42.776",
      "s" : "buy",
      "i" : "COMP_USD",
      "m" : "4611686018430443702"
    }, {
      "d" : "1756455099328229384",
      "t" : 1756455099328,
      "tn" : 1756455099328229384,
      "q" : "3.18",
      "p" : "42.822",
      "s" : "buy",
      "i" : "COMP_USD",
      "m" : "4611686018430443701"
    }, {
      "d" : "1756455099328227708",
      "t" : 1756455099328,
      "tn" : 1756455099328227708,
      "q" : "0.03",
      "p" : "42.811",
      "s" : "buy",
      "i" : "COMP_USD",
      "m" : "4611686018430443700"
    }, {
      "d" : "1756454895019936096",
      "t" : 1756454895019,
      "tn" : 1756454895019936096,
      "q" : "0.03",
      "p" : "42.960",
      "s" : "sell",
      "i" : "COMP_USD",
      "m" : "4611686018430443699"
    }, {
      "d" : "1756454602625249135",
      "t" : 1756454602625,
      "tn" : 1756454602625249135,
      "q" : "3.67",
      "p" : "43.076",
      "s" : "buy",
      "i" : "COMP_USD",
      "m" : "4611686018430443698"
    }, {
      "d" : "1756454465497555775",
      "t" : 1756454465497,
      "tn" : 1756454465497555775,
      "q" : "0.03",
      "p" : "43.091",
      "s" : "buy",
      "i" : "COMP_USD",
      "m" : "4611686018430443697"
    }, {
      "d" : "1756454235351342051",
      "t" : 1756454235351,
      "tn" : 1756454235351342051,
      "q" : "0.03",
      "p" : "43.046",
      "s" : "buy",
      "i" : "COMP_USD",
      "m" : "4611686018430443696"
    }, {
      "d" : "1756454156662206070",
      "t" : 1756454156662,
      "tn" : 1756454156662206070,
      "q" : "4.84",
      "p" : "43.084",
      "s" : "buy",
      "i" : "COMP_USD",
      "m" : "4611686018430443695"
    }, {
      "d" : "1756454156662203403",
      "t" : 1756454156662,
      "tn" : 1756454156662203403,
      "q" : "0.03",
      "p" : "43.076",
      "s" : "buy",
      "i" : "COMP_USD",
      "m" : "4611686018430443694"
    }, {
      "d" : "1756454156181733273",
      "t" : 1756454156181,
      "tn" : 1756454156181733273,
      "q" : "5.65",
      "p" : "43.079",
      "s" : "buy",
      "i" : "COMP_USD",
      "m" : "4611686018430443693"
    }, {
      "d" : "1756454156181730698",
      "t" : 1756454156181,
      "tn" : 1756454156181730698,
      "q" : "0.03",
      "p" : "43.076",
      "s" : "buy",
      "i" : "COMP_USD",
      "m" : "4611686018430443692"
    }, {
      "d" : "1756453809529176297",
      "t" : 1756453809529,
      "tn" : 1756453809529176297,
      "q" : "0.03",
      "p" : "43.125",
      "s" : "sell",
      "i" : "COMP_USD",
      "m" : "4611686018430443691"
    }, {
      "d" : "1756453685559383142",
      "t" : 1756453685559,
      "tn" : 1756453685559383142,
      "q" : "0.03",
      "p" : "43.150",
      "s" : "sell",
      "i" : "COMP_USD",
      "m" : "4611686018430443690"
    }, {
      "d" : "1756453668806931547",
      "t" : 1756453668806,
      "tn" : 1756453668806931547,
      "q" : "0.03",
      "p" : "43.139",
      "s" : "sell",
      "i" : "COMP_USD",
      "m" : "4611686018430443689"
    }, {
      "d" : "1756453667710530478",
      "t" : 1756453667710,
      "tn" : 1756453667710530478,
      "q" : "0.03",
      "p" : "43.139",
      "s" : "sell",
      "i" : "COMP_USD",
      "m" : "4611686018430443688"
    }, {
      "d" : "1756453664906922918",
      "t" : 1756453664906,
      "tn" : 1756453664906922918,
      "q" : "0.03",
      "p" : "43.140",
      "s" : "sell",
      "i" : "COMP_USD",
      "m" : "4611686018430443687"
    }, {
      "d" : "1756453663839175832",
      "t" : 1756453663839,
      "tn" : 1756453663839175832,
      "q" : "0.03",
      "p" : "43.150",
      "s" : "sell",
      "i" : "COMP_USD",
      "m" : "4611686018430443686"
    }, {
      "d" : "1756453385087100816",
      "t" : 1756453385087,
      "tn" : 1756453385087100816,
      "q" : "3.88",
      "p" : "43.131",
      "s" : "buy",
      "i" : "COMP_USD",
      "m" : "4611686018430443685"
    }, {
      "d" : "1756453038591445533",
      "t" : 1756453038591,
      "tn" : 1756453038591445533,
      "q" : "0.97",
      "p" : "43.110",
      "s" : "buy",
      "i" : "COMP_USD",
      "m" : "4611686018430443684"
    }, {
      "d" : "1756453038591443803",
      "t" : 1756453038591,
      "tn" : 1756453038591443803,
      "q" : "1.16",
      "p" : "43.109",
      "s" : "buy",
      "i" : "COMP_USD",
      "m" : "4611686018430443683"
    }, {
      "d" : "1756453038099127402",
      "t" : 1756453038099,
      "tn" : 1756453038099127402,
      "q" : "5.31",
      "p" : "43.107",
      "s" : "buy",
      "i" : "COMP_USD",
      "m" : "4611686018430443682"
    }, {
      "d" : "1756453038099124949",
      "t" : 1756453038099,
      "tn" : 1756453038099124949,
      "q" : "0.03",
      "p" : "43.096",
      "s" : "buy",
      "i" : "COMP_USD",
      "m" : "4611686018430443681"
    }, {
      "d" : "1756452879430720776",
      "t" : 1756452879430,
      "tn" : 1756452879430720776,
      "q" : "0.03",
      "p" : "43.171",
      "s" : "buy",
      "i" : "COMP_USD",
      "m" : "4611686018430443680"
    }, {
      "d" : "1756452372707187198",
      "t" : 1756452372707,
      "tn" : 1756452372707187198,
      "q" : "3.24",
      "p" : "43.086",
      "s" : "buy",
      "i" : "COMP_USD",
      "m" : "4611686018430443679"
    }, {
      "d" : "1756452068977698446",
      "t" : 1756452068977,
      "tn" : 1756452068977698446,
      "q" : "0.03",
      "p" : "43.245",
      "s" : "sell",
      "i" : "COMP_USD",
      "m" : "4611686018430443678"
    }, {
      "d" : "1756451839511733749",
      "t" : 1756451839511,
      "tn" : 1756451839511733749,
      "q" : "0.03",
      "p" : "43.245",
      "s" : "sell",
      "i" : "COMP_USD",
      "m" : "4611686018430443677"
    }, {
      "d" : "1756451828527834503",
      "t" : 1756451828527,
      "tn" : 1756451828527834503,
      "q" : "0.03",
      "p" : "43.235",
      "s" : "sell",
      "i" : "COMP_USD",
      "m" : "4611686018430443676"
    }, {
      "d" : "1756451743523693892",
      "t" : 1756451743523,
      "tn" : 1756451743523693892,
      "q" : "0.03",
      "p" : "43.176",
      "s" : "buy",
      "i" : "COMP_USD",
      "m" : "4611686018430443675"
    }, {
      "d" : "1756451732845757703",
      "t" : 1756451732845,
      "tn" : 1756451732845757703,
      "q" : "2.23",
      "p" : "43.206",
      "s" : "sell",
      "i" : "COMP_USD",
      "m" : "4611686018430443674"
    }, {
      "d" : "1756451713006785578",
      "t" : 1756451713006,
      "tn" : 1756451713006785578,
      "q" : "0.03",
      "p" : "43.196",
      "s" : "buy",
      "i" : "COMP_USD",
      "m" : "4611686018430443673"
    }, {
      "d" : "1756451699313641747",
      "t" : 1756451699313,
      "tn" : 1756451699313641747,
      "q" : "0.03",
      "p" : "43.151",
      "s" : "buy",
      "i" : "COMP_USD",
      "m" : "4611686018430443672"
    }, {
      "d" : "1756451673752369825",
      "t" : 1756451673752,
      "tn" : 1756451673752369825,
      "q" : "0.03",
      "p" : "43.176",
      "s" : "buy",
      "i" : "COMP_USD",
      "m" : "4611686018430443671"
    }, {
      "d" : "1756451344755585379",
      "t" : 1756451344755,
      "tn" : 1756451344755585379,
      "q" : "0.03",
      "p" : "43.416",
      "s" : "buy",
      "i" : "COMP_USD",
      "m" : "4611686018430443670"
    }, {
      "d" : "1756451341064987273",
      "t" : 1756451341064,
      "tn" : 1756451341064987273,
      "q" : "0.03",
      "p" : "43.401",
      "s" : "buy",
      "i" : "COMP_USD",
      "m" : "4611686018430443669"
    }, {
      "d" : "1756451022306127171",
      "t" : 1756451022306,
      "tn" : 1756451022306127171,
      "q" : "0.03",
      "p" : "43.596",
      "s" : "buy",
      "i" : "COMP_USD",
      "m" : "4611686018430443668"
    }, {
      "d" : "1756450899394324607",
      "t" : 1756450899394,
      "tn" : 1756450899394324607,
      "q" : "20.26",
      "p" : "43.613",
      "s" : "sell",
      "i" : "COMP_USD",
      "m" : "4611686018430443667"
    }, {
      "d" : "1756449885743523111",
      "t" : 1756449885743,
      "tn" : 1756449885743523111,
      "q" : "0.64",
      "p" : "43.695",
      "s" : "buy",
      "i" : "COMP_USD",
      "m" : "4611686018430443666"
    }, {
      "d" : "1756449882941960427",
      "t" : 1756449882941,
      "tn" : 1756449882941960427,
      "q" : "0.03",
      "p" : "43.695",
      "s" : "sell",
      "i" : "COMP_USD",
      "m" : "4611686018430443665"
    }, {
      "d" : "1756449876942210842",
      "t" : 1756449876942,
      "tn" : 1756449876942210842,
      "q" : "0.03",
      "p" : "43.715",
      "s" : "sell",
      "i" : "COMP_USD",
      "m" : "4611686018430443664"
    }, {
      "d" : "1756449870886443103",
      "t" : 1756449870886,
      "tn" : 1756449870886443103,
      "q" : "0.03",
      "p" : "43.735",
      "s" : "sell",
      "i" : "COMP_USD",
      "m" : "4611686018430443663"
    }, {
      "d" : "1756449777315334047",
      "t" : 1756449777315,
      "tn" : 1756449777315334047,
      "q" : "0.03",
      "p" : "43.785",
      "s" : "sell",
      "i" : "COMP_USD",
      "m" : "4611686018430443662"
    }, {
      "d" : "1756449771425039341",
      "t" : 1756449771425,
      "tn" : 1756449771425039341,
      "q" : "0.03",
      "p" : "43.785",
      "s" : "sell",
      "i" : "COMP_USD",
      "m" : "4611686018430443661"
    }, {
      "d" : "1756449769476982659",
      "t" : 1756449769476,
      "tn" : 1756449769476982659,
      "q" : "0.03",
      "p" : "43.785",
      "s" : "sell",
      "i" : "COMP_USD",
      "m" : "4611686018430443660"
    }, {
      "d" : "1756449766966558776",
      "t" : 1756449766966,
      "tn" : 1756449766966558776,
      "q" : "0.03",
      "p" : "43.785",
      "s" : "sell",
      "i" : "COMP_USD",
      "m" : "4611686018430443659"
    }, {
      "d" : "1756449742417173505",
      "t" : 1756449742417,
      "tn" : 1756449742417173505,
      "q" : "0.03",
      "p" : "43.715",
      "s" : "sell",
      "i" : "COMP_USD",
      "m" : "4611686018430443658"
    }, {
      "d" : "1756449718481761823",
      "t" : 1756449718481,
      "tn" : 1756449718481761823,
      "q" : "0.03",
      "p" : "43.695",
      "s" : "sell",
      "i" : "COMP_USD",
      "m" : "4611686018430443657"
    }, {
      "d" : "1756449717305968620",
      "t" : 1756449717305,
      "tn" : 1756449717305968620,
      "q" : "0.03",
      "p" : "43.695",
      "s" : "sell",
      "i" : "COMP_USD",
      "m" : "4611686018430443656"
    }, {
      "d" : "1756449695789094112",
      "t" : 1756449695789,
      "tn" : 1756449695789094112,
      "q" : "0.03",
      "p" : "43.730",
      "s" : "sell",
      "i" : "COMP_USD",
      "m" : "4611686018430443655"
    }, {
      "d" : "1756449694566579993",
      "t" : 1756449694566,
      "tn" : 1756449694566579993,
      "q" : "0.03",
      "p" : "43.735",
      "s" : "sell",
      "i" : "COMP_USD",
      "m" : "4611686018430443654"
    }, {
      "d" : "1756449693557117550",
      "t" : 1756449693557,
      "tn" : 1756449693557117550,
      "q" : "0.03",
      "p" : "43.735",
      "s" : "sell",
      "i" : "COMP_USD",
      "m" : "4611686018430443653"
    }, {
      "d" : "1756449664139785798",
      "t" : 1756449664139,
      "tn" : 1756449664139785798,
      "q" : "0.03",
      "p" : "43.690",
      "s" : "sell",
      "i" : "COMP_USD",
      "m" : "4611686018430443652"
    }, {
      "d" : "1756449625361760424",
      "t" : 1756449625361,
      "tn" : 1756449625361760424,
      "q" : "0.03",
      "p" : "43.695",
      "s" : "sell",
      "i" : "COMP_USD",
      "m" : "4611686018430443651"
    }, {
      "d" : "1756449615529759086",
      "t" : 1756449615529,
      "tn" : 1756449615529759086,
      "q" : "0.03",
      "p" : "43.655",
      "s" : "sell",
      "i" : "COMP_USD",
      "m" : "4611686018430443650"
    }, {
      "d" : "1756449609435538419",
      "t" : 1756449609435,
      "tn" : 1756449609435538419,
      "q" : "0.03",
      "p" : "43.565",
      "s" : "sell",
      "i" : "COMP_USD",
      "m" : "4611686018430443649"
    }, {
      "d" : "1756449605932468110",
      "t" : 1756449605932,
      "tn" : 1756449605932468110,
      "q" : "0.03",
      "p" : "43.625",
      "s" : "sell",
      "i" : "COMP_USD",
      "m" : "4611686018430443648"
    }, {
      "d" : "1756449603363516100",
      "t" : 1756449603363,
      "tn" : 1756449603363516100,
      "q" : "0.03",
      "p" : "43.680",
      "s" : "sell",
      "i" : "COMP_USD",
      "m" : "4611686018430443647"
    }, {
      "d" : "1756449601557865964",
      "t" : 1756449601557,
      "tn" : 1756449601557865964,
      "q" : "0.03",
      "p" : "43.675",
      "s" : "sell",
      "i" : "COMP_USD",
      "m" : "4611686018430443646"
    }, {
      "d" : "1756449599766209218",
      "t" : 1756449599766,
      "tn" : 1756449599766209218,
      "q" : "0.03",
      "p" : "43.730",
      "s" : "sell",
      "i" : "COMP_USD",
      "m" : "4611686018430443645"
    }, {
      "d" : "1756449592742895346",
      "t" : 1756449592742,
      "tn" : 1756449592742895346,
      "q" : "0.03",
      "p" : "43.696",
      "s" : "buy",
      "i" : "COMP_USD",
      "m" : "4611686018430443644"
    }, {
      "d" : "1756449591560212414",
      "t" : 1756449591560,
      "tn" : 1756449591560212414,
      "q" : "0.03",
      "p" : "43.721",
      "s" : "buy",
      "i" : "COMP_USD",
      "m" : "4611686018430443643"
    }, {
      "d" : "1756449590527790234",
      "t" : 1756449590527,
      "tn" : 1756449590527790234,
      "q" : "0.03",
      "p" : "43.736",
      "s" : "buy",
      "i" : "COMP_USD",
      "m" : "4611686018430443642"
    }, {
      "d" : "1756449522451727014",
      "t" : 1756449522451,
      "tn" : 1756449522451727014,
      "q" : "0.03",
      "p" : "43.815",
      "s" : "sell",
      "i" : "COMP_USD",
      "m" : "4611686018430443641"
    }, {
      "d" : "1756449521406919323",
      "t" : 1756449521406,
      "tn" : 1756449521406919323,
      "q" : "0.03",
      "p" : "43.815",
      "s" : "sell",
      "i" : "COMP_USD",
      "m" : "4611686018430443640"
    }, {
      "d" : "1756449520392264672",
      "t" : 1756449520392,
      "tn" : 1756449520392264672,
      "q" : "0.03",
      "p" : "43.815",
      "s" : "sell",
      "i" : "COMP_USD",
      "m" : "4611686018430443639"
    }, {
      "d" : "1756449519379832684",
      "t" : 1756449519379,
      "tn" : 1756449519379832684,
      "q" : "0.03",
      "p" : "43.815",
      "s" : "sell",
      "i" : "COMP_USD",
      "m" : "4611686018430443638"
    }, {
      "d" : "1756449518352726990",
      "t" : 1756449518352,
      "tn" : 1756449518352726990,
      "q" : "0.03",
      "p" : "43.825",
      "s" : "sell",
      "i" : "COMP_USD",
      "m" : "4611686018430443637"
    }, {
      "d" : "1756449517306727007",
      "t" : 1756449517306,
      "tn" : 1756449517306727007,
      "q" : "0.03",
      "p" : "43.825",
      "s" : "sell",
      "i" : "COMP_USD",
      "m" : "4611686018430443636"
    }, {
      "d" : "1756449516302859056",
      "t" : 1756449516302,
      "tn" : 1756449516302859056,
      "q" : "0.03",
      "p" : "43.825",
      "s" : "sell",
      "i" : "COMP_USD",
      "m" : "4611686018430443635"
    }, {
      "d" : "1756449515232111093",
      "t" : 1756449515232,
      "tn" : 1756449515232111093,
      "q" : "0.03",
      "p" : "43.825",
      "s" : "sell",
      "i" : "COMP_USD",
      "m" : "4611686018430443634"
    }, {
      "d" : "1756448607652560819",
      "t" : 1756448607652,
      "tn" : 1756448607652560819,
      "q" : "0.97",
      "p" : "43.793",
      "s" : "sell",
      "i" : "COMP_USD",
      "m" : "4611686018430443633"
    }, {
      "d" : "1756448601726751324",
      "t" : 1756448601726,
      "tn" : 1756448601726751324,
      "q" : "0.03",
      "p" : "43.805",
      "s" : "sell",
      "i" : "COMP_USD",
      "m" : "4611686018430443632"
    }, {
      "d" : "1756448118366002714",
      "t" : 1756448118366,
      "tn" : 1756448118366002714,
      "q" : "0.03",
      "p" : "43.921",
      "s" : "sell",
      "i" : "COMP_USD",
      "m" : "4611686018430443631"
    }, {
      "d" : "1756447706973146635",
      "t" : 1756447706973,
      "tn" : 1756447706973146635,
      "q" : "0.03",
      "p" : "44.026",
      "s" : "sell",
      "i" : "COMP_USD",
      "m" : "4611686018430443630"
    }, {
      "d" : "1756447679312628415",
      "t" : 1756447679312,
      "tn" : 1756447679312628415,
      "q" : "0.03",
      "p" : "44.056",
      "s" : "sell",
      "i" : "COMP_USD",
      "m" : "4611686018430443629"
    }, {
      "d" : "1756447580042732838",
      "t" : 1756447580042,
      "tn" : 1756447580042732838,
      "q" : "0.03",
      "p" : "44.016",
      "s" : "sell",
      "i" : "COMP_USD",
      "m" : "4611686018430443628"
    }, {
      "d" : "1756447516263042225",
      "t" : 1756447516263,
      "tn" : 1756447516263042225,
      "q" : "0.03",
      "p" : "44.026",
      "s" : "sell",
      "i" : "COMP_USD",
      "m" : "4611686018430443627"
    }, {
      "d" : "1756447515206883914",
      "t" : 1756447515206,
      "tn" : 1756447515206883914,
      "q" : "0.03",
      "p" : "44.026",
      "s" : "sell",
      "i" : "COMP_USD",
      "m" : "4611686018430443626"
    }, {
      "d" : "1756447514187143836",
      "t" : 1756447514187,
      "tn" : 1756447514187143836,
      "q" : "0.03",
      "p" : "44.026",
      "s" : "sell",
      "i" : "COMP_USD",
      "m" : "4611686018430443625"
    }, {
      "d" : "1756447506336589893",
      "t" : 1756447506336,
      "tn" : 1756447506336589893,
      "q" : "0.03",
      "p" : "44.041",
      "s" : "sell",
      "i" : "COMP_USD",
      "m" : "4611686018430443624"
    }, {
      "d" : "1756447504735705369",
      "t" : 1756447504735,
      "tn" : 1756447504735705369,
      "q" : "0.03",
      "p" : "44.061",
      "s" : "sell",
      "i" : "COMP_USD",
      "m" : "4611686018430443623"
    }, {
      "d" : "1756447399406922538",
      "t" : 1756447399406,
      "tn" : 1756447399406922538,
      "q" : "0.03",
      "p" : "44.071",
      "s" : "sell",
      "i" : "COMP_USD",
      "m" : "4611686018430443622"
    }, {
      "d" : "1756447398392303203",
      "t" : 1756447398392,
      "tn" : 1756447398392303203,
      "q" : "0.03",
      "p" : "44.071",
      "s" : "sell",
      "i" : "COMP_USD",
      "m" : "4611686018430443621"
    }, {
      "d" : "1756447395588516661",
      "t" : 1756447395588,
      "tn" : 1756447395588516661,
      "q" : "0.03",
      "p" : "44.071",
      "s" : "sell",
      "i" : "COMP_USD",
      "m" : "4611686018430443620"
    }, {
      "d" : "1756447394432001766",
      "t" : 1756447394432,
      "tn" : 1756447394432001766,
      "q" : "0.03",
      "p" : "44.081",
      "s" : "sell",
      "i" : "COMP_USD",
      "m" : "4611686018430443619"
    }, {
      "d" : "1756447382475625866",
      "t" : 1756447382475,
      "tn" : 1756447382475625866,
      "q" : "0.03",
      "p" : "44.081",
      "s" : "sell",
      "i" : "COMP_USD",
      "m" : "4611686018430443618"
    }, {
      "d" : "1756447336038453830",
      "t" : 1756447336038,
      "tn" : 1756447336038453830,
      "q" : "0.03",
      "p" : "44.106",
      "s" : "sell",
      "i" : "COMP_USD",
      "m" : "4611686018430443617"
    }, {
      "d" : "1756447335006928119",
      "t" : 1756447335006,
      "tn" : 1756447335006928119,
      "q" : "0.03",
      "p" : "44.106",
      "s" : "sell",
      "i" : "COMP_USD",
      "m" : "4611686018430443616"
    }, {
      "d" : "1756447333906814118",
      "t" : 1756447333906,
      "tn" : 1756447333906814118,
      "q" : "0.03",
      "p" : "44.116",
      "s" : "sell",
      "i" : "COMP_USD",
      "m" : "4611686018430443615"
    }, {
      "d" : "1756447332887772738",
      "t" : 1756447332887,
      "tn" : 1756447332887772738,
      "q" : "0.03",
      "p" : "44.116",
      "s" : "sell",
      "i" : "COMP_USD",
      "m" : "4611686018430443614"
    }, {
      "d" : "1756447277733735597",
      "t" : 1756447277733,
      "tn" : 1756447277733735597,
      "q" : "0.03",
      "p" : "44.106",
      "s" : "sell",
      "i" : "COMP_USD",
      "m" : "4611686018430443613"
    }, {
      "d" : "1756446689609972286",
      "t" : 1756446689609,
      "tn" : 1756446689609972286,
      "q" : "0.24",
      "p" : "44.058",
      "s" : "sell",
      "i" : "COMP_USD",
      "m" : "4611686018430443612"
    }, {
      "d" : "1756446689609970300",
      "t" : 1756446689609,
      "tn" : 1756446689609970300,
      "q" : "0.03",
      "p" : "44.106",
      "s" : "sell",
      "i" : "COMP_USD",
      "m" : "4611686018430443611"
    }, {
      "d" : "1756446683405729242",
      "t" : 1756446683405,
      "tn" : 1756446683405729242,
      "q" : "0.03",
      "p" : "44.106",
      "s" : "sell",
      "i" : "COMP_USD",
      "m" : "4611686018430443610"
    }, {
      "d" : "1756446677462395492",
      "t" : 1756446677462,
      "tn" : 1756446677462395492,
      "q" : "0.03",
      "p" : "44.141",
      "s" : "sell",
      "i" : "COMP_USD",
      "m" : "4611686018430443609"
    } ]
  }
}