{
  "id" : -1,
  "method" : "public/get-trades",
  "code" : 0,
  "result" : {
    "data" : [ {
      "d" : "1756460525438553014",
      "t" : 1756460525438,
      "tn" : 1756460525438553014,
      "q" : "2.30",
      "p" : "42.667",
      "s" : "buy",
      "i" : "COMP_USDT",
      "m" : "4611686018430531282"
    }, {
      "d" : "1756460525438551870",
      "t" : 1756460525438,
      "tn" : 1756460525438551870,
      "q" : "0.03",
      "p" : "42.666",
      "s" : "buy",
      "i" : "COMP_USDT",
      "m" : "4611686018430531281"
    }, {
      "d" : "1756460411810160910",
      "t" : 1756460411810,
      "tn" : 1756460411810160910,
      "q" : "0.03",
      "p" : "42.651",
      "s" : "buy",
      "i" : "COMP_USDT",
      "m" : "4611686018430531280"
    }, {
      "d" : "1756459881235618962",
      "t" : 1756459881235,
      "tn" : 1756459881235618962,
      "q" : "0.03",
      "p" : "42.716",
      "s" : "buy",
      "i" : "COMP_USDT",
      "m" : "4611686018430531279"
    }, {
      "d" : "1756459798274833378",
      "t" : 1756459798274,
      "tn" : 1756459798274833378,
      "q" : "0.03",
      "p" : "42.751",
      "s" : "buy",
      "i" : "COMP_USDT",
      "m" : "4611686018430531278"
    }, {
      "d" : "1756459788406411541",
      "t" : 1756459788406,
      "tn" : 1756459788406411541,
      "q" : "0.03",
      "p" : "42.751",
      "s" : "buy",
      "i" : "COMP_USDT",
      "m" : "4611686018430531277"
    }, {
      "d" : "1756459787341457798",
      "t" : 1756459787341,
      "tn" : 1756459787341457798,
      "q" : "0.03",
      "p" : "42.751",
      "s" : "buy",
      "i" : "COMP_USDT",
      "m" : "4611686018430531276"
    }, {
      "d" : "1756459782324592860",
      "t" : 1756459782324,
      "tn" : 1756459782324592860,
      "q" : "0.03",
      "p" : "42.751",
      "s" : "buy",
      "i" : "COMP_USDT",
      "m" : "4611686018430531275"
    }, {
      "d" : "1756459779298442995",
      "t" : 1756459779298,
      "tn" : 1756459779298442995,
      "q" : "0.03",
      "p" : "42.751",
      "s" : "buy",
      "i" : "COMP_USDT",
      "m" : "4611686018430531274"
    }, {
      "d" : "1756459778157380750",
      "t" : 1756459778157,
      "tn" : 1756459778157380750,
      "q" : "0.03",
      "p" : "42.751",
      "s" : "buy",
      "i" : "COMP_USDT",
      "m" : "4611686018430531273"
    }, {
      "d" : "1756459545480899915",
      "t" : 1756459545480,
      "tn" : 1756459545480899915,
      "q" : "0.03",
      "p" : "42.706",
      "s" : "buy",
      "i" : "COMP_USDT",
      "m" : "4611686018430531272"
    }, {
      "d" : "1756459524064946917",
      "t" : 1756459524064,
      "tn" : 1756459524064946917,
      "q" : "0.03",
      "p" : "42.681",
      "s" : "buy",
      "i" : "COMP_USDT",
      "m" : "4611686018430531271"
    }, {
      "d" : "1756459512918664896",
      "t" : 1756459512918,
      "tn" : 1756459512918664896,
      "q" : "0.03",
      "p" : "42.671",
      "s" : "buy",
      "i" : "COMP_USDT",
      "m" : "4611686018430531270"
    }, {
      "d" : "1756459511887320659",
      "t" : 1756459511887,
      "tn" : 1756459511887320659,
      "q" : "0.03",
      "p" : "42.666",
      "s" : "buy",
      "i" : "COMP_USDT",
      "m" : "4611686018430531269"
    }, {
      "d" : "1756454465497667759",
      "t" : 1756454465497,
      "tn" : 1756454465497667759,
      "q" : "0.03",
      "p" : "43.081",
      "s" : "buy",
      "i" : "COMP_USDT",
      "m" : "4611686018430531268"
    }, {
      "d" : "1756453663981279048",
      "t" : 1756453663981,
      "tn" : 1756453663981279048,
      "q" : "0.03",
      "p" : "43.139",
      "s" : "sell",
      "i" : "COMP_USDT",
      "m" : "4611686018430531267"
    }, {
      "d" : "1756453236890416093",
      "t" : 1756453236890,
      "tn" : 1756453236890416093,
      "q" : "0.03",
      "p" : "43.116",
      "s" : "buy",
      "i" : "COMP_USDT",
      "m" : "4611686018430531266"
    }, {
      "d" : "1756453235580433028",
      "t" : 1756453235580,
      "tn" : 1756453235580433028,
      "q" : "0.03",
      "p" : "43.116",
      "s" : "buy",
      "i" : "COMP_USDT",
      "m" : "4611686018430531265"
    }, {
      "d" : "1756453234410806589",
      "t" : 1756453234410,
      "tn" : 1756453234410806589,
      "q" : "0.03",
      "p" : "43.116",
      "s" : "buy",
      "i" : "COMP_USDT",
      "m" : "4611686018430531264"
    }, {
      "d" : "1756453200150861628",
      "t" : 1756453200150,
      "tn" : 1756453200150861628,
      "q" : "0.03",
      "p" : "43.171",
      "s" : "buy",
      "i" : "COMP_USDT",
      "m" : "4611686018430531263"
    }, {
      "d" : "1756453094710607625",
      "t" : 1756453094710,
      "tn" : 1756453094710607625,
      "q" : "0.03",
      "p" : "43.171",
      "s" : "buy",
      "i" : "COMP_USDT",
      "m" : "4611686018430531262"
    }, {
      "d" : "1756453091458154085",
      "t" : 1756453091458,
      "tn" : 1756453091458154085,
      "q" : "0.03",
      "p" : "43.141",
      "s" : "buy",
      "i" : "COMP_USDT",
      "m" : "4611686018430531261"
    }, {
      "d" : "1756453089798985015",
      "t" : 1756453089798,
      "tn" : 1756453089798985015,
      "q" : "0.03",
      "p" : "43.121",
      "s" : "buy",
      "i" : "COMP_USDT",
      "m" : "4611686018430531260"
    }, {
      "d" : "1756452879478169083",
      "t" : 1756452879478,
      "tn" : 1756452879478169083,
      "q" : "0.03",
      "p" : "43.161",
      "s" : "buy",
      "i" : "COMP_USDT",
      "m" : "4611686018430531259"
    }, {
      "d" : "1756451856030770600",
      "t" : 1756451856030,
      "tn" : 1756451856030770600,
      "q" : "0.03",
      "p" : "43.201",
      "s" : "buy",
      "i" : "COMP_USDT",
      "m" : "4611686018430531258"
    }, {
      "d" : "1756451852658001219",
      "t" : 1756451852658,
      "tn" : 1756451852658001219,
      "q" : "0.03",
      "p" : "43.181",
      "s" : "buy",
      "i" : "COMP_USDT",
      "m" : "4611686018430531257"
    }, {
      "d" : "1756451851412806540",
      "t" : 1756451851412,
      "tn" : 1756451851412806540,
      "q" : "0.03",
      "p" : "43.181",
      "s" : "buy",
      "i" : "COMP_USDT",
      "m" : "4611686018430531256"
    }, {
      "d" : "1756451743512369890",
      "t" : 1756451743512,
      "tn" : 1756451743512369890,
      "q" : "0.03",
      "p" : "43.161",
      "s" : "buy",
      "i" : "COMP_USDT",
      "m" : "4611686018430531255"
    }, {
      "d" : "1756451712980653044",
      "t" : 1756451712980,
      "tn" : 1756451712980653044,
      "q" : "0.03",
      "p" : "43.181",
      "s" : "buy",
      "i" : "COMP_USDT",
      "m" : "4611686018430531254"
    }, {
      "d" : "1756451699310418972",
      "t" : 1756451699310,
      "tn" : 1756451699310418972,
      "q" : "0.03",
      "p" : "43.136",
      "s" : "buy",
      "i" : "COMP_USDT",
      "m" : "4611686018430531253"
    }, {
      "d" : "1756451673738726936",
      "t" : 1756451673738,
      "tn" : 1756451673738726936,
      "q" : "0.03",
      "p" : "43.161",
      "s" : "buy",
      "i" : "COMP_USDT",
      "m" : "4611686018430531252"
    }, {
      "d" : "1756451588302840115",
      "t" : 1756451588302,
      "tn" : 1756451588302840115,
      "q" : "0.03",
      "p" : "43.281",
      "s" : "buy",
      "i" : "COMP_USDT",
      "m" : "4611686018430531251"
    }, {
      "d" : "1756451587299804377",
      "t" : 1756451587299,
      "tn" : 1756451587299804377,
      "q" : "0.03",
      "p" : "43.281",
      "s" : "buy",
      "i" : "COMP_USDT",
      "m" : "4611686018430531250"
    }, {
      "d" : "1756451417920794133",
      "t" : 1756451417920,
      "tn" : 1756451417920794133,
      "q" : "0.03",
      "p" : "43.456",
      "s" : "buy",
      "i" : "COMP_USDT",
      "m" : "4611686018430531249"
    }, {
      "d" : "1756451344755946375",
      "t" : 1756451344755,
      "tn" : 1756451344755946375,
      "q" : "0.03",
      "p" : "43.401",
      "s" : "buy",
      "i" : "COMP_USDT",
      "m" : "4611686018430531248"
    }, {
      "d" : "1756451343570893349",
      "t" : 1756451343570,
      "tn" : 1756451343570893349,
      "q" : "0.03",
      "p" : "43.416",
      "s" : "buy",
      "i" : "COMP_USDT",
      "m" : "4611686018430531247"
    }, {
      "d" : "1756451342547317967",
      "t" : 1756451342547,
      "tn" : 1756451342547317967,
      "q" : "0.03",
      "p" : "43.416",
      "s" : "buy",
      "i" : "COMP_USDT",
      "m" : "4611686018430531246"
    }, {
      "d" : "1756451341065085650",
      "t" : 1756451341065,
      "tn" : 1756451341065085650,
      "q" : "0.03",
      "p" : "43.386",
      "s" : "buy",
      "i" : "COMP_USDT",
      "m" : "4611686018430531245"
    }, {
      "d" : "1756451271362337389",
      "t" : 1756451271362,
      "tn" : 1756451271362337389,
      "q" : "0.03",
      "p" : "43.406",
      "s" : "buy",
      "i" : "COMP_USDT",
      "m" : "4611686018430531244"
    }, {
      "d" : "1756451270254687476",
      "t" : 1756451270254,
      "tn" : 1756451270254687476,
      "q" : "0.03",
      "p" : "43.426",
      "s" : "buy",
      "i" : "COMP_USDT",
      "m" : "4611686018430531243"
    }, {
      "d" : "1756451269616898535",
      "t" : 1756451269616,
      "tn" : 1756451269616898535,
      "q" : "0.07",
      "p" : "43.387",
      "s" : "sell",
      "i" : "COMP_USDT",
      "m" : "4611686018430531242"
    }, {
      "d" : "1756451269616896806",
      "t" : 1756451269616,
      "tn" : 1756451269616896806,
      "q" : "4.46",
      "p" : "43.388",
      "s" : "sell",
      "i" : "COMP_USDT",
      "m" : "4611686018430531241"
    }, {
      "d" : "1756451269616894213",
      "t" : 1756451269616,
      "tn" : 1756451269616894213,
      "q" : "0.03",
      "p" : "43.444",
      "s" : "sell",
      "i" : "COMP_USDT",
      "m" : "4611686018430531240"
    }, {
      "d" : "1756451263911016908",
      "t" : 1756451263911,
      "tn" : 1756451263911016908,
      "q" : "0.03",
      "p" : "43.435",
      "s" : "buy",
      "i" : "COMP_USDT",
      "m" : "4611686018430531239"
    }, {
      "d" : "1756451262907324865",
      "t" : 1756451262907,
      "tn" : 1756451262907324865,
      "q" : "0.03",
      "p" : "43.436",
      "s" : "buy",
      "i" : "COMP_USDT",
      "m" : "4611686018430531238"
    }, {
      "d" : "1756451261832048581",
      "t" : 1756451261832,
      "tn" : 1756451261832048581,
      "q" : "0.03",
      "p" : "43.436",
      "s" : "buy",
      "i" : "COMP_USDT",
      "m" : "4611686018430531237"
    }, {
      "d" : "1756451189010612188",
      "t" : 1756451189010,
      "tn" : 1756451189010612188,
      "q" : "0.03",
      "p" : "43.551",
      "s" : "buy",
      "i" : "COMP_USDT",
      "m" : "4611686018430531236"
    }, {
      "d" : "1756451188007446556",
      "t" : 1756451188007,
      "tn" : 1756451188007446556,
      "q" : "0.03",
      "p" : "43.551",
      "s" : "buy",
      "i" : "COMP_USDT",
      "m" : "4611686018430531235"
    }, {
      "d" : "1756451186993705113",
      "t" : 1756451186993,
      "tn" : 1756451186993705113,
      "q" : "0.03",
      "p" : "43.556",
      "s" : "buy",
      "i" : "COMP_USDT",
      "m" : "4611686018430531234"
    }, {
      "d" : "1756451177299603524",
      "t" : 1756451177299,
      "tn" : 1756451177299603524,
      "q" : "0.03",
      "p" : "43.586",
      "s" : "buy",
      "i" : "COMP_USDT",
      "m" : "4611686018430531233"
    }, {
      "d" : "1756451176252471302",
      "t" : 1756451176252,
      "tn" : 1756451176252471302,
      "q" : "0.03",
      "p" : "43.576",
      "s" : "buy",
      "i" : "COMP_USDT",
      "m" : "4611686018430531232"
    }, {
      "d" : "1756451159272077521",
      "t" : 1756451159272,
      "tn" : 1756451159272077521,
      "q" : "5.70",
      "p" : "43.577",
      "s" : "buy",
      "i" : "COMP_USDT",
      "m" : "4611686018430531231"
    }, {
      "d" : "1756451159272074797",
      "t" : 1756451159272,
      "tn" : 1756451159272074797,
      "q" : "0.03",
      "p" : "43.566",
      "s" : "buy",
      "i" : "COMP_USDT",
      "m" : "4611686018430531230"
    }, {
      "d" : "1756451092609646940",
      "t" : 1756451092609,
      "tn" : 1756451092609646940,
      "q" : "0.03",
      "p" : "43.645",
      "s" : "buy",
      "i" : "COMP_USDT",
      "m" : "4611686018430531229"
    }, {
      "d" : "1756451071092983406",
      "t" : 1756451071092,
      "tn" : 1756451071092983406,
      "q" : "5.45",
      "p" : "43.654",
      "s" : "buy",
      "i" : "COMP_USDT",
      "m" : "4611686018430531228"
    }, {
      "d" : "1756451071092980704",
      "t" : 1756451071092,
      "tn" : 1756451071092980704,
      "q" : "0.03",
      "p" : "43.636",
      "s" : "buy",
      "i" : "COMP_USDT",
      "m" : "4611686018430531227"
    }, {
      "d" : "1756451026207143228",
      "t" : 1756451026207,
      "tn" : 1756451026207143228,
      "q" : "0.03",
      "p" : "43.586",
      "s" : "buy",
      "i" : "COMP_USDT",
      "m" : "4611686018430531226"
    }, {
      "d" : "1756451025122319583",
      "t" : 1756451025122,
      "tn" : 1756451025122319583,
      "q" : "0.03",
      "p" : "43.586",
      "s" : "buy",
      "i" : "COMP_USDT",
      "m" : "4611686018430531225"
    }, {
      "d" : "1756451024119798918",
      "t" : 1756451024119,
      "tn" : 1756451024119798918,
      "q" : "0.03",
      "p" : "43.586",
      "s" : "buy",
      "i" : "COMP_USDT",
      "m" : "4611686018430531224"
    }, {
      "d" : "1756451021534751443",
      "t" : 1756451021534,
      "tn" : 1756451021534751443,
      "q" : "0.03",
      "p" : "43.581",
      "s" : "buy",
      "i" : "COMP_USDT",
      "m" : "4611686018430531223"
    }, {
      "d" : "1756451019432600996",
      "t" : 1756451019432,
      "tn" : 1756451019432600996,
      "q" : "0.03",
      "p" : "43.536",
      "s" : "buy",
      "i" : "COMP_USDT",
      "m" : "4611686018430531222"
    }, {
      "d" : "1756451013865133151",
      "t" : 1756451013865,
      "tn" : 1756451013865133151,
      "q" : "0.03",
      "p" : "43.506",
      "s" : "buy",
      "i" : "COMP_USDT",
      "m" : "4611686018430531221"
    }, {
      "d" : "1756451012855253270",
      "t" : 1756451012855,
      "tn" : 1756451012855253270,
      "q" : "0.03",
      "p" : "43.491",
      "s" : "buy",
      "i" : "COMP_USDT",
      "m" : "4611686018430531220"
    }, {
      "d" : "1756450997458253567",
      "t" : 1756450997458,
      "tn" : 1756450997458253567,
      "q" : "0.03",
      "p" : "43.461",
      "s" : "buy",
      "i" : "COMP_USDT",
      "m" : "4611686018430531219"
    }, {
      "d" : "1756450994307191784",
      "t" : 1756450994307,
      "tn" : 1756450994307191784,
      "q" : "0.03",
      "p" : "43.451",
      "s" : "buy",
      "i" : "COMP_USDT",
      "m" : "4611686018430531218"
    }, {
      "d" : "1756450993303433799",
      "t" : 1756450993303,
      "tn" : 1756450993303433799,
      "q" : "0.03",
      "p" : "43.451",
      "s" : "buy",
      "i" : "COMP_USDT",
      "m" : "4611686018430531217"
    }, {
      "d" : "1756450992283104679",
      "t" : 1756450992283,
      "tn" : 1756450992283104679,
      "q" : "0.03",
      "p" : "43.451",
      "s" : "buy",
      "i" : "COMP_USDT",
      "m" : "4611686018430531216"
    }, {
      "d" : "1756450989006959153",
      "t" : 1756450989006,
      "tn" : 1756450989006959153,
      "q" : "0.03",
      "p" : "43.451",
      "s" : "buy",
      "i" : "COMP_USDT",
      "m" : "4611686018430531215"
    }, {
      "d" : "1756450987912424292",
      "t" : 1756450987912,
      "tn" : 1756450987912424292,
      "q" : "0.03",
      "p" : "43.451",
      "s" : "buy",
      "i" : "COMP_USDT",
      "m" : "4611686018430531214"
    }, {
      "d" : "1756450983824667320",
      "t" : 1756450983824,
      "tn" : 1756450983824667320,
      "q" : "0.03",
      "p" : "43.426",
      "s" : "buy",
      "i" : "COMP_USDT",
      "m" : "4611686018430531213"
    }, {
      "d" : "1756450956393847517",
      "t" : 1756450956393,
      "tn" : 1756450956393847517,
      "q" : "0.03",
      "p" : "43.491",
      "s" : "buy",
      "i" : "COMP_USDT",
      "m" : "4611686018430531212"
    }, {
      "d" : "1756450953442536512",
      "t" : 1756450953442,
      "tn" : 1756450953442536512,
      "q" : "0.03",
      "p" : "43.446",
      "s" : "buy",
      "i" : "COMP_USDT",
      "m" : "4611686018430531211"
    }, {
      "d" : "1756450948603056552",
      "t" : 1756450948603,
      "tn" : 1756450948603056552,
      "q" : "0.03",
      "p" : "43.496",
      "s" : "buy",
      "i" : "COMP_USDT",
      "m" : "4611686018430531210"
    }, {
      "d" : "1756450812725742605",
      "t" : 1756450812725,
      "tn" : 1756450812725742605,
      "q" : "4.81",
      "p" : "43.818",
      "s" : "buy",
      "i" : "COMP_USDT",
      "m" : "4611686018430531209"
    }, {
      "d" : "1756450812725740376",
      "t" : 1756450812725,
      "tn" : 1756450812725740376,
      "q" : "0.03",
      "p" : "43.806",
      "s" : "buy",
      "i" : "COMP_USDT",
      "m" : "4611686018430531208"
    }, {
      "d" : "1756449796546295740",
      "t" : 1756449796546,
      "tn" : 1756449796546295740,
      "q" : "0.03",
      "p" : "43.736",
      "s" : "buy",
      "i" : "COMP_USDT",
      "m" : "4611686018430531207"
    }, {
      "d" : "1756449601688071617",
      "t" : 1756449601688,
      "tn" : 1756449601688071617,
      "q" : "0.03",
      "p" : "43.664",
      "s" : "sell",
      "i" : "COMP_USDT",
      "m" : "4611686018430531206"
    }, {
      "d" : "1756449591523859395",
      "t" : 1756449591523,
      "tn" : 1756449591523859395,
      "q" : "0.03",
      "p" : "43.711",
      "s" : "buy",
      "i" : "COMP_USDT",
      "m" : "4611686018430531205"
    }, {
      "d" : "1756449590521459860",
      "t" : 1756449590521,
      "tn" : 1756449590521459860,
      "q" : "0.03",
      "p" : "43.726",
      "s" : "buy",
      "i" : "COMP_USDT",
      "m" : "4611686018430531204"
    }, {
      "d" : "1756449589387668818",
      "t" : 1756449589387,
      "tn" : 1756449589387668818,
      "q" : "0.03",
      "p" : "43.735",
      "s" : "buy",
      "i" : "COMP_USDT",
      "m" : "4611686018430531203"
    }, {
      "d" : "1756449552739217720",
      "t" : 1756449552739,
      "tn" : 1756449552739217720,
      "q" : "0.03",
      "p" : "43.776",
      "s" : "buy",
      "i" : "COMP_USDT",
      "m" : "4611686018430531202"
    }, {
      "d" : "1756449549255457097",
      "t" : 1756449549255,
      "tn" : 1756449549255457097,
      "q" : "0.03",
      "p" : "43.776",
      "s" : "buy",
      "i" : "COMP_USDT",
      "m" : "4611686018430531201"
    }, {
      "d" : "1756449518977200877",
      "t" : 1756449518977,
      "tn" : 1756449518977200877,
      "q" : "0.03",
      "p" : "43.814",
      "s" : "sell",
      "i" : "COMP_USDT",
      "m" : "4611686018430531200"
    }, {
      "d" : "1756449516944848671",
      "t" : 1756449516944,
      "tn" : 1756449516944848671,
      "q" : "0.03",
      "p" : "43.814",
      "s" : "sell",
      "i" : "COMP_USDT",
      "m" : "4611686018430531199"
    }, {
      "d" : "1756449515522361261",
      "t" : 1756449515522,
      "tn" : 1756449515522361261,
      "q" : "0.03",
      "p" : "43.824",
      "s" : "sell",
      "i" : "COMP_USDT",
      "m" : "4611686018430531198"
    }, {
      "d" : "1756447336667446731",
      "t" : 1756447336667,
      "tn" : 1756447336667446731,
      "q" : "0.03",
      "p" : "44.099",
      "s" : "sell",
      "i" : "COMP_USDT",
      "m" : "4611686018430531197"
    }, {
      "d" : "1756443929053564779",
      "t" : 1756443929053,
      "tn" : 1756443929053564779,
      "q" : "2.53",
      "p" : "43.893",
      "s" : "buy",
      "i" : "COMP_USDT",
      "m" : "4611686018430531196"
    }, {
      "d" : "1756443929053562975",
      "t" : 1756443929053,
      "tn" : 1756443929053562975,
      "q" : "0.03",
      "p" : "43.836",
      "s" : "buy",
      "i" : "COMP_USDT",
      "m" : "4611686018430531195"
    }, {
      "d" : "1756443165458157284",
      "t" : 1756443165458,
      "tn" : 1756443165458157284,
      "q" : "4.48",
      "p" : "44.065",
      "s" : "sell",
      "i" : "COMP_USDT",
      "m" : "4611686018430531194"
    }, {
      "d" : "1756442918461942799",
      "t" : 1756442918461,
      "tn" : 1756442918461942799,
      "q" : "9.06",
      "p" : "44.115",
      "s" : "sell",
      "i" : "COMP_USDT",
      "m" : "4611686018430531193"
    }, {
      "d" : "1756442912465078567",
      "t" : 1756442912465,
      "tn" : 1756442912465078567,
      "q" : "9.06",
      "p" : "44.127",
      "s" : "sell",
      "i" : "COMP_USDT",
      "m" : "4611686018430531192"
    }, {
      "d" : "1756442902225378276",
      "t" : 1756442902225,
      "tn" : 1756442902225378276,
      "q" : "0.03",
      "p" : "44.126",
      "s" : "buy",
      "i" : "COMP_USDT",
      "m" : "4611686018430531191"
    }, {
      "d" : "1756442791320577061",
      "t" : 1756442791320,
      "tn" : 1756442791320577061,
      "q" : "0.03",
      "p" : "44.136",
      "s" : "buy",
      "i" : "COMP_USDT",
      "m" : "4611686018430531190"
    }, {
      "d" : "1756442707777213990",
      "t" : 1756442707777,
      "tn" : 1756442707777213990,
      "q" : "1.58",
      "p" : "44.211",
      "s" : "buy",
      "i" : "COMP_USDT",
      "m" : "4611686018430531189"
    }, {
      "d" : "1756442707777211963",
      "t" : 1756442707777,
      "tn" : 1756442707777211963,
      "q" : "2.37",
      "p" : "44.210",
      "s" : "buy",
      "i" : "COMP_USDT",
      "m" : "4611686018430531188"
    }, {
      "d" : "1756442707777208962",
      "t" : 1756442707777,
      "tn" : 1756442707777208962,
      "q" : "0.98",
      "p" : "44.133",
      "s" : "buy",
      "i" : "COMP_USDT",
      "m" : "4611686018430531187"
    }, {
      "d" : "1756441760534252989",
      "t" : 1756441760534,
      "tn" : 1756441760534252989,
      "q" : "0.38",
      "p" : "44.273",
      "s" : "buy",
      "i" : "COMP_USDT",
      "m" : "4611686018430531186"
    }, {
      "d" : "1756440780354294333",
      "t" : 1756440780354,
      "tn" : 1756440780354294333,
      "q" : "1.02",
      "p" : "44.171",
      "s" : "buy",
      "i" : "COMP_USDT",
      "m" : "4611686018430531185"
    }, {
      "d" : "1756440780354292827",
      "t" : 1756440780354,
      "tn" : 1756440780354292827,
      "q" : "5.13",
      "p" : "44.105",
      "s" : "buy",
      "i" : "COMP_USDT",
      "m" : "4611686018430531184"
    }, {
      "d" : "1756440780354290953",
      "t" : 1756440780354,
      "tn" : 1756440780354290953,
      "q" : "0.27",
      "p" : "44.104",
      "s" : "buy",
      "i" : "COMP_USDT",
      "m" : "4611686018430531183"
    }, {
      "d" : "1756440780354288086",
      "t" : 1756440780354,
      "tn" : 1756440780354288086,
      "q" : "0.03",
      "p" : "44.091",
      "s" : "buy",
      "i" : "COMP_USDT",
      "m" : "4611686018430531182"
    }, {
      "d" : "1756440600149210260",
      "t" : 1756440600149,
      "tn" : 1756440600149210260,
      "q" : "2.20",
      "p" : "44.114",
      "s" : "buy",
      "i" : "COMP_USDT",
      "m" : "4611686018430531181"
    }, {
      "d" : "1756440600149207849",
      "t" : 1756440600149,
      "tn" : 1756440600149207849,
      "q" : "0.03",
      "p" : "44.106",
      "s" : "buy",
      "i" : "COMP_USDT",
      "m" : "4611686018430531180"
    }, {
      "d" : "1756440514513891334",
      "t" : 1756440514513,
      "tn" : 1756440514513891334,
      "q" : "2.25",
      "p" : "44.144",
      "s" : "buy",
      "i" : "COMP_USDT",
      "m" : "4611686018430531179"
    }, {
      "d" : "1756440392950056542",
      "t" : 1756440392950,
      "tn" : 1756440392950056541,
      "q" : "1.41",
      "p" : "44.186",
      "s" : "buy",
      "i" : "COMP_USDT",
      "m" : "4611686018430531178"
    }, {
      "d" : "1756440392950056541",
      "t" : 1756440392950,
      "tn" : 1756440392950056541,
      "q" : "1.20",
      "p" : "44.186",
      "s" : "buy",
      "i" : "COMP_USDT",
      "m" : "4611686018430531178"
    }, {
      "d" : "1756440190683743291",
      "t" : 1756440190683,
      "tn" : 1756440190683743290,
      "q" : "0.83",
      "p" : "44.266",
      "s" : "buy",
      "i" : "COMP_USDT",
      "m" : "4611686018430531177"
    }, {
      "d" : "1756440190683743290",
      "t" : 1756440190683,
      "tn" : 1756440190683743290,
      "q" : "1.36",
      "p" : "44.266",
      "s" : "buy",
      "i" : "COMP_USDT",
      "m" : "4611686018430531177"
    }, {
      "d" : "1756440072788094135",
      "t" : 1756440072788,
      "tn" : 1756440072788094135,
      "q" : "0.03",
      "p" : "44.224",
      "s" : "buy",
      "i" : "COMP_USDT",
      "m" : "4611686018430531176"
    }, {
      "d" : "1756439722293927362",
      "t" : 1756439722293,
      "tn" : 1756439722293927362,
      "q" : "0.03",
      "p" : "44.329",
      "s" : "sell",
      "i" : "COMP_USDT",
      "m" : "4611686018430531175"
    }, {
      "d" : "1756439721268087890",
      "t" : 1756439721268,
      "tn" : 1756439721268087890,
      "q" : "0.03",
      "p" : "44.329",
      "s" : "sell",
      "i" : "COMP_USDT",
      "m" : "4611686018430531174"
    }, {
      "d" : "1756439720254281635",
      "t" : 1756439720254,
      "tn" : 1756439720254281635,
      "q" : "0.03",
      "p" : "44.329",
      "s" : "sell",
      "i" : "COMP_USDT",
      "m" : "4611686018430531173"
    }, {
      "d" : "1756439718856980348",
      "t" : 1756439718856,
      "tn" : 1756439718856980348,
      "q" : "0.03",
      "p" : "44.329",
      "s" : "sell",
      "i" : "COMP_USDT",
      "m" : "4611686018430531172"
    }, {
      "d" : "1756439710726768007",
      "t" : 1756439710726,
      "tn" : 1756439710726768007,
      "q" : "0.03",
      "p" : "44.339",
      "s" : "sell",
      "i" : "COMP_USDT",
      "m" : "4611686018430531171"
    }, {
      "d" : "1756439704876978822",
      "t" : 1756439704876,
      "tn" : 1756439704876978822,
      "q" : "0.03",
      "p" : "44.390",
      "s" : "buy",
      "i" : "COMP_USDT",
      "m" : "4611686018430531170"
    }, {
      "d" : "1756439704876977269",
      "t" : 1756439704876,
      "tn" : 1756439704876977269,
      "q" : "4.62",
      "p" : "44.325",
      "s" : "buy",
      "i" : "COMP_USDT",
      "m" : "4611686018430531169"
    }, {
      "d" : "1756439462057265467",
      "t" : 1756439462057,
      "tn" : 1756439462057265467,
      "q" : "0.03",
      "p" : "44.252",
      "s" : "buy",
      "i" : "COMP_USDT",
      "m" : "4611686018430531168"
    }, {
      "d" : "1756439262565950944",
      "t" : 1756439262565,
      "tn" : 1756439262565950944,
      "q" : "0.03",
      "p" : "44.199",
      "s" : "sell",
      "i" : "COMP_USDT",
      "m" : "4611686018430531167"
    }, {
      "d" : "1756438680283224538",
      "t" : 1756438680283,
      "tn" : 1756438680283224538,
      "q" : "7.76",
      "p" : "44.279",
      "s" : "buy",
      "i" : "COMP_USDT",
      "m" : "4611686018430531166"
    }, {
      "d" : "1756438680283222939",
      "t" : 1756438680283,
      "tn" : 1756438680283222939,
      "q" : "0.27",
      "p" : "44.278",
      "s" : "buy",
      "i" : "COMP_USDT",
      "m" : "4611686018430531165"
    }, {
      "d" : "1756438425210278788",
      "t" : 1756438425210,
      "tn" : 1756438425210278788,
      "q" : "0.03",
      "p" : "44.114",
      "s" : "sell",
      "i" : "COMP_USDT",
      "m" : "4611686018430531164"
    }, {
      "d" : "1756438300865575873",
      "t" : 1756438300865,
      "tn" : 1756438300865575873,
      "q" : "0.03",
      "p" : "44.104",
      "s" : "sell",
      "i" : "COMP_USDT",
      "m" : "4611686018430531163"
    }, {
      "d" : "1756437987648700568",
      "t" : 1756437987648,
      "tn" : 1756437987648700568,
      "q" : "0.03",
      "p" : "44.114",
      "s" : "sell",
      "i" : "COMP_USDT",
      "m" : "4611686018430531162"
    }, {
      "d" : "1756437925908737431",
      "t" : 1756437925908,
      "tn" : 1756437925908737431,
      "q" : "1.22",
      "p" : "44.156",
      "s" : "buy",
      "i" : "COMP_USDT",
      "m" : "4611686018430531161"
    }, {
      "d" : "1756437925908735031",
      "t" : 1756437925908,
      "tn" : 1756437925908735031,
      "q" : "0.03",
      "p" : "44.146",
      "s" : "buy",
      "i" : "COMP_USDT",
      "m" : "4611686018430531160"
    }, {
      "d" : "1756437408407109946",
      "t" : 1756437408407,
      "tn" : 1756437408407109946,
      "q" : "0.03",
      "p" : "44.069",
      "s" : "sell",
      "i" : "COMP_USDT",
      "m" : "4611686018430531159"
    }, {
      "d" : "1756437407403389376",
      "t" : 1756437407403,
      "tn" : 1756437407403389375,
      "q" : "0.03",
      "p" : "44.071",
      "s" : "sell",
      "i" : "COMP_USDT",
      "m" : "4611686018430531158"
    }, {
      "d" : "1756437407403389375",
      "t" : 1756437407403,
      "tn" : 1756437407403389375,
      "q" : "0.03",
      "p" : "44.071",
      "s" : "sell",
      "i" : "COMP_USDT",
      "m" : "4611686018430531158"
    }, {
      "d" : "1756437143982511922",
      "t" : 1756437143982,
      "tn" : 1756437143982511922,
      "q" : "0.03",
      "p" : "44.164",
      "s" : "sell",
      "i" : "COMP_USDT",
      "m" : "4611686018430531157"
    }, {
      "d" : "1756437122982925790",
      "t" : 1756437122982,
      "tn" : 1756437122982925790,
      "q" : "0.03",
      "p" : "44.184",
      "s" : "sell",
      "i" : "COMP_USDT",
      "m" : "4611686018430531156"
    }, {
      "d" : "1756437119430132800",
      "t" : 1756437119430,
      "tn" : 1756437119430132800,
      "q" : "0.03",
      "p" : "44.184",
      "s" : "sell",
      "i" : "COMP_USDT",
      "m" : "4611686018430531155"
    }, {
      "d" : "1756436458132311839",
      "t" : 1756436458132,
      "tn" : 1756436458132311838,
      "q" : "1.15",
      "p" : "44.193",
      "s" : "buy",
      "i" : "COMP_USDT",
      "m" : "4611686018430531154"
    }, {
      "d" : "1756436458132311838",
      "t" : 1756436458132,
      "tn" : 1756436458132311838,
      "q" : "4.94",
      "p" : "44.193",
      "s" : "buy",
      "i" : "COMP_USDT",
      "m" : "4611686018430531154"
    }, {
      "d" : "1756435947950631996",
      "t" : 1756435947950,
      "tn" : 1756435947950631996,
      "q" : "2.42",
      "p" : "44.161",
      "s" : "buy",
      "i" : "COMP_USDT",
      "m" : "4611686018430531153"
    }, {
      "d" : "1756435124549180240",
      "t" : 1756435124549,
      "tn" : 1756435124549180239,
      "q" : "0.03",
      "p" : "44.064",
      "s" : "sell",
      "i" : "COMP_USDT",
      "m" : "4611686018430531152"
    }, {
      "d" : "1756435124549180239",
      "t" : 1756435124549,
      "tn" : 1756435124549180239,
      "q" : "0.03",
      "p" : "44.064",
      "s" : "sell",
      "i" : "COMP_USDT",
      "m" : "4611686018430531152"
    }, {
      "d" : "1756435123531584635",
      "t" : 1756435123531,
      "tn" : 1756435123531584635,
      "q" : "0.03",
      "p" : "44.066",
      "s" : "sell",
      "i" : "COMP_USDT",
      "m" : "4611686018430531151"
    }, {
      "d" : "1756434307768800137",
      "t" : 1756434307768,
      "tn" : 1756434307768800137,
      "q" : "0.03",
      "p" : "44.294",
      "s" : "sell",
      "i" : "COMP_USDT",
      "m" : "4611686018430531150"
    }, {
      "d" : "1756433625473657260",
      "t" : 1756433625473,
      "tn" : 1756433625473657257,
      "q" : "0.03",
      "p" : "44.114",
      "s" : "buy",
      "i" : "COMP_USDT",
      "m" : "4611686018430531149"
    }, {
      "d" : "1756433625473657259",
      "t" : 1756433625473,
      "tn" : 1756433625473657257,
      "q" : "0.03",
      "p" : "44.114",
      "s" : "buy",
      "i" : "COMP_USDT",
      "m" : "4611686018430531149"
    }, {
      "d" : "1756433625473657258",
      "t" : 1756433625473,
      "tn" : 1756433625473657257,
      "q" : "0.03",
      "p" : "44.114",
      "s" : "buy",
      "i" : "COMP_USDT",
      "m" : "4611686018430531149"
    }, {
      "d" : "1756433625473657257",
      "t" : 1756433625473,
      "tn" : 1756433625473657257,
      "q" : "0.03",
      "p" : "44.114",
      "s" : "buy",
      "i" : "COMP_USDT",
      "m" : "4611686018430531149"
    }, {
      "d" : "1756433605931754695",
      "t" : 1756433605931,
      "tn" : 1756433605931754695,
      "q" : "0.03",
      "p" : "44.054",
      "s" : "sell",
      "i" : "COMP_USDT",
      "m" : "4611686018430531148"
    }, {
      "d" : "1756433600192809122",
      "t" : 1756433600192,
      "tn" : 1756433600192809122,
      "q" : "0.03",
      "p" : "44.059",
      "s" : "sell",
      "i" : "COMP_USDT",
      "m" : "4611686018430531147"
    }, {
      "d" : "1756433599074990030",
      "t" : 1756433599074,
      "tn" : 1756433599074990030,
      "q" : "0.03",
      "p" : "44.069",
      "s" : "sell",
      "i" : "COMP_USDT",
      "m" : "4611686018430531146"
    }, {
      "d" : "1756432989768160968",
      "t" : 1756432989768,
      "tn" : 1756432989768160968,
      "q" : "0.64",
      "p" : "43.975",
      "s" : "buy",
      "i" : "COMP_USDT",
      "m" : "4611686018430531145"
    }, {
      "d" : "1756432948521049518",
      "t" : 1756432948521,
      "tn" : 1756432948521049518,
      "q" : "0.03",
      "p" : "43.914",
      "s" : "sell",
      "i" : "COMP_USDT",
      "m" : "4611686018430531144"
    }, {
      "d" : "1756432936161502897",
      "t" : 1756432936161,
      "tn" : 1756432936161502897,
      "q" : "0.03",
      "p" : "43.934",
      "s" : "sell",
      "i" : "COMP_USDT",
      "m" : "4611686018430531143"
    }, {
      "d" : "1756432934936619135",
      "t" : 1756432934936,
      "tn" : 1756432934936619135,
      "q" : "0.03",
      "p" : "43.939",
      "s" : "sell",
      "i" : "COMP_USDT",
      "m" : "4611686018430531142"
    }, {
      "d" : "1756432932341516242",
      "t" : 1756432932341,
      "tn" : 1756432932341516242,
      "q" : "0.03",
      "p" : "43.939",
      "s" : "sell",
      "i" : "COMP_USDT",
      "m" : "4611686018430531141"
    } ]
  }
}