{
  "id" : -1,
  "method" : "public/get-trades",
  "code" : 0,
  "result" : {
    "data" : [ {
      "d" : "1756460536250210411",
      "t" : 1756460536250,
      "tn" : 1756460536250210411,
      "q" : "0.01",
      "p" : "42.678",
      "s" : "sell",
      "i" : "COMPUSD-PERP",
      "m" : "4611686018430932553"
    }, {
      "d" : "1756460525718428166",
      "t" : 1756460525718,
      "tn" : 1756460525718428166,
      "q" : "2.80",
      "p" : "42.682",
      "s" : "sell",
      "i" : "COMPUSD-PERP",
      "m" : "4611686018430932552"
    }, {
      "d" : "1756460525435999673",
      "t" : 1756460525435,
      "tn" : 1756460525435999673,
      "q" : "2.33",
      "p" : "42.678",
      "s" : "buy",
      "i" : "COMPUSD-PERP",
      "m" : "4611686018430932551"
    }, {
      "d" : "1756460525434736026",
      "t" : 1756460525434,
      "tn" : 1756460525434736026,
      "q" : "2.50",
      "p" : "42.672",
      "s" : "buy",
      "i" : "COMPUSD-PERP",
      "m" : "4611686018430932550"
    }, {
      "d" : "1756460525434734510",
      "t" : 1756460525434,
      "tn" : 1756460525434734510,
      "q" : "0.01",
      "p" : "42.663",
      "s" : "buy",
      "i" : "COMPUSD-PERP",
      "m" : "4611686018430932549"
    }, {
      "d" : "1756460525434732659",
      "t" : 1756460525434,
      "tn" : 1756460525434732659,
      "q" : "0.01",
      "p" : "42.660",
      "s" : "buy",
      "i" : "COMPUSD-PERP",
      "m" : "4611686018430932548"
    }, {
      "d" : "1756460439269247961",
      "t" : 1756460439269,
      "tn" : 1756460439269247961,
      "q" : "2.79",
      "p" : "42.650",
      "s" : "sell",
      "i" : "COMPUSD-PERP",
      "m" : "4611686018430932547"
    }, {
      "d" : "1756460409064361282",
      "t" : 1756460409064,
      "tn" : 1756460409064361282,
      "q" : "0.01",
      "p" : "42.648",
      "s" : "buy",
      "i" : "COMPUSD-PERP",
      "m" : "4611686018430932546"
    }, {
      "d" : "1756460018921028437",
      "t" : 1756460018921,
      "tn" : 1756460018921028437,
      "q" : "0.01",
      "p" : "42.678",
      "s" : "sell",
      "i" : "COMPUSD-PERP",
      "m" : "4611686018430932545"
    }, {
      "d" : "1756459998903522927",
      "t" : 1756459998903,
      "tn" : 1756459998903522927,
      "q" : "0.01",
      "p" : "42.689",
      "s" : "sell",
      "i" : "COMPUSD-PERP",
      "m" : "4611686018430932544"
    }, {
      "d" : "1756459980026364092",
      "t" : 1756459980026,
      "tn" : 1756459980026364092,
      "q" : "0.01",
      "p" : "42.684",
      "s" : "buy",
      "i" : "COMPUSD-PERP",
      "m" : "4611686018430932543"
    }, {
      "d" : "1756459980025892165",
      "t" : 1756459980025,
      "tn" : 1756459980025892165,
      "q" : "0.01",
      "p" : "42.680",
      "s" : "buy",
      "i" : "COMPUSD-PERP",
      "m" : "4611686018430932542"
    }, {
      "d" : "1756459862894236464",
      "t" : 1756459862894,
      "tn" : 1756459862894236464,
      "q" : "0.01",
      "p" : "42.773",
      "s" : "buy",
      "i" : "COMPUSD-PERP",
      "m" : "4611686018430932541"
    }, {
      "d" : "1756459862893679795",
      "t" : 1756459862893,
      "tn" : 1756459862893679795,
      "q" : "0.01",
      "p" : "42.768",
      "s" : "buy",
      "i" : "COMPUSD-PERP",
      "m" : "4611686018430932540"
    }, {
      "d" : "1756459857145855295",
      "t" : 1756459857145,
      "tn" : 1756459857145855295,
      "q" : "0.01",
      "p" : "42.760",
      "s" : "buy",
      "i" : "COMPUSD-PERP",
      "m" : "4611686018430932539"
    }, {
      "d" : "1756459749151363700",
      "t" : 1756459749151,
      "tn" : 1756459749151363700,
      "q" : "0.01",
      "p" : "42.748",
      "s" : "sell",
      "i" : "COMPUSD-PERP",
      "m" : "4611686018430932538"
    }, {
      "d" : "1756459745960398358",
      "t" : 1756459745960,
      "tn" : 1756459745960398358,
      "q" : "0.01",
      "p" : "42.739",
      "s" : "sell",
      "i" : "COMPUSD-PERP",
      "m" : "4611686018430932537"
    }, {
      "d" : "1756459744731875101",
      "t" : 1756459744731,
      "tn" : 1756459744731875101,
      "q" : "0.01",
      "p" : "42.727",
      "s" : "sell",
      "i" : "COMPUSD-PERP",
      "m" : "4611686018430932536"
    }, {
      "d" : "1756459683005151443",
      "t" : 1756459683005,
      "tn" : 1756459683005151443,
      "q" : "0.01",
      "p" : "42.719",
      "s" : "sell",
      "i" : "COMPUSD-PERP",
      "m" : "4611686018430932535"
    }, {
      "d" : "1756459681639195252",
      "t" : 1756459681639,
      "tn" : 1756459681639195252,
      "q" : "0.01",
      "p" : "42.707",
      "s" : "sell",
      "i" : "COMPUSD-PERP",
      "m" : "4611686018430932534"
    }, {
      "d" : "1756459668770257313",
      "t" : 1756459668770,
      "tn" : 1756459668770257313,
      "q" : "0.01",
      "p" : "42.699",
      "s" : "sell",
      "i" : "COMPUSD-PERP",
      "m" : "4611686018430932533"
    }, {
      "d" : "1756459551347652402",
      "t" : 1756459551347,
      "tn" : 1756459551347652402,
      "q" : "0.01",
      "p" : "42.731",
      "s" : "buy",
      "i" : "COMPUSD-PERP",
      "m" : "4611686018430932532"
    }, {
      "d" : "1756459549720046888",
      "t" : 1756459549720,
      "tn" : 1756459549720046888,
      "q" : "0.01",
      "p" : "42.728",
      "s" : "buy",
      "i" : "COMPUSD-PERP",
      "m" : "4611686018430932531"
    }, {
      "d" : "1756459549658611716",
      "t" : 1756459549658,
      "tn" : 1756459549658611716,
      "q" : "0.01",
      "p" : "42.725",
      "s" : "buy",
      "i" : "COMPUSD-PERP",
      "m" : "4611686018430932530"
    }, {
      "d" : "1756459549658609303",
      "t" : 1756459549658,
      "tn" : 1756459549658609303,
      "q" : "0.01",
      "p" : "42.721",
      "s" : "buy",
      "i" : "COMPUSD-PERP",
      "m" : "4611686018430932529"
    }, {
      "d" : "1756459546606369074",
      "t" : 1756459546606,
      "tn" : 1756459546606369074,
      "q" : "0.01",
      "p" : "42.721",
      "s" : "buy",
      "i" : "COMPUSD-PERP",
      "m" : "4611686018430932528"
    }, {
      "d" : "1756459545519828447",
      "t" : 1756459545519,
      "tn" : 1756459545519828447,
      "q" : "0.01",
      "p" : "42.720",
      "s" : "buy",
      "i" : "COMPUSD-PERP",
      "m" : "4611686018430932527"
    }, {
      "d" : "1756459545430921159",
      "t" : 1756459545430,
      "tn" : 1756459545430921159,
      "q" : "0.01",
      "p" : "42.714",
      "s" : "buy",
      "i" : "COMPUSD-PERP",
      "m" : "4611686018430932526"
    }, {
      "d" : "1756459545420224308",
      "t" : 1756459545420,
      "tn" : 1756459545420224308,
      "q" : "0.01",
      "p" : "42.715",
      "s" : "buy",
      "i" : "COMPUSD-PERP",
      "m" : "4611686018430932525"
    }, {
      "d" : "1756459545375466035",
      "t" : 1756459545375,
      "tn" : 1756459545375466035,
      "q" : "0.01",
      "p" : "42.710",
      "s" : "buy",
      "i" : "COMPUSD-PERP",
      "m" : "4611686018430932524"
    }, {
      "d" : "1756459527317377882",
      "t" : 1756459527317,
      "tn" : 1756459527317377882,
      "q" : "0.01",
      "p" : "42.699",
      "s" : "sell",
      "i" : "COMPUSD-PERP",
      "m" : "4611686018430932523"
    }, {
      "d" : "1756459379315801715",
      "t" : 1756459379315,
      "tn" : 1756459379315801715,
      "q" : "0.01",
      "p" : "42.745",
      "s" : "buy",
      "i" : "COMPUSD-PERP",
      "m" : "4611686018430932522"
    }, {
      "d" : "1756459379315799298",
      "t" : 1756459379315,
      "tn" : 1756459379315799298,
      "q" : "0.01",
      "p" : "42.740",
      "s" : "buy",
      "i" : "COMPUSD-PERP",
      "m" : "4611686018430932521"
    }, {
      "d" : "1756459357914159014",
      "t" : 1756459357914,
      "tn" : 1756459357914159014,
      "q" : "0.01",
      "p" : "42.748",
      "s" : "buy",
      "i" : "COMPUSD-PERP",
      "m" : "4611686018430932520"
    }, {
      "d" : "1756459305281615522",
      "t" : 1756459305281,
      "tn" : 1756459305281615522,
      "q" : "0.01",
      "p" : "42.748",
      "s" : "buy",
      "i" : "COMPUSD-PERP",
      "m" : "4611686018430932519"
    }, {
      "d" : "1756459287872068236",
      "t" : 1756459287872,
      "tn" : 1756459287872068236,
      "q" : "0.01",
      "p" : "42.728",
      "s" : "buy",
      "i" : "COMPUSD-PERP",
      "m" : "4611686018430932518"
    }, {
      "d" : "1756459285217694364",
      "t" : 1756459285217,
      "tn" : 1756459285217694364,
      "q" : "0.01",
      "p" : "42.724",
      "s" : "buy",
      "i" : "COMPUSD-PERP",
      "m" : "4611686018430932517"
    }, {
      "d" : "1756459285217214651",
      "t" : 1756459285217,
      "tn" : 1756459285217214651,
      "q" : "0.01",
      "p" : "42.720",
      "s" : "buy",
      "i" : "COMPUSD-PERP",
      "m" : "4611686018430932516"
    }, {
      "d" : "1756459284453445509",
      "t" : 1756459284453,
      "tn" : 1756459284453445509,
      "q" : "0.01",
      "p" : "42.714",
      "s" : "buy",
      "i" : "COMPUSD-PERP",
      "m" : "4611686018430932515"
    }, {
      "d" : "1756459284452853492",
      "t" : 1756459284452,
      "tn" : 1756459284452853492,
      "q" : "0.01",
      "p" : "42.710",
      "s" : "buy",
      "i" : "COMPUSD-PERP",
      "m" : "4611686018430932514"
    }, {
      "d" : "1756459240894287566",
      "t" : 1756459240894,
      "tn" : 1756459240894287566,
      "q" : "0.01",
      "p" : "42.764",
      "s" : "buy",
      "i" : "COMPUSD-PERP",
      "m" : "4611686018430932513"
    }, {
      "d" : "1756459240894182917",
      "t" : 1756459240894,
      "tn" : 1756459240894182917,
      "q" : "0.01",
      "p" : "42.760",
      "s" : "buy",
      "i" : "COMPUSD-PERP",
      "m" : "4611686018430932512"
    }, {
      "d" : "1756459220464451300",
      "t" : 1756459220464,
      "tn" : 1756459220464451300,
      "q" : "0.01",
      "p" : "42.748",
      "s" : "buy",
      "i" : "COMPUSD-PERP",
      "m" : "4611686018430932511"
    }, {
      "d" : "1756459210539662689",
      "t" : 1756459210539,
      "tn" : 1756459210539662689,
      "q" : "0.01",
      "p" : "42.748",
      "s" : "buy",
      "i" : "COMPUSD-PERP",
      "m" : "4611686018430932510"
    }, {
      "d" : "1756459207750293657",
      "t" : 1756459207750,
      "tn" : 1756459207750293657,
      "q" : "0.01",
      "p" : "42.748",
      "s" : "buy",
      "i" : "COMPUSD-PERP",
      "m" : "4611686018430932509"
    }, {
      "d" : "1756459200487966590",
      "t" : 1756459200487,
      "tn" : 1756459200487966590,
      "q" : "0.01",
      "p" : "42.720",
      "s" : "buy",
      "i" : "COMPUSD-PERP",
      "m" : "4611686018430932508"
    }, {
      "d" : "1756459191456965883",
      "t" : 1756459191456,
      "tn" : 1756459191456965882,
      "q" : "2.79",
      "p" : "42.739",
      "s" : "sell",
      "i" : "COMPUSD-PERP",
      "m" : "4611686018430932507"
    }, {
      "d" : "1756459191456965882",
      "t" : 1756459191456,
      "tn" : 1756459191456965882,
      "q" : "0.01",
      "p" : "42.739",
      "s" : "sell",
      "i" : "COMPUSD-PERP",
      "m" : "4611686018430932507"
    }, {
      "d" : "1756459183675122693",
      "t" : 1756459183675,
      "tn" : 1756459183675122693,
      "q" : "0.01",
      "p" : "42.744",
      "s" : "buy",
      "i" : "COMPUSD-PERP",
      "m" : "4611686018430932506"
    }, {
      "d" : "1756459183660037619",
      "t" : 1756459183660,
      "tn" : 1756459183660037619,
      "q" : "0.01",
      "p" : "42.740",
      "s" : "buy",
      "i" : "COMPUSD-PERP",
      "m" : "4611686018430932505"
    }, {
      "d" : "1756459183599870054",
      "t" : 1756459183599,
      "tn" : 1756459183599870054,
      "q" : "0.01",
      "p" : "42.728",
      "s" : "buy",
      "i" : "COMPUSD-PERP",
      "m" : "4611686018430932504"
    }, {
      "d" : "1756459183540068565",
      "t" : 1756459183540,
      "tn" : 1756459183540068565,
      "q" : "0.01",
      "p" : "42.723",
      "s" : "buy",
      "i" : "COMPUSD-PERP",
      "m" : "4611686018430932503"
    }, {
      "d" : "1756459183538377295",
      "t" : 1756459183538,
      "tn" : 1756459183538377295,
      "q" : "0.01",
      "p" : "42.720",
      "s" : "buy",
      "i" : "COMPUSD-PERP",
      "m" : "4611686018430932502"
    }, {
      "d" : "1756459183109989095",
      "t" : 1756459183109,
      "tn" : 1756459183109989095,
      "q" : "0.01",
      "p" : "42.714",
      "s" : "buy",
      "i" : "COMPUSD-PERP",
      "m" : "4611686018430932501"
    }, {
      "d" : "1756459181909834383",
      "t" : 1756459181909,
      "tn" : 1756459181909834383,
      "q" : "0.01",
      "p" : "42.714",
      "s" : "buy",
      "i" : "COMPUSD-PERP",
      "m" : "4611686018430932500"
    }, {
      "d" : "1756459181870879099",
      "t" : 1756459181870,
      "tn" : 1756459181870879099,
      "q" : "0.01",
      "p" : "42.720",
      "s" : "buy",
      "i" : "COMPUSD-PERP",
      "m" : "4611686018430932499"
    }, {
      "d" : "1756459181805021663",
      "t" : 1756459181805,
      "tn" : 1756459181805021663,
      "q" : "0.01",
      "p" : "42.708",
      "s" : "buy",
      "i" : "COMPUSD-PERP",
      "m" : "4611686018430932498"
    }, {
      "d" : "1756459181804270453",
      "t" : 1756459181804,
      "tn" : 1756459181804270453,
      "q" : "0.01",
      "p" : "42.704",
      "s" : "buy",
      "i" : "COMPUSD-PERP",
      "m" : "4611686018430932497"
    }, {
      "d" : "1756459180265472191",
      "t" : 1756459180265,
      "tn" : 1756459180265472191,
      "q" : "0.01",
      "p" : "42.703",
      "s" : "buy",
      "i" : "COMPUSD-PERP",
      "m" : "4611686018430932496"
    }, {
      "d" : "1756459174653427747",
      "t" : 1756459174653,
      "tn" : 1756459174653427747,
      "q" : "0.01",
      "p" : "42.703",
      "s" : "buy",
      "i" : "COMPUSD-PERP",
      "m" : "4611686018430932495"
    }, {
      "d" : "1756459174387469281",
      "t" : 1756459174387,
      "tn" : 1756459174387469281,
      "q" : "0.01",
      "p" : "42.693",
      "s" : "buy",
      "i" : "COMPUSD-PERP",
      "m" : "4611686018430932494"
    }, {
      "d" : "1756459172624518641",
      "t" : 1756459172624,
      "tn" : 1756459172624518641,
      "q" : "0.01",
      "p" : "42.682",
      "s" : "buy",
      "i" : "COMPUSD-PERP",
      "m" : "4611686018430932493"
    }, {
      "d" : "1756459170433732869",
      "t" : 1756459170433,
      "tn" : 1756459170433732869,
      "q" : "0.01",
      "p" : "42.672",
      "s" : "buy",
      "i" : "COMPUSD-PERP",
      "m" : "4611686018430932492"
    }, {
      "d" : "1756459167755485543",
      "t" : 1756459167755,
      "tn" : 1756459167755485543,
      "q" : "0.01",
      "p" : "42.661",
      "s" : "buy",
      "i" : "COMPUSD-PERP",
      "m" : "4611686018430932491"
    }, {
      "d" : "1756459160833874338",
      "t" : 1756459160833,
      "tn" : 1756459160833874338,
      "q" : "0.01",
      "p" : "42.651",
      "s" : "buy",
      "i" : "COMPUSD-PERP",
      "m" : "4611686018430932490"
    }, {
      "d" : "1756459157958793672",
      "t" : 1756459157958,
      "tn" : 1756459157958793672,
      "q" : "0.01",
      "p" : "42.641",
      "s" : "buy",
      "i" : "COMPUSD-PERP",
      "m" : "4611686018430932489"
    }, {
      "d" : "1756459157183789005",
      "t" : 1756459157183,
      "tn" : 1756459157183789005,
      "q" : "0.01",
      "p" : "42.640",
      "s" : "buy",
      "i" : "COMPUSD-PERP",
      "m" : "4611686018430932488"
    }, {
      "d" : "1756459156746910144",
      "t" : 1756459156746,
      "tn" : 1756459156746910144,
      "q" : "0.01",
      "p" : "42.640",
      "s" : "buy",
      "i" : "COMPUSD-PERP",
      "m" : "4611686018430932487"
    }, {
      "d" : "1756459154625755433",
      "t" : 1756459154625,
      "tn" : 1756459154625755433,
      "q" : "0.01",
      "p" : "42.630",
      "s" : "buy",
      "i" : "COMPUSD-PERP",
      "m" : "4611686018430932486"
    }, {
      "d" : "1756459144361706580",
      "t" : 1756459144361,
      "tn" : 1756459144361706580,
      "q" : "0.01",
      "p" : "42.619",
      "s" : "buy",
      "i" : "COMPUSD-PERP",
      "m" : "4611686018430932485"
    }, {
      "d" : "1756459113624749325",
      "t" : 1756459113624,
      "tn" : 1756459113624749325,
      "q" : "0.01",
      "p" : "42.619",
      "s" : "buy",
      "i" : "COMPUSD-PERP",
      "m" : "4611686018430932484"
    }, {
      "d" : "1756459106710425630",
      "t" : 1756459106710,
      "tn" : 1756459106710425630,
      "q" : "0.01",
      "p" : "42.618",
      "s" : "buy",
      "i" : "COMPUSD-PERP",
      "m" : "4611686018430932483"
    }, {
      "d" : "1756459103735291740",
      "t" : 1756459103735,
      "tn" : 1756459103735291740,
      "q" : "0.01",
      "p" : "42.618",
      "s" : "buy",
      "i" : "COMPUSD-PERP",
      "m" : "4611686018430932482"
    }, {
      "d" : "1756459103625196102",
      "t" : 1756459103625,
      "tn" : 1756459103625196102,
      "q" : "0.01",
      "p" : "42.608",
      "s" : "buy",
      "i" : "COMPUSD-PERP",
      "m" : "4611686018430932481"
    }, {
      "d" : "1756459103506816592",
      "t" : 1756459103506,
      "tn" : 1756459103506816592,
      "q" : "0.01",
      "p" : "42.607",
      "s" : "buy",
      "i" : "COMPUSD-PERP",
      "m" : "4611686018430932480"
    }, {
      "d" : "1756459099810501707",
      "t" : 1756459099810,
      "tn" : 1756459099810501707,
      "q" : "0.01",
      "p" : "42.597",
      "s" : "buy",
      "i" : "COMPUSD-PERP",
      "m" : "4611686018430932479"
    }, {
      "d" : "1756459090140755108",
      "t" : 1756459090140,
      "tn" : 1756459090140755108,
      "q" : "0.01",
      "p" : "42.578",
      "s" : "buy",
      "i" : "COMPUSD-PERP",
      "m" : "4611686018430932478"
    }, {
      "d" : "1756459090030354351",
      "t" : 1756459090030,
      "tn" : 1756459090030354351,
      "q" : "0.01",
      "p" : "42.576",
      "s" : "buy",
      "i" : "COMPUSD-PERP",
      "m" : "4611686018430932477"
    }, {
      "d" : "1756459085339925761",
      "t" : 1756459085339,
      "tn" : 1756459085339925761,
      "q" : "0.01",
      "p" : "42.546",
      "s" : "buy",
      "i" : "COMPUSD-PERP",
      "m" : "4611686018430932476"
    }, {
      "d" : "1756459073714465650",
      "t" : 1756459073714,
      "tn" : 1756459073714465650,
      "q" : "0.01",
      "p" : "42.505",
      "s" : "buy",
      "i" : "COMPUSD-PERP",
      "m" : "4611686018430932475"
    }, {
      "d" : "1756459031386487239",
      "t" : 1756459031386,
      "tn" : 1756459031386487239,
      "q" : "0.01",
      "p" : "42.555",
      "s" : "buy",
      "i" : "COMPUSD-PERP",
      "m" : "4611686018430932474"
    }, {
      "d" : "1756458992444575986",
      "t" : 1756458992444,
      "tn" : 1756458992444575986,
      "q" : "0.01",
      "p" : "42.535",
      "s" : "buy",
      "i" : "COMPUSD-PERP",
      "m" : "4611686018430932473"
    }, {
      "d" : "1756458780189627891",
      "t" : 1756458780189,
      "tn" : 1756458780189627891,
      "q" : "0.01",
      "p" : "42.524",
      "s" : "buy",
      "i" : "COMPUSD-PERP",
      "m" : "4611686018430932472"
    }, {
      "d" : "1756458723815654928",
      "t" : 1756458723815,
      "tn" : 1756458723815654928,
      "q" : "0.01",
      "p" : "42.514",
      "s" : "buy",
      "i" : "COMPUSD-PERP",
      "m" : "4611686018430932471"
    }, {
      "d" : "1756458690894136012",
      "t" : 1756458690894,
      "tn" : 1756458690894136012,
      "q" : "0.01",
      "p" : "42.464",
      "s" : "buy",
      "i" : "COMPUSD-PERP",
      "m" : "4611686018430932470"
    }, {
      "d" : "1756458687206685048",
      "t" : 1756458687206,
      "tn" : 1756458687206685048,
      "q" : "0.01",
      "p" : "42.453",
      "s" : "buy",
      "i" : "COMPUSD-PERP",
      "m" : "4611686018430932469"
    }, {
      "d" : "1756458547347259756",
      "t" : 1756458547347,
      "tn" : 1756458547347259756,
      "q" : "0.01",
      "p" : "42.453",
      "s" : "buy",
      "i" : "COMPUSD-PERP",
      "m" : "4611686018430932468"
    }, {
      "d" : "1756458542706930848",
      "t" : 1756458542706,
      "tn" : 1756458542706930848,
      "q" : "0.01",
      "p" : "42.453",
      "s" : "buy",
      "i" : "COMPUSD-PERP",
      "m" : "4611686018430932467"
    }, {
      "d" : "1756458542250569786",
      "t" : 1756458542250,
      "tn" : 1756458542250569786,
      "q" : "0.01",
      "p" : "42.452",
      "s" : "buy",
      "i" : "COMPUSD-PERP",
      "m" : "4611686018430932466"
    }, {
      "d" : "1756458542053529776",
      "t" : 1756458542053,
      "tn" : 1756458542053529776,
      "q" : "0.01",
      "p" : "42.442",
      "s" : "buy",
      "i" : "COMPUSD-PERP",
      "m" : "4611686018430932465"
    }, {
      "d" : "1756458540063450391",
      "t" : 1756458540063,
      "tn" : 1756458540063450391,
      "q" : "0.01",
      "p" : "42.431",
      "s" : "buy",
      "i" : "COMPUSD-PERP",
      "m" : "4611686018430932464"
    }, {
      "d" : "1756458528737708876",
      "t" : 1756458528737,
      "tn" : 1756458528737708876,
      "q" : "0.01",
      "p" : "42.421",
      "s" : "buy",
      "i" : "COMPUSD-PERP",
      "m" : "4611686018430932463"
    }, {
      "d" : "1756458513519882291",
      "t" : 1756458513519,
      "tn" : 1756458513519882291,
      "q" : "0.01",
      "p" : "42.411",
      "s" : "buy",
      "i" : "COMPUSD-PERP",
      "m" : "4611686018430932462"
    }, {
      "d" : "1756458491621169610",
      "t" : 1756458491621,
      "tn" : 1756458491621169610,
      "q" : "0.01",
      "p" : "42.380",
      "s" : "buy",
      "i" : "COMPUSD-PERP",
      "m" : "4611686018430932461"
    }, {
      "d" : "1756458318969313287",
      "t" : 1756458318969,
      "tn" : 1756458318969313287,
      "q" : "0.01",
      "p" : "42.470",
      "s" : "buy",
      "i" : "COMPUSD-PERP",
      "m" : "4611686018430932460"
    }, {
      "d" : "1756458307559219017",
      "t" : 1756458307559,
      "tn" : 1756458307559219017,
      "q" : "2.79",
      "p" : "42.455",
      "s" : "sell",
      "i" : "COMPUSD-PERP",
      "m" : "4611686018430932459"
    }, {
      "d" : "1756458306924396219",
      "t" : 1756458306924,
      "tn" : 1756458306924396219,
      "q" : "2.79",
      "p" : "42.466",
      "s" : "sell",
      "i" : "COMPUSD-PERP",
      "m" : "4611686018430932458"
    }, {
      "d" : "1756458306805370865",
      "t" : 1756458306805,
      "tn" : 1756458306805370865,
      "q" : "0.01",
      "p" : "42.460",
      "s" : "buy",
      "i" : "COMPUSD-PERP",
      "m" : "4611686018430932457"
    }, {
      "d" : "1756458306687216397",
      "t" : 1756458306687,
      "tn" : 1756458306687216397,
      "q" : "0.01",
      "p" : "42.459",
      "s" : "buy",
      "i" : "COMPUSD-PERP",
      "m" : "4611686018430932456"
    }, {
      "d" : "1756458300120203775",
      "t" : 1756458300120,
      "tn" : 1756458300120203775,
      "q" : "0.01",
      "p" : "42.409",
      "s" : "buy",
      "i" : "COMPUSD-PERP",
      "m" : "4611686018430932455"
    }, {
      "d" : "1756458244202744356",
      "t" : 1756458244202,
      "tn" : 1756458244202744356,
      "q" : "0.01",
      "p" : "42.388",
      "s" : "buy",
      "i" : "COMPUSD-PERP",
      "m" : "4611686018430932454"
    }, {
      "d" : "1756458243473497427",
      "t" : 1756458243473,
      "tn" : 1756458243473497427,
      "q" : "0.01",
      "p" : "42.378",
      "s" : "buy",
      "i" : "COMPUSD-PERP",
      "m" : "4611686018430932453"
    }, {
      "d" : "1756458195818466535",
      "t" : 1756458195818,
      "tn" : 1756458195818466535,
      "q" : "0.01",
      "p" : "42.358",
      "s" : "buy",
      "i" : "COMPUSD-PERP",
      "m" : "4611686018430932452"
    }, {
      "d" : "1756458195228124029",
      "t" : 1756458195228,
      "tn" : 1756458195228124029,
      "q" : "0.01",
      "p" : "42.347",
      "s" : "buy",
      "i" : "COMPUSD-PERP",
      "m" : "4611686018430932451"
    }, {
      "d" : "1756458193022185959",
      "t" : 1756458193022,
      "tn" : 1756458193022185959,
      "q" : "0.01",
      "p" : "42.347",
      "s" : "buy",
      "i" : "COMPUSD-PERP",
      "m" : "4611686018430932450"
    }, {
      "d" : "1756458192734153242",
      "t" : 1756458192734,
      "tn" : 1756458192734153242,
      "q" : "0.01",
      "p" : "42.337",
      "s" : "buy",
      "i" : "COMPUSD-PERP",
      "m" : "4611686018430932449"
    }, {
      "d" : "1756458192410118637",
      "t" : 1756458192410,
      "tn" : 1756458192410118637,
      "q" : "0.01",
      "p" : "42.326",
      "s" : "buy",
      "i" : "COMPUSD-PERP",
      "m" : "4611686018430932448"
    }, {
      "d" : "1756458189796590327",
      "t" : 1756458189796,
      "tn" : 1756458189796590327,
      "q" : "0.01",
      "p" : "42.349",
      "s" : "buy",
      "i" : "COMPUSD-PERP",
      "m" : "4611686018430932447"
    }, {
      "d" : "1756458189683510232",
      "t" : 1756458189683,
      "tn" : 1756458189683510232,
      "q" : "0.01",
      "p" : "42.336",
      "s" : "buy",
      "i" : "COMPUSD-PERP",
      "m" : "4611686018430932446"
    }, {
      "d" : "1756458189570618448",
      "t" : 1756458189570,
      "tn" : 1756458189570618448,
      "q" : "0.01",
      "p" : "42.335",
      "s" : "buy",
      "i" : "COMPUSD-PERP",
      "m" : "4611686018430932445"
    }, {
      "d" : "1756458182707920890",
      "t" : 1756458182707,
      "tn" : 1756458182707920889,
      "q" : "2.69",
      "p" : "42.285",
      "s" : "buy",
      "i" : "COMPUSD-PERP",
      "m" : "4611686018430932444"
    }, {
      "d" : "1756458182707920889",
      "t" : 1756458182707,
      "tn" : 1756458182707920889,
      "q" : "0.01",
      "p" : "42.285",
      "s" : "buy",
      "i" : "COMPUSD-PERP",
      "m" : "4611686018430932444"
    }, {
      "d" : "1756458181301124443",
      "t" : 1756458181301,
      "tn" : 1756458181301124442,
      "q" : "2.69",
      "p" : "42.294",
      "s" : "buy",
      "i" : "COMPUSD-PERP",
      "m" : "4611686018430932443"
    }, {
      "d" : "1756458181301124442",
      "t" : 1756458181301,
      "tn" : 1756458181301124442,
      "q" : "0.01",
      "p" : "42.294",
      "s" : "buy",
      "i" : "COMPUSD-PERP",
      "m" : "4611686018430932443"
    }, {
      "d" : "1756458181145924140",
      "t" : 1756458181145,
      "tn" : 1756458181145924140,
      "q" : "2.50",
      "p" : "42.287",
      "s" : "sell",
      "i" : "COMPUSD-PERP",
      "m" : "4611686018430932442"
    }, {
      "d" : "1756458181145921870",
      "t" : 1756458181145,
      "tn" : 1756458181145921870,
      "q" : "0.01",
      "p" : "42.299",
      "s" : "sell",
      "i" : "COMPUSD-PERP",
      "m" : "4611686018430932441"
    }, {
      "d" : "1756458181145918931",
      "t" : 1756458181145,
      "tn" : 1756458181145918931,
      "q" : "0.01",
      "p" : "42.304",
      "s" : "sell",
      "i" : "COMPUSD-PERP",
      "m" : "4611686018430932440"
    }, {
      "d" : "1756458179368302828",
      "t" : 1756458179368,
      "tn" : 1756458179368302828,
      "q" : "2.50",
      "p" : "42.326",
      "s" : "sell",
      "i" : "COMPUSD-PERP",
      "m" : "4611686018430932439"
    }, {
      "d" : "1756458179368299851",
      "t" : 1756458179368,
      "tn" : 1756458179368299851,
      "q" : "0.01",
      "p" : "42.330",
      "s" : "sell",
      "i" : "COMPUSD-PERP",
      "m" : "4611686018430932438"
    }, {
      "d" : "1756458179368297058",
      "t" : 1756458179368,
      "tn" : 1756458179368297058,
      "q" : "0.01",
      "p" : "42.332",
      "s" : "sell",
      "i" : "COMPUSD-PERP",
      "m" : "4611686018430932437"
    }, {
      "d" : "1756458177698873309",
      "t" : 1756458177698,
      "tn" : 1756458177698873309,
      "q" : "0.01",
      "p" : "42.350",
      "s" : "sell",
      "i" : "COMPUSD-PERP",
      "m" : "4611686018430932436"
    }, {
      "d" : "1756458177698871120",
      "t" : 1756458177698,
      "tn" : 1756458177698871120,
      "q" : "0.01",
      "p" : "42.352",
      "s" : "sell",
      "i" : "COMPUSD-PERP",
      "m" : "4611686018430932435"
    }, {
      "d" : "1756458141630541006",
      "t" : 1756458141630,
      "tn" : 1756458141630541005,
      "q" : "2.72",
      "p" : "42.465",
      "s" : "buy",
      "i" : "COMPUSD-PERP",
      "m" : "4611686018430932434"
    }, {
      "d" : "1756458141630541005",
      "t" : 1756458141630,
      "tn" : 1756458141630541005,
      "q" : "0.01",
      "p" : "42.465",
      "s" : "buy",
      "i" : "COMPUSD-PERP",
      "m" : "4611686018430932434"
    }, {
      "d" : "1756458139705898917",
      "t" : 1756458139705,
      "tn" : 1756458139705898917,
      "q" : "0.01",
      "p" : "42.465",
      "s" : "buy",
      "i" : "COMPUSD-PERP",
      "m" : "4611686018430932433"
    }, {
      "d" : "1756458057059263692",
      "t" : 1756458057059,
      "tn" : 1756458057059263692,
      "q" : "2.56",
      "p" : "42.504",
      "s" : "buy",
      "i" : "COMPUSD-PERP",
      "m" : "4611686018430932432"
    }, {
      "d" : "1756458056615458310",
      "t" : 1756458056615,
      "tn" : 1756458056615458310,
      "q" : "0.01",
      "p" : "42.503",
      "s" : "sell",
      "i" : "COMPUSD-PERP",
      "m" : "4611686018430932431"
    }, {
      "d" : "1756458055106517669",
      "t" : 1756458055106,
      "tn" : 1756458055106517669,
      "q" : "0.01",
      "p" : "42.503",
      "s" : "sell",
      "i" : "COMPUSD-PERP",
      "m" : "4611686018430932430"
    }, {
      "d" : "1756458054639887378",
      "t" : 1756458054639,
      "tn" : 1756458054639887378,
      "q" : "0.01",
      "p" : "42.503",
      "s" : "sell",
      "i" : "COMPUSD-PERP",
      "m" : "4611686018430932429"
    }, {
      "d" : "1756458053018747019",
      "t" : 1756458053018,
      "tn" : 1756458053018747019,
      "q" : "0.01",
      "p" : "42.503",
      "s" : "sell",
      "i" : "COMPUSD-PERP",
      "m" : "4611686018430932428"
    }, {
      "d" : "1756458052962472233",
      "t" : 1756458052962,
      "tn" : 1756458052962472233,
      "q" : "0.01",
      "p" : "42.504",
      "s" : "sell",
      "i" : "COMPUSD-PERP",
      "m" : "4611686018430932427"
    }, {
      "d" : "1756458051993538494",
      "t" : 1756458051993,
      "tn" : 1756458051993538494,
      "q" : "0.01",
      "p" : "42.512",
      "s" : "sell",
      "i" : "COMPUSD-PERP",
      "m" : "4611686018430932426"
    }, {
      "d" : "1756458043199625964",
      "t" : 1756458043199,
      "tn" : 1756458043199625964,
      "q" : "0.01",
      "p" : "42.524",
      "s" : "sell",
      "i" : "COMPUSD-PERP",
      "m" : "4611686018430932425"
    }, {
      "d" : "1756457878999847015",
      "t" : 1756457878999,
      "tn" : 1756457878999847015,
      "q" : "0.01",
      "p" : "42.544",
      "s" : "sell",
      "i" : "COMPUSD-PERP",
      "m" : "4611686018430932424"
    }, {
      "d" : "1756457861054448273",
      "t" : 1756457861054,
      "tn" : 1756457861054448273,
      "q" : "0.01",
      "p" : "42.524",
      "s" : "sell",
      "i" : "COMPUSD-PERP",
      "m" : "4611686018430932423"
    }, {
      "d" : "1756457846171273004",
      "t" : 1756457846171,
      "tn" : 1756457846171273004,
      "q" : "0.01",
      "p" : "42.530",
      "s" : "sell",
      "i" : "COMPUSD-PERP",
      "m" : "4611686018430932422"
    }, {
      "d" : "1756457846131110366",
      "t" : 1756457846131,
      "tn" : 1756457846131110366,
      "q" : "0.01",
      "p" : "42.532",
      "s" : "sell",
      "i" : "COMPUSD-PERP",
      "m" : "4611686018430932421"
    }, {
      "d" : "1756457846054162968",
      "t" : 1756457846054,
      "tn" : 1756457846054162968,
      "q" : "0.01",
      "p" : "42.540",
      "s" : "sell",
      "i" : "COMPUSD-PERP",
      "m" : "4611686018430932420"
    }, {
      "d" : "1756457846034124084",
      "t" : 1756457846034,
      "tn" : 1756457846034124084,
      "q" : "0.01",
      "p" : "42.544",
      "s" : "sell",
      "i" : "COMPUSD-PERP",
      "m" : "4611686018430932419"
    }, {
      "d" : "1756457844867883885",
      "t" : 1756457844867,
      "tn" : 1756457844867883885,
      "q" : "0.01",
      "p" : "42.541",
      "s" : "sell",
      "i" : "COMPUSD-PERP",
      "m" : "4611686018430932418"
    }, {
      "d" : "1756457844859208011",
      "t" : 1756457844859,
      "tn" : 1756457844859208011,
      "q" : "0.01",
      "p" : "42.544",
      "s" : "sell",
      "i" : "COMPUSD-PERP",
      "m" : "4611686018430932417"
    }, {
      "d" : "1756457844800166571",
      "t" : 1756457844800,
      "tn" : 1756457844800166571,
      "q" : "0.01",
      "p" : "42.544",
      "s" : "sell",
      "i" : "COMPUSD-PERP",
      "m" : "4611686018430932416"
    }, {
      "d" : "1756457840428993098",
      "t" : 1756457840428,
      "tn" : 1756457840428993098,
      "q" : "0.01",
      "p" : "42.560",
      "s" : "sell",
      "i" : "COMPUSD-PERP",
      "m" : "4611686018430932415"
    }, {
      "d" : "1756457840378803244",
      "t" : 1756457840378,
      "tn" : 1756457840378803244,
      "q" : "0.01",
      "p" : "42.560",
      "s" : "sell",
      "i" : "COMPUSD-PERP",
      "m" : "4611686018430932414"
    }, {
      "d" : "1756457840321040731",
      "t" : 1756457840321,
      "tn" : 1756457840321040731,
      "q" : "0.01",
      "p" : "42.561",
      "s" : "sell",
      "i" : "COMPUSD-PERP",
      "m" : "4611686018430932413"
    }, {
      "d" : "1756457840319958438",
      "t" : 1756457840319,
      "tn" : 1756457840319958438,
      "q" : "0.01",
      "p" : "42.564",
      "s" : "sell",
      "i" : "COMPUSD-PERP",
      "m" : "4611686018430932412"
    }, {
      "d" : "1756457839400239157",
      "t" : 1756457839400,
      "tn" : 1756457839400239156,
      "q" : "0.01",
      "p" : "42.572",
      "s" : "sell",
      "i" : "COMPUSD-PERP",
      "m" : "4611686018430932411"
    }, {
      "d" : "1756457839400239156",
      "t" : 1756457839400,
      "tn" : 1756457839400239156,
      "q" : "0.01",
      "p" : "42.572",
      "s" : "sell",
      "i" : "COMPUSD-PERP",
      "m" : "4611686018430932411"
    }, {
      "d" : "1756457833753802742",
      "t" : 1756457833753,
      "tn" : 1756457833753802741,
      "q" : "0.01",
      "p" : "42.572",
      "s" : "sell",
      "i" : "COMPUSD-PERP",
      "m" : "4611686018430932410"
    }, {
      "d" : "1756457833753802741",
      "t" : 1756457833753,
      "tn" : 1756457833753802741,
      "q" : "0.01",
      "p" : "42.572",
      "s" : "sell",
      "i" : "COMPUSD-PERP",
      "m" : "4611686018430932410"
    } ]
  }
}