{
  "id" : -1,
  "method" : "public/get-trades",
  "code" : 0,
  "result" : {
    "data" : [ {
      "d" : "1756457863142600882",
      "t" : 1756457863142,
      "tn" : 1756457863142600882,
      "q" : "253",
      "p" : "0.12556",
      "s" : "sell",
      "i" : "COOKIE_USD",
      "m" : "4611686018427389433"
    }, {
      "d" : "1756457863141636786",
      "t" : 1756457863141,
      "tn" : 1756457863141636786,
      "q" : "78",
      "p" : "0.12556",
      "s" : "sell",
      "i" : "COOKIE_USD",
      "m" : "4611686018427389432"
    }, {
      "d" : "1756457863141634973",
      "t" : 1756457863141,
      "tn" : 1756457863141634973,
      "q" : "112",
      "p" : "0.12717",
      "s" : "sell",
      "i" : "COOKIE_USD",
      "m" : "4611686018427389431"
    }, {
      "d" : "1756455032756521964",
      "t" : 1756455032756,
      "tn" : 1756455032756521964,
      "q" : "110",
      "p" : "0.12717",
      "s" : "sell",
      "i" : "COOKIE_USD",
      "m" : "4611686018427389430"
    }, {
      "d" : "1756455032659128160",
      "t" : 1756455032659,
      "tn" : 1756455032659128160,
      "q" : "105",
      "p" : "0.12717",
      "s" : "sell",
      "i" : "COOKIE_USD",
      "m" : "4611686018427389429"
    }, {
      "d" : "1756455032659125789",
      "t" : 1756455032659,
      "tn" : 1756455032659125789,
      "q" : "75",
      "p" : "0.12876",
      "s" : "sell",
      "i" : "COOKIE_USD",
      "m" : "4611686018427389428"
    }, {
      "d" : "1756452774775579573",
      "t" : 1756452774775,
      "tn" : 1756452774775579573,
      "q" : "152",
      "p" : "0.12880",
      "s" : "buy",
      "i" : "COOKIE_USD",
      "m" : "4611686018427389427"
    }, {
      "d" : "1756452771140232278",
      "t" : 1756452771140,
      "tn" : 1756452771140232278,
      "q" : "155",
      "p" : "0.12880",
      "s" : "buy",
      "i" : "COOKIE_USD",
      "m" : "4611686018427389426"
    }, {
      "d" : "1756452395569153465",
      "t" : 1756452395569,
      "tn" : 1756452395569153465,
      "q" : "110",
      "p" : "0.12876",
      "s" : "sell",
      "i" : "COOKIE_USD",
      "m" : "4611686018427389425"
    }, {
      "d" : "1756452395429623444",
      "t" : 1756452395429,
      "tn" : 1756452395429623444,
      "q" : "138",
      "p" : "0.12876",
      "s" : "sell",
      "i" : "COOKIE_USD",
      "m" : "4611686018427389424"
    }, {
      "d" : "1756452395429621423",
      "t" : 1756452395429,
      "tn" : 1756452395429621423,
      "q" : "12",
      "p" : "0.13037",
      "s" : "sell",
      "i" : "COOKIE_USD",
      "m" : "4611686018427389423"
    }, {
      "d" : "1756451598088250770",
      "t" : 1756451598088,
      "tn" : 1756451598088250770,
      "q" : "307",
      "p" : "0.13037",
      "s" : "sell",
      "i" : "COOKIE_USD",
      "m" : "4611686018427389422"
    }, {
      "d" : "1756448082134480396",
      "t" : 1756448082134,
      "tn" : 1756448082134480396,
      "q" : "315",
      "p" : "0.13197",
      "s" : "sell",
      "i" : "COOKIE_USD",
      "m" : "4611686018427389421"
    }, {
      "d" : "1756431021542198443",
      "t" : 1756431021542,
      "tn" : 1756431021542198443,
      "q" : "19",
      "p" : "0.13356",
      "s" : "sell",
      "i" : "COOKIE_USD",
      "m" : "4611686018427389420"
    }, {
      "d" : "1756429934865444360",
      "t" : 1756429934865,
      "tn" : 1756429934865444360,
      "q" : "150",
      "p" : "0.13356",
      "s" : "sell",
      "i" : "COOKIE_USD",
      "m" : "4611686018427389419"
    }, {
      "d" : "1756429549100452860",
      "t" : 1756429549100,
      "tn" : 1756429549100452860,
      "q" : "71",
      "p" : "0.13356",
      "s" : "sell",
      "i" : "COOKIE_USD",
      "m" : "4611686018427389418"
    }, {
      "d" : "1756429537001849612",
      "t" : 1756429537001,
      "tn" : 1756429537001849612,
      "q" : "71",
      "p" : "0.13356",
      "s" : "sell",
      "i" : "COOKIE_USD",
      "m" : "4611686018427389417"
    }, {
      "d" : "1756427374413830554",
      "t" : 1756427374413,
      "tn" : 1756427374413830554,
      "q" : "161",
      "p" : "0.13517",
      "s" : "buy",
      "i" : "COOKIE_USD",
      "m" : "4611686018427389416"
    }, {
      "d" : "1756427367311352560",
      "t" : 1756427367311,
      "tn" : 1756427367311352560,
      "q" : "130",
      "p" : "0.13517",
      "s" : "buy",
      "i" : "COOKIE_USD",
      "m" : "4611686018427389415"
    }, {
      "d" : "1756427356178244542",
      "t" : 1756427356178,
      "tn" : 1756427356178244542,
      "q" : "20",
      "p" : "0.13517",
      "s" : "buy",
      "i" : "COOKIE_USD",
      "m" : "4611686018427389414"
    }, {
      "d" : "1756422325204392829",
      "t" : 1756422325204,
      "tn" : 1756422325204392829,
      "q" : "537",
      "p" : "0.13500",
      "s" : "sell",
      "i" : "COOKIE_USD",
      "m" : "4611686018427389413"
    }, {
      "d" : "1756422071580286018",
      "t" : 1756422071580,
      "tn" : 1756422071580286018,
      "q" : "25",
      "p" : "0.13500",
      "s" : "sell",
      "i" : "COOKIE_USD",
      "m" : "4611686018427389412"
    }, {
      "d" : "1756421896275176921",
      "t" : 1756421896275,
      "tn" : 1756421896275176921,
      "q" : "176",
      "p" : "0.13500",
      "s" : "sell",
      "i" : "COOKIE_USD",
      "m" : "4611686018427389411"
    }, {
      "d" : "1756419364506832186",
      "t" : 1756419364506,
      "tn" : 1756419364506832186,
      "q" : "122",
      "p" : "0.13356",
      "s" : "buy",
      "i" : "COOKIE_USD",
      "m" : "4611686018427389410"
    }, {
      "d" : "1756419326311843002",
      "t" : 1756419326311,
      "tn" : 1756419326311843002,
      "q" : "33",
      "p" : "0.13356",
      "s" : "buy",
      "i" : "COOKIE_USD",
      "m" : "4611686018427389409"
    }, {
      "d" : "1756408177906129019",
      "t" : 1756408177906,
      "tn" : 1756408177906129019,
      "q" : "160",
      "p" : "0.13356",
      "s" : "buy",
      "i" : "COOKIE_USD",
      "m" : "4611686018427389408"
    }, {
      "d" : "1756400357118227942",
      "t" : 1756400357118,
      "tn" : 1756400357118227942,
      "q" : "315",
      "p" : "0.13197",
      "s" : "sell",
      "i" : "COOKIE_USD",
      "m" : "4611686018427389407"
    }, {
      "d" : "1756396256032373863",
      "t" : 1756396256032,
      "tn" : 1756396256032373863,
      "q" : "119",
      "p" : "0.13356",
      "s" : "sell",
      "i" : "COOKIE_USD",
      "m" : "4611686018427389406"
    }, {
      "d" : "1756396160095273477",
      "t" : 1756396160095,
      "tn" : 1756396160095273477,
      "q" : "73",
      "p" : "0.13356",
      "s" : "sell",
      "i" : "COOKIE_USD",
      "m" : "4611686018427389405"
    }, {
      "d" : "1756396154942298647",
      "t" : 1756396154942,
      "tn" : 1756396154942298647,
      "q" : "119",
      "p" : "0.13356",
      "s" : "sell",
      "i" : "COOKIE_USD",
      "m" : "4611686018427389404"
    }, {
      "d" : "1756393299541409247",
      "t" : 1756393299541,
      "tn" : 1756393299541409247,
      "q" : "310",
      "p" : "0.13517",
      "s" : "buy",
      "i" : "COOKIE_USD",
      "m" : "4611686018427389403"
    } ]
  }
}