{
  "id" : -1,
  "method" : "public/get-trades",
  "code" : 0,
  "result" : {
    "data" : [ {
      "d" : "1756459535392990556",
      "t" : 1756459535392,
      "tn" : 1756459535392990556,
      "q" : "31000000",
      "p" : "0.0000004850",
      "s" : "sell",
      "i" : "COQ_USD",
      "m" : "4611686018428333660"
    }, {
      "d" : "1756457375372163606",
      "t" : 1756457375372,
      "tn" : 1756457375372163606,
      "q" : "2400000",
      "p" : "0.0000004914",
      "s" : "sell",
      "i" : "COQ_USD",
      "m" : "4611686018428333659"
    }, {
      "d" : "1756457374626621075",
      "t" : 1756457374626,
      "tn" : 1756457374626621075,
      "q" : "2400000",
      "p" : "0.0000004917",
      "s" : "sell",
      "i" : "COQ_USD",
      "m" : "4611686018428333658"
    }, {
      "d" : "1756453841825993479",
      "t" : 1756453841825,
      "tn" : 1756453841825993479,
      "q" : "1037300000",
      "p" : "0.0000005028",
      "s" : "buy",
      "i" : "COQ_USD",
      "m" : "4611686018428333657"
    }, {
      "d" : "1756453775609461968",
      "t" : 1756453775609,
      "tn" : 1756453775609461968,
      "q" : "2400000",
      "p" : "0.0000005002",
      "s" : "buy",
      "i" : "COQ_USD",
      "m" : "4611686018428333656"
    }, {
      "d" : "1756452394902238983",
      "t" : 1756452394902,
      "tn" : 1756452394902238983,
      "q" : "66600000",
      "p" : "0.0000004998",
      "s" : "buy",
      "i" : "COQ_USD",
      "m" : "4611686018428333655"
    }, {
      "d" : "1756452394902237548",
      "t" : 1756452394902,
      "tn" : 1756452394902237548,
      "q" : "2400000",
      "p" : "0.0000004981",
      "s" : "buy",
      "i" : "COQ_USD",
      "m" : "4611686018428333654"
    }, {
      "d" : "1756452394844175272",
      "t" : 1756452394844,
      "tn" : 1756452394844175272,
      "q" : "69000000",
      "p" : "0.0000005004",
      "s" : "buy",
      "i" : "COQ_USD",
      "m" : "4611686018428333653"
    }, {
      "d" : "1756452394762412429",
      "t" : 1756452394762,
      "tn" : 1756452394762412429,
      "q" : "69800000",
      "p" : "0.0000004997",
      "s" : "buy",
      "i" : "COQ_USD",
      "m" : "4611686018428333652"
    }, {
      "d" : "1756452394751508712",
      "t" : 1756452394751,
      "tn" : 1756452394751508712,
      "q" : "67400000",
      "p" : "0.0000004996",
      "s" : "buy",
      "i" : "COQ_USD",
      "m" : "4611686018428333651"
    }, {
      "d" : "1756452394751506614",
      "t" : 1756452394751,
      "tn" : 1756452394751506614,
      "q" : "2400000",
      "p" : "0.0000004975",
      "s" : "buy",
      "i" : "COQ_USD",
      "m" : "4611686018428333650"
    }, {
      "d" : "1756444644893203237",
      "t" : 1756444644893,
      "tn" : 1756444644893203237,
      "q" : "8000000",
      "p" : "0.0000005144",
      "s" : "buy",
      "i" : "COQ_USD",
      "m" : "4611686018428333649"
    }, {
      "d" : "1756444644893200472",
      "t" : 1756444644893,
      "tn" : 1756444644893200472,
      "q" : "2400000",
      "p" : "0.0000005122",
      "s" : "buy",
      "i" : "COQ_USD",
      "m" : "4611686018428333648"
    }, {
      "d" : "1756442494120302464",
      "t" : 1756442494120,
      "tn" : 1756442494120302464,
      "q" : "1500000",
      "p" : "0.0000005089",
      "s" : "buy",
      "i" : "COQ_USD",
      "m" : "4611686018428333647"
    }, {
      "d" : "1756389585466325172",
      "t" : 1756389585466,
      "tn" : 1756389585466325172,
      "q" : "10000000",
      "p" : "0.0000005089",
      "s" : "sell",
      "i" : "COQ_USD",
      "m" : "4611686018428333646"
    }, {
      "d" : "1756385443089155920",
      "t" : 1756385443089,
      "tn" : 1756385443089155920,
      "q" : "31000000",
      "p" : "0.0000005089",
      "s" : "sell",
      "i" : "COQ_USD",
      "m" : "4611686018428333645"
    }, {
      "d" : "1756385443086428268",
      "t" : 1756385443086,
      "tn" : 1756385443086428268,
      "q" : "29000000",
      "p" : "0.0000005089",
      "s" : "sell",
      "i" : "COQ_USD",
      "m" : "4611686018428333644"
    }, {
      "d" : "1756377195916236494",
      "t" : 1756377195916,
      "tn" : 1756377195916236494,
      "q" : "2400000",
      "p" : "0.0000005091",
      "s" : "sell",
      "i" : "COQ_USD",
      "m" : "4611686018428333643"
    }, {
      "d" : "1756377195580678091",
      "t" : 1756377195580,
      "tn" : 1756377195580678091,
      "q" : "2400000",
      "p" : "0.0000005141",
      "s" : "buy",
      "i" : "COQ_USD",
      "m" : "4611686018428333642"
    }, {
      "d" : "1756377195580607321",
      "t" : 1756377195580,
      "tn" : 1756377195580607321,
      "q" : "2400000",
      "p" : "0.0000005141",
      "s" : "buy",
      "i" : "COQ_USD",
      "m" : "4611686018428333641"
    }, {
      "d" : "1756377195578638311",
      "t" : 1756377195578,
      "tn" : 1756377195578638311,
      "q" : "2400000",
      "p" : "0.0000005141",
      "s" : "buy",
      "i" : "COQ_USD",
      "m" : "4611686018428333640"
    }, {
      "d" : "1756377195578617351",
      "t" : 1756377195578,
      "tn" : 1756377195578617351,
      "q" : "2400000",
      "p" : "0.0000005141",
      "s" : "buy",
      "i" : "COQ_USD",
      "m" : "4611686018428333639"
    }, {
      "d" : "1756377195571157533",
      "t" : 1756377195571,
      "tn" : 1756377195571157533,
      "q" : "2400000",
      "p" : "0.0000005142",
      "s" : "buy",
      "i" : "COQ_USD",
      "m" : "4611686018428333638"
    }, {
      "d" : "1756377014081937938",
      "t" : 1756377014081,
      "tn" : 1756377014081937938,
      "q" : "2400000",
      "p" : "0.0000005158",
      "s" : "buy",
      "i" : "COQ_USD",
      "m" : "4611686018428333637"
    }, {
      "d" : "1756377013912152162",
      "t" : 1756377013912,
      "tn" : 1756377013912152162,
      "q" : "2400000",
      "p" : "0.0000005126",
      "s" : "buy",
      "i" : "COQ_USD",
      "m" : "4611686018428333636"
    }, {
      "d" : "1756377013762207316",
      "t" : 1756377013762,
      "tn" : 1756377013762207316,
      "q" : "777400000",
      "p" : "0.0000005137",
      "s" : "buy",
      "i" : "COQ_USD",
      "m" : "4611686018428333635"
    }, {
      "d" : "1756377013762205732",
      "t" : 1756377013762,
      "tn" : 1756377013762205732,
      "q" : "283900000",
      "p" : "0.0000005129",
      "s" : "buy",
      "i" : "COQ_USD",
      "m" : "4611686018428333634"
    }, {
      "d" : "1756377013760780271",
      "t" : 1756377013760,
      "tn" : 1756377013760780271,
      "q" : "1077600000",
      "p" : "0.0000005129",
      "s" : "buy",
      "i" : "COQ_USD",
      "m" : "4611686018428333633"
    } ]
  }
}