{
  "id" : -1,
  "method" : "public/get-trades",
  "code" : 0,
  "result" : {
    "data" : [ {
      "d" : "1756460402451231252",
      "t" : 1756460402451,
      "tn" : 1756460402451231252,
      "q" : "120100",
      "p" : "0.0001665",
      "s" : "sell",
      "i" : "CORGIAI_USD",
      "m" : "4611686018429789901"
    }, {
      "d" : "1756460398834318676",
      "t" : 1756460398834,
      "tn" : 1756460398834318676,
      "q" : "138000",
      "p" : "0.0001672",
      "s" : "buy",
      "i" : "CORGIAI_USD",
      "m" : "4611686018429789900"
    }, {
      "d" : "1756460338037316606",
      "t" : 1756460338037,
      "tn" : 1756460338037316605,
      "q" : "61000",
      "p" : "0.0001664",
      "s" : "sell",
      "i" : "CORGIAI_USD",
      "m" : "4611686018429789899"
    }, {
      "d" : "1756460338037316605",
      "t" : 1756460338037,
      "tn" : 1756460338037316605,
      "q" : "479900",
      "p" : "0.0001664",
      "s" : "sell",
      "i" : "CORGIAI_USD",
      "m" : "4611686018429789899"
    }, {
      "d" : "1756460192417853185",
      "t" : 1756460192417,
      "tn" : 1756460192417853185,
      "q" : "69900",
      "p" : "0.0001667",
      "s" : "sell",
      "i" : "CORGIAI_USD",
      "m" : "4611686018429789898"
    }, {
      "d" : "1756459782060977020",
      "t" : 1756459782060,
      "tn" : 1756459782060977020,
      "q" : "375600",
      "p" : "0.0001664",
      "s" : "buy",
      "i" : "CORGIAI_USD",
      "m" : "4611686018429789897"
    }, {
      "d" : "1756459782060975079",
      "t" : 1756459782060,
      "tn" : 1756459782060975079,
      "q" : "63300",
      "p" : "0.0001663",
      "s" : "buy",
      "i" : "CORGIAI_USD",
      "m" : "4611686018429789896"
    }, {
      "d" : "1756459782060971594",
      "t" : 1756459782060,
      "tn" : 1756459782060971594,
      "q" : "102000",
      "p" : "0.0001662",
      "s" : "buy",
      "i" : "CORGIAI_USD",
      "m" : "4611686018429789895"
    }, {
      "d" : "1756459220375157194",
      "t" : 1756459220375,
      "tn" : 1756459220375157194,
      "q" : "544500",
      "p" : "0.0001653",
      "s" : "buy",
      "i" : "CORGIAI_USD",
      "m" : "4611686018429789894"
    }, {
      "d" : "1756459212366767331",
      "t" : 1756459212366,
      "tn" : 1756459212366767331,
      "q" : "545100",
      "p" : "0.0001651",
      "s" : "buy",
      "i" : "CORGIAI_USD",
      "m" : "4611686018429789893"
    }, {
      "d" : "1756459204522684586",
      "t" : 1756459204522,
      "tn" : 1756459204522684586,
      "q" : "38000",
      "p" : "0.0001653",
      "s" : "buy",
      "i" : "CORGIAI_USD",
      "m" : "4611686018429789892"
    }, {
      "d" : "1756459204522682545",
      "t" : 1756459204522,
      "tn" : 1756459204522682545,
      "q" : "506500",
      "p" : "0.0001651",
      "s" : "buy",
      "i" : "CORGIAI_USD",
      "m" : "4611686018429789891"
    }, {
      "d" : "1756459113251688515",
      "t" : 1756459113251,
      "tn" : 1756459113251688514,
      "q" : "133700",
      "p" : "0.0001651",
      "s" : "buy",
      "i" : "CORGIAI_USD",
      "m" : "4611686018429789890"
    }, {
      "d" : "1756459113251688514",
      "t" : 1756459113251,
      "tn" : 1756459113251688514,
      "q" : "108600",
      "p" : "0.0001651",
      "s" : "buy",
      "i" : "CORGIAI_USD",
      "m" : "4611686018429789890"
    }, {
      "d" : "1756459113244408531",
      "t" : 1756459113244,
      "tn" : 1756459113244408530,
      "q" : "147200",
      "p" : "0.0001651",
      "s" : "buy",
      "i" : "CORGIAI_USD",
      "m" : "4611686018429789889"
    }, {
      "d" : "1756459113244408530",
      "t" : 1756459113244,
      "tn" : 1756459113244408530,
      "q" : "95100",
      "p" : "0.0001651",
      "s" : "buy",
      "i" : "CORGIAI_USD",
      "m" : "4611686018429789889"
    }, {
      "d" : "1756459104701803442",
      "t" : 1756459104701,
      "tn" : 1756459104701803442,
      "q" : "545100",
      "p" : "0.0001651",
      "s" : "buy",
      "i" : "CORGIAI_USD",
      "m" : "4611686018429789888"
    }, {
      "d" : "1756459104695457521",
      "t" : 1756459104695,
      "tn" : 1756459104695457521,
      "q" : "63600",
      "p" : "0.0001650",
      "s" : "sell",
      "i" : "CORGIAI_USD",
      "m" : "4611686018429789887"
    }, {
      "d" : "1756458985087028340",
      "t" : 1756458985087,
      "tn" : 1756458985087028339,
      "q" : "26000",
      "p" : "0.0001651",
      "s" : "buy",
      "i" : "CORGIAI_USD",
      "m" : "4611686018429789886"
    }, {
      "d" : "1756458985087028339",
      "t" : 1756458985087,
      "tn" : 1756458985087028339,
      "q" : "519100",
      "p" : "0.0001651",
      "s" : "buy",
      "i" : "CORGIAI_USD",
      "m" : "4611686018429789886"
    }, {
      "d" : "1756458977090527905",
      "t" : 1756458977090,
      "tn" : 1756458977090527905,
      "q" : "121100",
      "p" : "0.0001651",
      "s" : "buy",
      "i" : "CORGIAI_USD",
      "m" : "4611686018429789885"
    }, {
      "d" : "1756458977085663108",
      "t" : 1756458977085,
      "tn" : 1756458977085663108,
      "q" : "34600",
      "p" : "0.0001651",
      "s" : "buy",
      "i" : "CORGIAI_USD",
      "m" : "4611686018429789884"
    }, {
      "d" : "1756458977080545363",
      "t" : 1756458977080,
      "tn" : 1756458977080545363,
      "q" : "121100",
      "p" : "0.0001651",
      "s" : "buy",
      "i" : "CORGIAI_USD",
      "m" : "4611686018429789883"
    }, {
      "d" : "1756458977074581835",
      "t" : 1756458977074,
      "tn" : 1756458977074581835,
      "q" : "121100",
      "p" : "0.0001651",
      "s" : "buy",
      "i" : "CORGIAI_USD",
      "m" : "4611686018429789882"
    }, {
      "d" : "1756458619234692977",
      "t" : 1756458619234,
      "tn" : 1756458619234692977,
      "q" : "360400",
      "p" : "0.0001650",
      "s" : "sell",
      "i" : "CORGIAI_USD",
      "m" : "4611686018429789881"
    }, {
      "d" : "1756458397346120984",
      "t" : 1756458397346,
      "tn" : 1756458397346120984,
      "q" : "363400",
      "p" : "0.0001651",
      "s" : "buy",
      "i" : "CORGIAI_USD",
      "m" : "4611686018429789880"
    }, {
      "d" : "1756458368306532052",
      "t" : 1756458368306,
      "tn" : 1756458368306532052,
      "q" : "268000",
      "p" : "0.0001652",
      "s" : "buy",
      "i" : "CORGIAI_USD",
      "m" : "4611686018429789879"
    }, {
      "d" : "1756458368306529838",
      "t" : 1756458368306,
      "tn" : 1756458368306529838,
      "q" : "276800",
      "p" : "0.0001651",
      "s" : "buy",
      "i" : "CORGIAI_USD",
      "m" : "4611686018429789878"
    }, {
      "d" : "1756458352285066368",
      "t" : 1756458352285,
      "tn" : 1756458352285066368,
      "q" : "363400",
      "p" : "0.0001651",
      "s" : "buy",
      "i" : "CORGIAI_USD",
      "m" : "4611686018429789877"
    }, {
      "d" : "1756458277297680716",
      "t" : 1756458277297,
      "tn" : 1756458277297680716,
      "q" : "73700",
      "p" : "0.0001658",
      "s" : "sell",
      "i" : "CORGIAI_USD",
      "m" : "4611686018429789876"
    }, {
      "d" : "1756458274063820866",
      "t" : 1756458274063,
      "tn" : 1756458274063820866,
      "q" : "120600",
      "p" : "0.0001659",
      "s" : "buy",
      "i" : "CORGIAI_USD",
      "m" : "4611686018429789875"
    }, {
      "d" : "1756458274050954254",
      "t" : 1756458274050,
      "tn" : 1756458274050954254,
      "q" : "357900",
      "p" : "0.0001659",
      "s" : "sell",
      "i" : "CORGIAI_USD",
      "m" : "4611686018429789874"
    }, {
      "d" : "1756458113243499480",
      "t" : 1756458113243,
      "tn" : 1756458113243499480,
      "q" : "357900",
      "p" : "0.0001671",
      "s" : "buy",
      "i" : "CORGIAI_USD",
      "m" : "4611686018429789873"
    }, {
      "d" : "1756458067428610235",
      "t" : 1756458067428,
      "tn" : 1756458067428610235,
      "q" : "325900",
      "p" : "0.0001668",
      "s" : "sell",
      "i" : "CORGIAI_USD",
      "m" : "4611686018429789872"
    }, {
      "d" : "1756458067428607965",
      "t" : 1756458067428,
      "tn" : 1756458067428607965,
      "q" : "33800",
      "p" : "0.0001669",
      "s" : "sell",
      "i" : "CORGIAI_USD",
      "m" : "4611686018429789871"
    }, {
      "d" : "1756458004112797855",
      "t" : 1756458004112,
      "tn" : 1756458004112797855,
      "q" : "85200",
      "p" : "0.0001670",
      "s" : "sell",
      "i" : "CORGIAI_USD",
      "m" : "4611686018429789870"
    }, {
      "d" : "1756457990253105687",
      "t" : 1756457990253,
      "tn" : 1756457990253105687,
      "q" : "119000",
      "p" : "0.0001674",
      "s" : "buy",
      "i" : "CORGIAI_USD",
      "m" : "4611686018429789869"
    }, {
      "d" : "1756457966376113283",
      "t" : 1756457966376,
      "tn" : 1756457966376113283,
      "q" : "358900",
      "p" : "0.0001672",
      "s" : "sell",
      "i" : "CORGIAI_USD",
      "m" : "4611686018429789868"
    }, {
      "d" : "1756457957795344708",
      "t" : 1756457957795,
      "tn" : 1756457957795344708,
      "q" : "313300",
      "p" : "0.0001673",
      "s" : "sell",
      "i" : "CORGIAI_USD",
      "m" : "4611686018429789867"
    }, {
      "d" : "1756457957795342139",
      "t" : 1756457957795,
      "tn" : 1756457957795342139,
      "q" : "45300",
      "p" : "0.0001674",
      "s" : "sell",
      "i" : "CORGIAI_USD",
      "m" : "4611686018429789866"
    }, {
      "d" : "1756457957427539238",
      "t" : 1756457957427,
      "tn" : 1756457957427539237,
      "q" : "56800",
      "p" : "0.0001674",
      "s" : "sell",
      "i" : "CORGIAI_USD",
      "m" : "4611686018429789865"
    }, {
      "d" : "1756457957427539237",
      "t" : 1756457957427,
      "tn" : 1756457957427539237,
      "q" : "62700",
      "p" : "0.0001674",
      "s" : "sell",
      "i" : "CORGIAI_USD",
      "m" : "4611686018429789865"
    }, {
      "d" : "1756457949258940041",
      "t" : 1756457949258,
      "tn" : 1756457949258940041,
      "q" : "240900",
      "p" : "0.0001673",
      "s" : "sell",
      "i" : "CORGIAI_USD",
      "m" : "4611686018429789864"
    }, {
      "d" : "1756457949258937810",
      "t" : 1756457949258,
      "tn" : 1756457949258937810,
      "q" : "102000",
      "p" : "0.0001674",
      "s" : "sell",
      "i" : "CORGIAI_USD",
      "m" : "4611686018429789863"
    }, {
      "d" : "1756457949258934541",
      "t" : 1756457949258,
      "tn" : 1756457949258934541,
      "q" : "15700",
      "p" : "0.0001678",
      "s" : "sell",
      "i" : "CORGIAI_USD",
      "m" : "4611686018429789862"
    }, {
      "d" : "1756457909531860442",
      "t" : 1756457909531,
      "tn" : 1756457909531860442,
      "q" : "534100",
      "p" : "0.0001685",
      "s" : "sell",
      "i" : "CORGIAI_USD",
      "m" : "4611686018429789861"
    }, {
      "d" : "1756457640393955424",
      "t" : 1756457640393,
      "tn" : 1756457640393955424,
      "q" : "186100",
      "p" : "0.0001693",
      "s" : "buy",
      "i" : "CORGIAI_USD",
      "m" : "4611686018429789860"
    }, {
      "d" : "1756457305202643147",
      "t" : 1756457305202,
      "tn" : 1756457305202643147,
      "q" : "140500",
      "p" : "0.0001694",
      "s" : "buy",
      "i" : "CORGIAI_USD",
      "m" : "4611686018429789859"
    }, {
      "d" : "1756457098552742296",
      "t" : 1756457098552,
      "tn" : 1756457098552742296,
      "q" : "254800",
      "p" : "0.0001694",
      "s" : "buy",
      "i" : "CORGIAI_USD",
      "m" : "4611686018429789858"
    }, {
      "d" : "1756457090086755109",
      "t" : 1756457090086,
      "tn" : 1756457090086755109,
      "q" : "183700",
      "p" : "0.0001694",
      "s" : "buy",
      "i" : "CORGIAI_USD",
      "m" : "4611686018429789857"
    }, {
      "d" : "1756457086788306979",
      "t" : 1756457086788,
      "tn" : 1756457086788306979,
      "q" : "59300",
      "p" : "0.0001693",
      "s" : "buy",
      "i" : "CORGIAI_USD",
      "m" : "4611686018429789856"
    }, {
      "d" : "1756457083418392796",
      "t" : 1756457083418,
      "tn" : 1756457083418392796,
      "q" : "72100",
      "p" : "0.0001693",
      "s" : "buy",
      "i" : "CORGIAI_USD",
      "m" : "4611686018429789855"
    }, {
      "d" : "1756457080078349700",
      "t" : 1756457080078,
      "tn" : 1756457080078349700,
      "q" : "100900",
      "p" : "0.0001692",
      "s" : "buy",
      "i" : "CORGIAI_USD",
      "m" : "4611686018429789854"
    }, {
      "d" : "1756456716278720536",
      "t" : 1756456716278,
      "tn" : 1756456716278720536,
      "q" : "6000",
      "p" : "0.0001692",
      "s" : "buy",
      "i" : "CORGIAI_USD",
      "m" : "4611686018429789853"
    }, {
      "d" : "1756456715302345363",
      "t" : 1756456715302,
      "tn" : 1756456715302345362,
      "q" : "283000",
      "p" : "0.0001690",
      "s" : "buy",
      "i" : "CORGIAI_USD",
      "m" : "4611686018429789852"
    }, {
      "d" : "1756456715302345362",
      "t" : 1756456715302,
      "tn" : 1756456715302345362,
      "q" : "72000",
      "p" : "0.0001690",
      "s" : "buy",
      "i" : "CORGIAI_USD",
      "m" : "4611686018429789852"
    }, {
      "d" : "1756456715195803710",
      "t" : 1756456715195,
      "tn" : 1756456715195803710,
      "q" : "118300",
      "p" : "0.0001691",
      "s" : "buy",
      "i" : "CORGIAI_USD",
      "m" : "4611686018429789851"
    }, {
      "d" : "1756456691961489715",
      "t" : 1756456691961,
      "tn" : 1756456691961489715,
      "q" : "60000",
      "p" : "0.0001690",
      "s" : "buy",
      "i" : "CORGIAI_USD",
      "m" : "4611686018429789850"
    }, {
      "d" : "1756456557215109111",
      "t" : 1756456557215,
      "tn" : 1756456557215109111,
      "q" : "71000",
      "p" : "0.0001681",
      "s" : "sell",
      "i" : "CORGIAI_USD",
      "m" : "4611686018429789849"
    }, {
      "d" : "1756456531048857011",
      "t" : 1756456531048,
      "tn" : 1756456531048857011,
      "q" : "118600",
      "p" : "0.0001692",
      "s" : "buy",
      "i" : "CORGIAI_USD",
      "m" : "4611686018429789848"
    }, {
      "d" : "1756456526406023808",
      "t" : 1756456526406,
      "tn" : 1756456526406023808,
      "q" : "536400",
      "p" : "0.0001678",
      "s" : "buy",
      "i" : "CORGIAI_USD",
      "m" : "4611686018429789847"
    }, {
      "d" : "1756456526400737549",
      "t" : 1756456526400,
      "tn" : 1756456526400737549,
      "q" : "102000",
      "p" : "0.0001678",
      "s" : "sell",
      "i" : "CORGIAI_USD",
      "m" : "4611686018429789846"
    }, {
      "d" : "1756456523235483749",
      "t" : 1756456523235,
      "tn" : 1756456523235483749,
      "q" : "16500",
      "p" : "0.0001680",
      "s" : "sell",
      "i" : "CORGIAI_USD",
      "m" : "4611686018429789845"
    }, {
      "d" : "1756456520221464198",
      "t" : 1756456520221,
      "tn" : 1756456520221464197,
      "q" : "16500",
      "p" : "0.0001688",
      "s" : "buy",
      "i" : "CORGIAI_USD",
      "m" : "4611686018429789844"
    }, {
      "d" : "1756456520221464197",
      "t" : 1756456520221,
      "tn" : 1756456520221464197,
      "q" : "102000",
      "p" : "0.0001688",
      "s" : "buy",
      "i" : "CORGIAI_USD",
      "m" : "4611686018429789844"
    }, {
      "d" : "1756456519884099205",
      "t" : 1756456519884,
      "tn" : 1756456519884099204,
      "q" : "1000100",
      "p" : "0.0001679",
      "s" : "sell",
      "i" : "CORGIAI_USD",
      "m" : "4611686018429789843"
    }, {
      "d" : "1756456519884099204",
      "t" : 1756456519884,
      "tn" : 1756456519884099204,
      "q" : "640100",
      "p" : "0.0001679",
      "s" : "sell",
      "i" : "CORGIAI_USD",
      "m" : "4611686018429789843"
    }, {
      "d" : "1756456515356437529",
      "t" : 1756456515356,
      "tn" : 1756456515356437529,
      "q" : "59500",
      "p" : "0.0001681",
      "s" : "sell",
      "i" : "CORGIAI_USD",
      "m" : "4611686018429789842"
    }, {
      "d" : "1756456512111544217",
      "t" : 1756456512111,
      "tn" : 1756456512111544217,
      "q" : "129700",
      "p" : "0.0001682",
      "s" : "sell",
      "i" : "CORGIAI_USD",
      "m" : "4611686018429789841"
    }, {
      "d" : "1756456380188566660",
      "t" : 1756456380188,
      "tn" : 1756456380188566660,
      "q" : "179300",
      "p" : "0.0001685",
      "s" : "sell",
      "i" : "CORGIAI_USD",
      "m" : "4611686018429789840"
    }, {
      "d" : "1756456271071576801",
      "t" : 1756456271071,
      "tn" : 1756456271071576801,
      "q" : "250000",
      "p" : "0.0001692",
      "s" : "buy",
      "i" : "CORGIAI_USD",
      "m" : "4611686018429789839"
    }, {
      "d" : "1756456088665196236",
      "t" : 1756456088665,
      "tn" : 1756456088665196236,
      "q" : "59000",
      "p" : "0.0001692",
      "s" : "buy",
      "i" : "CORGIAI_USD",
      "m" : "4611686018429789838"
    }, {
      "d" : "1756456088665194014",
      "t" : 1756456088665,
      "tn" : 1756456088665194014,
      "q" : "59300",
      "p" : "0.0001691",
      "s" : "buy",
      "i" : "CORGIAI_USD",
      "m" : "4611686018429789837"
    }, {
      "d" : "1756456087131935422",
      "t" : 1756456087131,
      "tn" : 1756456087131935422,
      "q" : "170900",
      "p" : "0.0001683",
      "s" : "sell",
      "i" : "CORGIAI_USD",
      "m" : "4611686018429789836"
    }, {
      "d" : "1756456083827305600",
      "t" : 1756456083827,
      "tn" : 1756456083827305600,
      "q" : "59400",
      "p" : "0.0001684",
      "s" : "sell",
      "i" : "CORGIAI_USD",
      "m" : "4611686018429789835"
    }, {
      "d" : "1756456080711630835",
      "t" : 1756456080711,
      "tn" : 1756456080711630835,
      "q" : "119700",
      "p" : "0.0001685",
      "s" : "sell",
      "i" : "CORGIAI_USD",
      "m" : "4611686018429789834"
    }, {
      "d" : "1756455967976225357",
      "t" : 1756455967976,
      "tn" : 1756455967976225357,
      "q" : "119700",
      "p" : "0.0001693",
      "s" : "buy",
      "i" : "CORGIAI_USD",
      "m" : "4611686018429789833"
    }, {
      "d" : "1756455964733755375",
      "t" : 1756455964733,
      "tn" : 1756455964733755375,
      "q" : "59300",
      "p" : "0.0001691",
      "s" : "buy",
      "i" : "CORGIAI_USD",
      "m" : "4611686018429789832"
    }, {
      "d" : "1756455819500177846",
      "t" : 1756455819500,
      "tn" : 1756455819500177846,
      "q" : "207400",
      "p" : "0.0001684",
      "s" : "sell",
      "i" : "CORGIAI_USD",
      "m" : "4611686018429789831"
    }, {
      "d" : "1756455781185936831",
      "t" : 1756455781185,
      "tn" : 1756455781185936831,
      "q" : "94300",
      "p" : "0.0001684",
      "s" : "sell",
      "i" : "CORGIAI_USD",
      "m" : "4611686018429789830"
    }, {
      "d" : "1756455727514809805",
      "t" : 1756455727514,
      "tn" : 1756455727514809805,
      "q" : "110500",
      "p" : "0.0001684",
      "s" : "sell",
      "i" : "CORGIAI_USD",
      "m" : "4611686018429789829"
    }, {
      "d" : "1756455727514807583",
      "t" : 1756455727514,
      "tn" : 1756455727514807583,
      "q" : "640100",
      "p" : "0.0001685",
      "s" : "sell",
      "i" : "CORGIAI_USD",
      "m" : "4611686018429789828"
    }, {
      "d" : "1756455517390083576",
      "t" : 1756455517390,
      "tn" : 1756455517390083576,
      "q" : "113600",
      "p" : "0.0001686",
      "s" : "sell",
      "i" : "CORGIAI_USD",
      "m" : "4611686018429789827"
    }, {
      "d" : "1756455351426193022",
      "t" : 1756455351426,
      "tn" : 1756455351426193022,
      "q" : "531600",
      "p" : "0.0001693",
      "s" : "sell",
      "i" : "CORGIAI_USD",
      "m" : "4611686018429789826"
    }, {
      "d" : "1756455343656485132",
      "t" : 1756455343656,
      "tn" : 1756455343656485132,
      "q" : "411100",
      "p" : "0.0001692",
      "s" : "sell",
      "i" : "CORGIAI_USD",
      "m" : "4611686018429789825"
    }, {
      "d" : "1756455343656482625",
      "t" : 1756455343656,
      "tn" : 1756455343656482625,
      "q" : "120800",
      "p" : "0.0001694",
      "s" : "sell",
      "i" : "CORGIAI_USD",
      "m" : "4611686018429789824"
    }, {
      "d" : "1756455336064482339",
      "t" : 1756455336064,
      "tn" : 1756455336064482339,
      "q" : "354200",
      "p" : "0.0001694",
      "s" : "sell",
      "i" : "CORGIAI_USD",
      "m" : "4611686018429789823"
    }, {
      "d" : "1756455336058215241",
      "t" : 1756455336058,
      "tn" : 1756455336058215241,
      "q" : "83500",
      "p" : "0.0001694",
      "s" : "sell",
      "i" : "CORGIAI_USD",
      "m" : "4611686018429789822"
    }, {
      "d" : "1756455301489976170",
      "t" : 1756455301489,
      "tn" : 1756455301489976170,
      "q" : "81600",
      "p" : "0.0001694",
      "s" : "sell",
      "i" : "CORGIAI_USD",
      "m" : "4611686018429789821"
    }, {
      "d" : "1756454989379902074",
      "t" : 1756454989379,
      "tn" : 1756454989379902074,
      "q" : "529100",
      "p" : "0.0001701",
      "s" : "sell",
      "i" : "CORGIAI_USD",
      "m" : "4611686018429789820"
    }, {
      "d" : "1756454938310504910",
      "t" : 1756454938310,
      "tn" : 1756454938310504910,
      "q" : "293900",
      "p" : "0.0001701",
      "s" : "sell",
      "i" : "CORGIAI_USD",
      "m" : "4611686018429789819"
    }, {
      "d" : "1756454938310502634",
      "t" : 1756454938310,
      "tn" : 1756454938310502634,
      "q" : "58800",
      "p" : "0.0001702",
      "s" : "sell",
      "i" : "CORGIAI_USD",
      "m" : "4611686018429789818"
    }, {
      "d" : "1756454935305603688",
      "t" : 1756454935305,
      "tn" : 1756454935305603688,
      "q" : "117500",
      "p" : "0.0001702",
      "s" : "sell",
      "i" : "CORGIAI_USD",
      "m" : "4611686018429789817"
    }, {
      "d" : "1756454927294806086",
      "t" : 1756454927294,
      "tn" : 1756454927294806086,
      "q" : "298800",
      "p" : "0.0001702",
      "s" : "sell",
      "i" : "CORGIAI_USD",
      "m" : "4611686018429789816"
    }, {
      "d" : "1756454927294804214",
      "t" : 1756454927294,
      "tn" : 1756454927294804214,
      "q" : "53700",
      "p" : "0.0001703",
      "s" : "sell",
      "i" : "CORGIAI_USD",
      "m" : "4611686018429789815"
    }, {
      "d" : "1756454915279530604",
      "t" : 1756454915279,
      "tn" : 1756454915279530604,
      "q" : "117500",
      "p" : "0.0001702",
      "s" : "sell",
      "i" : "CORGIAI_USD",
      "m" : "4611686018429789814"
    }, {
      "d" : "1756454915269636671",
      "t" : 1756454915269,
      "tn" : 1756454915269636671,
      "q" : "234900",
      "p" : "0.0001703",
      "s" : "sell",
      "i" : "CORGIAI_USD",
      "m" : "4611686018429789813"
    }, {
      "d" : "1756454670940605195",
      "t" : 1756454670940,
      "tn" : 1756454670940605195,
      "q" : "288600",
      "p" : "0.0001712",
      "s" : "buy",
      "i" : "CORGIAI_USD",
      "m" : "4611686018429789812"
    }, {
      "d" : "1756454542980259717",
      "t" : 1756454542980,
      "tn" : 1756454542980259717,
      "q" : "332600",
      "p" : "0.0001707",
      "s" : "sell",
      "i" : "CORGIAI_USD",
      "m" : "4611686018429789811"
    }, {
      "d" : "1756454385532463704",
      "t" : 1756454385532,
      "tn" : 1756454385532463704,
      "q" : "525700",
      "p" : "0.0001712",
      "s" : "sell",
      "i" : "CORGIAI_USD",
      "m" : "4611686018429789810"
    }, {
      "d" : "1756454368440210041",
      "t" : 1756454368440,
      "tn" : 1756454368440210041,
      "q" : "338400",
      "p" : "0.0001713",
      "s" : "sell",
      "i" : "CORGIAI_USD",
      "m" : "4611686018429789809"
    }, {
      "d" : "1756454368440207942",
      "t" : 1756454368440,
      "tn" : 1756454368440207942,
      "q" : "11900",
      "p" : "0.0001714",
      "s" : "sell",
      "i" : "CORGIAI_USD",
      "m" : "4611686018429789808"
    }, {
      "d" : "1756454367507545561",
      "t" : 1756454367507,
      "tn" : 1756454367507545561,
      "q" : "14500",
      "p" : "0.0001715",
      "s" : "sell",
      "i" : "CORGIAI_USD",
      "m" : "4611686018429789807"
    }, {
      "d" : "1756454367507543616",
      "t" : 1756454367507,
      "tn" : 1756454367507543616,
      "q" : "102100",
      "p" : "0.0001716",
      "s" : "sell",
      "i" : "CORGIAI_USD",
      "m" : "4611686018429789806"
    }, {
      "d" : "1756454342804115083",
      "t" : 1756454342804,
      "tn" : 1756454342804115083,
      "q" : "102000",
      "p" : "0.0001715",
      "s" : "sell",
      "i" : "CORGIAI_USD",
      "m" : "4611686018429789805"
    }, {
      "d" : "1756454333069023346",
      "t" : 1756454333069,
      "tn" : 1756454333069023346,
      "q" : "523300",
      "p" : "0.0001720",
      "s" : "sell",
      "i" : "CORGIAI_USD",
      "m" : "4611686018429789804"
    }, {
      "d" : "1756454125605075834",
      "t" : 1756454125605,
      "tn" : 1756454125605075834,
      "q" : "135500",
      "p" : "0.0001720",
      "s" : "buy",
      "i" : "CORGIAI_USD",
      "m" : "4611686018429789803"
    }, {
      "d" : "1756453954339113093",
      "t" : 1756453954339,
      "tn" : 1756453954339113093,
      "q" : "238100",
      "p" : "0.0001722",
      "s" : "buy",
      "i" : "CORGIAI_USD",
      "m" : "4611686018429789802"
    }, {
      "d" : "1756453951098699653",
      "t" : 1756453951098,
      "tn" : 1756453951098699653,
      "q" : "640200",
      "p" : "0.0001716",
      "s" : "buy",
      "i" : "CORGIAI_USD",
      "m" : "4611686018429789801"
    }, {
      "d" : "1756453866470892968",
      "t" : 1756453866470,
      "tn" : 1756453866470892968,
      "q" : "525100",
      "p" : "0.0001714",
      "s" : "buy",
      "i" : "CORGIAI_USD",
      "m" : "4611686018429789800"
    }, {
      "d" : "1756453581632386185",
      "t" : 1756453581632,
      "tn" : 1756453581632386185,
      "q" : "59700",
      "p" : "0.0001712",
      "s" : "buy",
      "i" : "CORGIAI_USD",
      "m" : "4611686018429789799"
    }, {
      "d" : "1756453318212143492",
      "t" : 1756453318212,
      "tn" : 1756453318212143492,
      "q" : "117200",
      "p" : "0.0001706",
      "s" : "buy",
      "i" : "CORGIAI_USD",
      "m" : "4611686018429789798"
    }, {
      "d" : "1756453318207021453",
      "t" : 1756453318207,
      "tn" : 1756453318207021453,
      "q" : "117200",
      "p" : "0.0001706",
      "s" : "buy",
      "i" : "CORGIAI_USD",
      "m" : "4611686018429789797"
    }, {
      "d" : "1756453318203446192",
      "t" : 1756453318203,
      "tn" : 1756453318203446192,
      "q" : "57600",
      "p" : "0.0001706",
      "s" : "buy",
      "i" : "CORGIAI_USD",
      "m" : "4611686018429789796"
    }, {
      "d" : "1756453318203443715",
      "t" : 1756453318203,
      "tn" : 1756453318203443715,
      "q" : "59600",
      "p" : "0.0001705",
      "s" : "buy",
      "i" : "CORGIAI_USD",
      "m" : "4611686018429789795"
    }, {
      "d" : "1756453306980995201",
      "t" : 1756453306980,
      "tn" : 1756453306980995201,
      "q" : "528500",
      "p" : "0.0001703",
      "s" : "buy",
      "i" : "CORGIAI_USD",
      "m" : "4611686018429789794"
    }, {
      "d" : "1756453298133491429",
      "t" : 1756453298133,
      "tn" : 1756453298133491428,
      "q" : "84800",
      "p" : "0.0001703",
      "s" : "buy",
      "i" : "CORGIAI_USD",
      "m" : "4611686018429789793"
    }, {
      "d" : "1756453298133491428",
      "t" : 1756453298133,
      "tn" : 1756453298133491428,
      "q" : "17500",
      "p" : "0.0001703",
      "s" : "buy",
      "i" : "CORGIAI_USD",
      "m" : "4611686018429789793"
    }, {
      "d" : "1756453298133487463",
      "t" : 1756453298133,
      "tn" : 1756453298133487463,
      "q" : "640200",
      "p" : "0.0001701",
      "s" : "buy",
      "i" : "CORGIAI_USD",
      "m" : "4611686018429789792"
    }, {
      "d" : "1756453298133484570",
      "t" : 1756453298133,
      "tn" : 1756453298133484570,
      "q" : "138300",
      "p" : "0.0001700",
      "s" : "buy",
      "i" : "CORGIAI_USD",
      "m" : "4611686018429789791"
    }, {
      "d" : "1756453258405658375",
      "t" : 1756453258405,
      "tn" : 1756453258405658375,
      "q" : "59100",
      "p" : "0.0001693",
      "s" : "sell",
      "i" : "CORGIAI_USD",
      "m" : "4611686018429789790"
    }, {
      "d" : "1756453242380128662",
      "t" : 1756453242380,
      "tn" : 1756453242380128662,
      "q" : "470600",
      "p" : "0.0001699",
      "s" : "buy",
      "i" : "CORGIAI_USD",
      "m" : "4611686018429789789"
    }, {
      "d" : "1756453242380126665",
      "t" : 1756453242380,
      "tn" : 1756453242380126665,
      "q" : "59100",
      "p" : "0.0001698",
      "s" : "buy",
      "i" : "CORGIAI_USD",
      "m" : "4611686018429789788"
    }, {
      "d" : "1756453193721460058",
      "t" : 1756453193721,
      "tn" : 1756453193721460058,
      "q" : "640100",
      "p" : "0.0001691",
      "s" : "sell",
      "i" : "CORGIAI_USD",
      "m" : "4611686018429789787"
    }, {
      "d" : "1756453083605770678",
      "t" : 1756453083605,
      "tn" : 1756453083605770678,
      "q" : "150200",
      "p" : "0.0001688",
      "s" : "sell",
      "i" : "CORGIAI_USD",
      "m" : "4611686018429789786"
    }, {
      "d" : "1756453080405382485",
      "t" : 1756453080405,
      "tn" : 1756453080405382485,
      "q" : "532200",
      "p" : "0.0001691",
      "s" : "buy",
      "i" : "CORGIAI_USD",
      "m" : "4611686018429789785"
    }, {
      "d" : "1756453080399335036",
      "t" : 1756453080399,
      "tn" : 1756453080399335036,
      "q" : "640100",
      "p" : "0.0001691",
      "s" : "sell",
      "i" : "CORGIAI_USD",
      "m" : "4611686018429789784"
    }, {
      "d" : "1756453065428243581",
      "t" : 1756453065428,
      "tn" : 1756453065428243581,
      "q" : "108700",
      "p" : "0.0001688",
      "s" : "sell",
      "i" : "CORGIAI_USD",
      "m" : "4611686018429789783"
    }, {
      "d" : "1756453062020634271",
      "t" : 1756453062020,
      "tn" : 1756453062020634271,
      "q" : "640100",
      "p" : "0.0001691",
      "s" : "sell",
      "i" : "CORGIAI_USD",
      "m" : "4611686018429789782"
    }, {
      "d" : "1756453058642372018",
      "t" : 1756453058642,
      "tn" : 1756453058642372018,
      "q" : "531900",
      "p" : "0.0001692",
      "s" : "buy",
      "i" : "CORGIAI_USD",
      "m" : "4611686018429789781"
    }, {
      "d" : "1756453058636240145",
      "t" : 1756453058636,
      "tn" : 1756453058636240145,
      "q" : "102100",
      "p" : "0.0001692",
      "s" : "sell",
      "i" : "CORGIAI_USD",
      "m" : "4611686018429789780"
    }, {
      "d" : "1756453054018112855",
      "t" : 1756453054018,
      "tn" : 1756453054018112855,
      "q" : "59200",
      "p" : "0.0001692",
      "s" : "sell",
      "i" : "CORGIAI_USD",
      "m" : "4611686018429789779"
    }, {
      "d" : "1756453048865797617",
      "t" : 1756453048865,
      "tn" : 1756453048865797617,
      "q" : "531900",
      "p" : "0.0001692",
      "s" : "buy",
      "i" : "CORGIAI_USD",
      "m" : "4611686018429789778"
    }, {
      "d" : "1756453048859963251",
      "t" : 1756453048859,
      "tn" : 1756453048859963251,
      "q" : "102000",
      "p" : "0.0001692",
      "s" : "sell",
      "i" : "CORGIAI_USD",
      "m" : "4611686018429789777"
    }, {
      "d" : "1756453044577304335",
      "t" : 1756453044577,
      "tn" : 1756453044577304335,
      "q" : "549800",
      "p" : "0.0001697",
      "s" : "sell",
      "i" : "CORGIAI_USD",
      "m" : "4611686018429789776"
    }, {
      "d" : "1756452848225562859",
      "t" : 1756452848225,
      "tn" : 1756452848225562859,
      "q" : "117400",
      "p" : "0.0001703",
      "s" : "buy",
      "i" : "CORGIAI_USD",
      "m" : "4611686018429789775"
    }, {
      "d" : "1756452848218010708",
      "t" : 1756452848218,
      "tn" : 1756452848218010708,
      "q" : "117400",
      "p" : "0.0001703",
      "s" : "buy",
      "i" : "CORGIAI_USD",
      "m" : "4611686018429789774"
    }, {
      "d" : "1756452848216358675",
      "t" : 1756452848216,
      "tn" : 1756452848216358675,
      "q" : "117400",
      "p" : "0.0001703",
      "s" : "buy",
      "i" : "CORGIAI_USD",
      "m" : "4611686018429789773"
    }, {
      "d" : "1756452758701266783",
      "t" : 1756452758701,
      "tn" : 1756452758701266783,
      "q" : "529100",
      "p" : "0.0001701",
      "s" : "buy",
      "i" : "CORGIAI_USD",
      "m" : "4611686018429789772"
    }, {
      "d" : "1756452750506606363",
      "t" : 1756452750506,
      "tn" : 1756452750506606363,
      "q" : "530700",
      "p" : "0.0001696",
      "s" : "buy",
      "i" : "CORGIAI_USD",
      "m" : "4611686018429789771"
    }, {
      "d" : "1756452572628176581",
      "t" : 1756452572628,
      "tn" : 1756452572628176581,
      "q" : "118200",
      "p" : "0.0001692",
      "s" : "buy",
      "i" : "CORGIAI_USD",
      "m" : "4611686018429789770"
    }, {
      "d" : "1756452572618292123",
      "t" : 1756452572618,
      "tn" : 1756452572618292123,
      "q" : "56200",
      "p" : "0.0001692",
      "s" : "buy",
      "i" : "CORGIAI_USD",
      "m" : "4611686018429789769"
    }, {
      "d" : "1756452572618290579",
      "t" : 1756452572618,
      "tn" : 1756452572618290579,
      "q" : "62000",
      "p" : "0.0001691",
      "s" : "buy",
      "i" : "CORGIAI_USD",
      "m" : "4611686018429789768"
    }, {
      "d" : "1756452572608250270",
      "t" : 1756452572608,
      "tn" : 1756452572608250270,
      "q" : "118200",
      "p" : "0.0001692",
      "s" : "buy",
      "i" : "CORGIAI_USD",
      "m" : "4611686018429789767"
    }, {
      "d" : "1756452501160737721",
      "t" : 1756452501160,
      "tn" : 1756452501160737721,
      "q" : "531900",
      "p" : "0.0001692",
      "s" : "buy",
      "i" : "CORGIAI_USD",
      "m" : "4611686018429789766"
    }, {
      "d" : "1756452501153990078",
      "t" : 1756452501153,
      "tn" : 1756452501153990078,
      "q" : "236300",
      "p" : "0.0001693",
      "s" : "buy",
      "i" : "CORGIAI_USD",
      "m" : "4611686018429789765"
    }, {
      "d" : "1756452493142826701",
      "t" : 1756452493142,
      "tn" : 1756452493142826701,
      "q" : "310300",
      "p" : "0.0001693",
      "s" : "buy",
      "i" : "CORGIAI_USD",
      "m" : "4611686018429789764"
    }, {
      "d" : "1756452493142824613",
      "t" : 1756452493142,
      "tn" : 1756452493142824613,
      "q" : "44100",
      "p" : "0.0001692",
      "s" : "buy",
      "i" : "CORGIAI_USD",
      "m" : "4611686018429789763"
    }, {
      "d" : "1756452484131917905",
      "t" : 1756452484131,
      "tn" : 1756452484131917904,
      "q" : "134400",
      "p" : "0.0001691",
      "s" : "buy",
      "i" : "CORGIAI_USD",
      "m" : "4611686018429789762"
    }, {
      "d" : "1756452484131917904",
      "t" : 1756452484131,
      "tn" : 1756452484131917904,
      "q" : "102100",
      "p" : "0.0001691",
      "s" : "buy",
      "i" : "CORGIAI_USD",
      "m" : "4611686018429789762"
    } ]
  }
}