{
  "id" : -1,
  "method" : "public/get-trades",
  "code" : 0,
  "result" : {
    "data" : [ {
      "d" : "1756458169908099305",
      "t" : 1756458169908,
      "tn" : 1756458169908099305,
      "q" : "60000",
      "p" : "0.003314",
      "s" : "sell",
      "i" : "COS_USD",
      "m" : "4611686018429849223"
    }, {
      "d" : "1756458169899467291",
      "t" : 1756458169899,
      "tn" : 1756458169899467291,
      "q" : "55650",
      "p" : "0.003314",
      "s" : "sell",
      "i" : "COS_USD",
      "m" : "4611686018429849222"
    }, {
      "d" : "1756458169899464751",
      "t" : 1756458169899,
      "tn" : 1756458169899464751,
      "q" : "10350",
      "p" : "0.003315",
      "s" : "sell",
      "i" : "COS_USD",
      "m" : "4611686018429849221"
    }, {
      "d" : "1756440309134759672",
      "t" : 1756440309134,
      "tn" : 1756440309134759672,
      "q" : "9170",
      "p" : "0.003508",
      "s" : "sell",
      "i" : "COS_USD",
      "m" : "4611686018429849220"
    }, {
      "d" : "1756439630321397523",
      "t" : 1756439630321,
      "tn" : 1756439630321397523,
      "q" : "9160",
      "p" : "0.003514",
      "s" : "sell",
      "i" : "COS_USD",
      "m" : "4611686018429849219"
    }, {
      "d" : "1756439223340881088",
      "t" : 1756439223340,
      "tn" : 1756439223340881088,
      "q" : "9160",
      "p" : "0.003504",
      "s" : "sell",
      "i" : "COS_USD",
      "m" : "4611686018429849218"
    }, {
      "d" : "1756434330639259508",
      "t" : 1756434330639,
      "tn" : 1756434330639259508,
      "q" : "9150",
      "p" : "0.003506",
      "s" : "sell",
      "i" : "COS_USD",
      "m" : "4611686018429849217"
    }, {
      "d" : "1756434162072501442",
      "t" : 1756434162072,
      "tn" : 1756434162072501442,
      "q" : "9140",
      "p" : "0.003500",
      "s" : "sell",
      "i" : "COS_USD",
      "m" : "4611686018429849216"
    }, {
      "d" : "1756427943235315884",
      "t" : 1756427943235,
      "tn" : 1756427943235315884,
      "q" : "9130",
      "p" : "0.003519",
      "s" : "sell",
      "i" : "COS_USD",
      "m" : "4611686018429849215"
    }, {
      "d" : "1756422571792840713",
      "t" : 1756422571792,
      "tn" : 1756422571792840713,
      "q" : "9160",
      "p" : "0.003530",
      "s" : "buy",
      "i" : "COS_USD",
      "m" : "4611686018429849214"
    }, {
      "d" : "1756422266865808507",
      "t" : 1756422266865,
      "tn" : 1756422266865808507,
      "q" : "9180",
      "p" : "0.003530",
      "s" : "buy",
      "i" : "COS_USD",
      "m" : "4611686018429849213"
    }, {
      "d" : "1756419300521638098",
      "t" : 1756419300521,
      "tn" : 1756419300521638098,
      "q" : "9200",
      "p" : "0.003500",
      "s" : "buy",
      "i" : "COS_USD",
      "m" : "4611686018429849212"
    }, {
      "d" : "1756418652919140363",
      "t" : 1756418652919,
      "tn" : 1756418652919140363,
      "q" : "9220",
      "p" : "0.003488",
      "s" : "buy",
      "i" : "COS_USD",
      "m" : "4611686018429849211"
    }, {
      "d" : "1756417459419554136",
      "t" : 1756417459419,
      "tn" : 1756417459419554136,
      "q" : "9240",
      "p" : "0.003482",
      "s" : "buy",
      "i" : "COS_USD",
      "m" : "4611686018429849210"
    }, {
      "d" : "1756417255433676021",
      "t" : 1756417255433,
      "tn" : 1756417255433676021,
      "q" : "9250",
      "p" : "0.003476",
      "s" : "buy",
      "i" : "COS_USD",
      "m" : "4611686018429849209"
    }, {
      "d" : "1756400727099353651",
      "t" : 1756400727099,
      "tn" : 1756400727099353651,
      "q" : "9230",
      "p" : "0.003463",
      "s" : "sell",
      "i" : "COS_USD",
      "m" : "4611686018429849208"
    }, {
      "d" : "1756400148726746635",
      "t" : 1756400148726,
      "tn" : 1756400148726746635,
      "q" : "9230",
      "p" : "0.003488",
      "s" : "sell",
      "i" : "COS_USD",
      "m" : "4611686018429849207"
    }, {
      "d" : "1756399844199798890",
      "t" : 1756399844199,
      "tn" : 1756399844199798890,
      "q" : "9220",
      "p" : "0.003507",
      "s" : "sell",
      "i" : "COS_USD",
      "m" : "4611686018429849206"
    }, {
      "d" : "1756399573629614918",
      "t" : 1756399573629,
      "tn" : 1756399573629614918,
      "q" : "9220",
      "p" : "0.003503",
      "s" : "sell",
      "i" : "COS_USD",
      "m" : "4611686018429849205"
    }, {
      "d" : "1756394089054736030",
      "t" : 1756394089054,
      "tn" : 1756394089054736030,
      "q" : "9210",
      "p" : "0.003526",
      "s" : "sell",
      "i" : "COS_USD",
      "m" : "4611686018429849204"
    }, {
      "d" : "1756393068824257282",
      "t" : 1756393068824,
      "tn" : 1756393068824257282,
      "q" : "9210",
      "p" : "0.003516",
      "s" : "sell",
      "i" : "COS_USD",
      "m" : "4611686018429849203"
    }, {
      "d" : "1756392254207217468",
      "t" : 1756392254207,
      "tn" : 1756392254207217468,
      "q" : "9190",
      "p" : "0.003506",
      "s" : "sell",
      "i" : "COS_USD",
      "m" : "4611686018429849202"
    }, {
      "d" : "1756391950855441647",
      "t" : 1756391950855,
      "tn" : 1756391950855441647,
      "q" : "9190",
      "p" : "0.003500",
      "s" : "sell",
      "i" : "COS_USD",
      "m" : "4611686018429849201"
    }, {
      "d" : "1756391680456203815",
      "t" : 1756391680456,
      "tn" : 1756391680456203815,
      "q" : "9190",
      "p" : "0.003490",
      "s" : "sell",
      "i" : "COS_USD",
      "m" : "4611686018429849200"
    }, {
      "d" : "1756391577903136254",
      "t" : 1756391577903,
      "tn" : 1756391577903136254,
      "q" : "9170",
      "p" : "0.003490",
      "s" : "sell",
      "i" : "COS_USD",
      "m" : "4611686018429849199"
    }, {
      "d" : "1756389708601001315",
      "t" : 1756389708601,
      "tn" : 1756389708601001315,
      "q" : "9170",
      "p" : "0.003483",
      "s" : "sell",
      "i" : "COS_USD",
      "m" : "4611686018429849198"
    }, {
      "d" : "1756389268593410750",
      "t" : 1756389268593,
      "tn" : 1756389268593410750,
      "q" : "9160",
      "p" : "0.003475",
      "s" : "sell",
      "i" : "COS_USD",
      "m" : "4611686018429849197"
    }, {
      "d" : "1756388862308955208",
      "t" : 1756388862308,
      "tn" : 1756388862308955208,
      "q" : "9150",
      "p" : "0.003483",
      "s" : "sell",
      "i" : "COS_USD",
      "m" : "4611686018429849196"
    }, {
      "d" : "1756388727102771808",
      "t" : 1756388727102,
      "tn" : 1756388727102771808,
      "q" : "9140",
      "p" : "0.003490",
      "s" : "sell",
      "i" : "COS_USD",
      "m" : "4611686018429849195"
    }, {
      "d" : "1756386631176230011",
      "t" : 1756386631176,
      "tn" : 1756386631176230011,
      "q" : "5170",
      "p" : "0.003475",
      "s" : "sell",
      "i" : "COS_USD",
      "m" : "4611686018429849194"
    }, {
      "d" : "1756382894700819348",
      "t" : 1756382894700,
      "tn" : 1756382894700819348,
      "q" : "9170",
      "p" : "0.003488",
      "s" : "buy",
      "i" : "COS_USD",
      "m" : "4611686018429849193"
    }, {
      "d" : "1756382692987754213",
      "t" : 1756382692987,
      "tn" : 1756382692987754213,
      "q" : "9190",
      "p" : "0.003484",
      "s" : "buy",
      "i" : "COS_USD",
      "m" : "4611686018429849192"
    }, {
      "d" : "1756382389598153361",
      "t" : 1756382389598,
      "tn" : 1756382389598153361,
      "q" : "9210",
      "p" : "0.003486",
      "s" : "buy",
      "i" : "COS_USD",
      "m" : "4611686018429849191"
    }, {
      "d" : "1756382053162967745",
      "t" : 1756382053162,
      "tn" : 1756382053162967745,
      "q" : "9230",
      "p" : "0.003485",
      "s" : "buy",
      "i" : "COS_USD",
      "m" : "4611686018429849190"
    }, {
      "d" : "1756375700988256778",
      "t" : 1756375700988,
      "tn" : 1756375700988256778,
      "q" : "9250",
      "p" : "0.003469",
      "s" : "buy",
      "i" : "COS_USD",
      "m" : "4611686018429849189"
    } ]
  }
}