{
  "id" : -1,
  "method" : "public/get-trades",
  "code" : 0,
  "result" : {
    "data" : [ {
      "d" : "1756445876901115195",
      "t" : 1756445876901,
      "tn" : 1756445876901115195,
      "q" : "2360",
      "p" : "0.052948",
      "s" : "buy",
      "i" : "COTI_USDT",
      "m" : "4611686018430194260"
    }, {
      "d" : "1756442910737078855",
      "t" : 1756442910737,
      "tn" : 1756442910737078855,
      "q" : "2044",
      "p" : "0.053323",
      "s" : "sell",
      "i" : "COTI_USDT",
      "m" : "4611686018430194259"
    }, {
      "d" : "1756442910737076733",
      "t" : 1756442910737,
      "tn" : 1756442910737076733,
      "q" : "1875",
      "p" : "0.053324",
      "s" : "sell",
      "i" : "COTI_USDT",
      "m" : "4611686018430194258"
    }, {
      "d" : "1756442846034793059",
      "t" : 1756442846034,
      "tn" : 1756442846034793059,
      "q" : "674",
      "p" : "0.053315",
      "s" : "sell",
      "i" : "COTI_USDT",
      "m" : "4611686018430194257"
    }, {
      "d" : "1756442846034790970",
      "t" : 1756442846034,
      "tn" : 1756442846034790970,
      "q" : "1207",
      "p" : "0.053318",
      "s" : "sell",
      "i" : "COTI_USDT",
      "m" : "4611686018430194256"
    }, {
      "d" : "1756442846034788804",
      "t" : 1756442846034,
      "tn" : 1756442846034788804,
      "q" : "1875",
      "p" : "0.053319",
      "s" : "sell",
      "i" : "COTI_USDT",
      "m" : "4611686018430194255"
    }, {
      "d" : "1756440404511316459",
      "t" : 1756440404511,
      "tn" : 1756440404511316459,
      "q" : "180",
      "p" : "0.053280",
      "s" : "sell",
      "i" : "COTI_USDT",
      "m" : "4611686018430194254"
    }, {
      "d" : "1756438673191845288",
      "t" : 1756438673191,
      "tn" : 1756438673191845288,
      "q" : "1878",
      "p" : "0.053242",
      "s" : "buy",
      "i" : "COTI_USDT",
      "m" : "4611686018430194253"
    }, {
      "d" : "1756438673191843268",
      "t" : 1756438673191,
      "tn" : 1756438673191843268,
      "q" : "1882",
      "p" : "0.053237",
      "s" : "buy",
      "i" : "COTI_USDT",
      "m" : "4611686018430194252"
    }, {
      "d" : "1756399105601250029",
      "t" : 1756399105601,
      "tn" : 1756399105601250029,
      "q" : "1858",
      "p" : "0.053147",
      "s" : "sell",
      "i" : "COTI_USDT",
      "m" : "4611686018430194251"
    }, {
      "d" : "1756399105601248085",
      "t" : 1756399105601,
      "tn" : 1756399105601248085,
      "q" : "1881",
      "p" : "0.053153",
      "s" : "sell",
      "i" : "COTI_USDT",
      "m" : "4611686018430194250"
    }, {
      "d" : "1756390228410302277",
      "t" : 1756390228410,
      "tn" : 1756390228410302277,
      "q" : "3742",
      "p" : "0.053489",
      "s" : "buy",
      "i" : "COTI_USDT",
      "m" : "4611686018430194249"
    }, {
      "d" : "1756387171839291261",
      "t" : 1756387171839,
      "tn" : 1756387171839291261,
      "q" : "3758",
      "p" : "0.053287",
      "s" : "buy",
      "i" : "COTI_USDT",
      "m" : "4611686018430194248"
    }, {
      "d" : "1756383512930716010",
      "t" : 1756383512930,
      "tn" : 1756383512930716010,
      "q" : "1431",
      "p" : "0.053292",
      "s" : "buy",
      "i" : "COTI_USDT",
      "m" : "4611686018430194247"
    }, {
      "d" : "1756382384832772358",
      "t" : 1756382384832,
      "tn" : 1756382384832772358,
      "q" : "1888",
      "p" : "0.053193",
      "s" : "buy",
      "i" : "COTI_USDT",
      "m" : "4611686018430194246"
    }, {
      "d" : "1756382384832769647",
      "t" : 1756382384832,
      "tn" : 1756382384832769647,
      "q" : "565",
      "p" : "0.053191",
      "s" : "buy",
      "i" : "COTI_USDT",
      "m" : "4611686018430194245"
    }, {
      "d" : "1756381800076367385",
      "t" : 1756381800076,
      "tn" : 1756381800076367385,
      "q" : "3769",
      "p" : "0.052964",
      "s" : "sell",
      "i" : "COTI_USDT",
      "m" : "4611686018430194244"
    }, {
      "d" : "1756381800076364952",
      "t" : 1756381800076,
      "tn" : 1756381800076364952,
      "q" : "1888",
      "p" : "0.052965",
      "s" : "sell",
      "i" : "COTI_USDT",
      "m" : "4611686018430194243"
    } ]
  }
}