{
  "id" : -1,
  "method" : "public/get-trades",
  "code" : 0,
  "result" : {
    "data" : [ {
      "d" : "1756460420042379711",
      "t" : 1756460420042,
      "tn" : 1756460420042379711,
      "q" : "35",
      "p" : "0.050873",
      "s" : "sell",
      "i" : "COTI_USD",
      "m" : "4611686018430244996"
    }, {
      "d" : "1756460414337286937",
      "t" : 1756460414337,
      "tn" : 1756460414337286937,
      "q" : "1965",
      "p" : "0.050876",
      "s" : "sell",
      "i" : "COTI_USD",
      "m" : "4611686018430244995"
    }, {
      "d" : "1756458180969003177",
      "t" : 1756458180969,
      "tn" : 1756458180969003177,
      "q" : "42",
      "p" : "0.050420",
      "s" : "sell",
      "i" : "COTI_USD",
      "m" : "4611686018430244994"
    }, {
      "d" : "1756457602573917302",
      "t" : 1756457602573,
      "tn" : 1756457602573917302,
      "q" : "1752",
      "p" : "0.050911",
      "s" : "sell",
      "i" : "COTI_USD",
      "m" : "4611686018430244993"
    }, {
      "d" : "1756457590115949109",
      "t" : 1756457590115,
      "tn" : 1756457590115949109,
      "q" : "1884",
      "p" : "0.051051",
      "s" : "buy",
      "i" : "COTI_USD",
      "m" : "4611686018430244992"
    }, {
      "d" : "1756456508445111607",
      "t" : 1756456508445,
      "tn" : 1756456508445111607,
      "q" : "1862",
      "p" : "0.051291",
      "s" : "buy",
      "i" : "COTI_USD",
      "m" : "4611686018430244991"
    }, {
      "d" : "1756455631269804055",
      "t" : 1756455631269,
      "tn" : 1756455631269804055,
      "q" : "1404",
      "p" : "0.051171",
      "s" : "sell",
      "i" : "COTI_USD",
      "m" : "4611686018430244990"
    }, {
      "d" : "1756455631269801977",
      "t" : 1756455631269,
      "tn" : 1756455631269801977,
      "q" : "2511",
      "p" : "0.051173",
      "s" : "sell",
      "i" : "COTI_USD",
      "m" : "4611686018430244989"
    }, {
      "d" : "1756455296966170308",
      "t" : 1756455296966,
      "tn" : 1756455296966170308,
      "q" : "89",
      "p" : "0.051537",
      "s" : "buy",
      "i" : "COTI_USD",
      "m" : "4611686018430244988"
    }, {
      "d" : "1756454982789211004",
      "t" : 1756454982789,
      "tn" : 1756454982789211004,
      "q" : "34",
      "p" : "0.051475",
      "s" : "sell",
      "i" : "COTI_USD",
      "m" : "4611686018430244987"
    }, {
      "d" : "1756454884637415082",
      "t" : 1756454884637,
      "tn" : 1756454884637415082,
      "q" : "2558",
      "p" : "0.051725",
      "s" : "buy",
      "i" : "COTI_USD",
      "m" : "4611686018430244986"
    }, {
      "d" : "1756454884637412922",
      "t" : 1756454884637,
      "tn" : 1756454884637412922,
      "q" : "2416",
      "p" : "0.051724",
      "s" : "buy",
      "i" : "COTI_USD",
      "m" : "4611686018430244985"
    }, {
      "d" : "1756454711746496897",
      "t" : 1756454711746,
      "tn" : 1756454711746496897,
      "q" : "286",
      "p" : "0.051681",
      "s" : "sell",
      "i" : "COTI_USD",
      "m" : "4611686018430244984"
    }, {
      "d" : "1756452071764509908",
      "t" : 1756452071764,
      "tn" : 1756452071764509908,
      "q" : "200",
      "p" : "0.051869",
      "s" : "sell",
      "i" : "COTI_USD",
      "m" : "4611686018430244983"
    }, {
      "d" : "1756451610655074252",
      "t" : 1756451610655,
      "tn" : 1756451610655074252,
      "q" : "145",
      "p" : "0.052012",
      "s" : "sell",
      "i" : "COTI_USD",
      "m" : "4611686018430244982"
    }, {
      "d" : "1756449683309324469",
      "t" : 1756449683309,
      "tn" : 1756449683309324469,
      "q" : "27",
      "p" : "0.052719",
      "s" : "buy",
      "i" : "COTI_USD",
      "m" : "4611686018430244981"
    }, {
      "d" : "1756449058929914241",
      "t" : 1756449058929,
      "tn" : 1756449058929914241,
      "q" : "64",
      "p" : "0.052750",
      "s" : "sell",
      "i" : "COTI_USD",
      "m" : "4611686018430244980"
    }, {
      "d" : "1756447063539027315",
      "t" : 1756447063539,
      "tn" : 1756447063539027315,
      "q" : "50",
      "p" : "0.053065",
      "s" : "buy",
      "i" : "COTI_USD",
      "m" : "4611686018430244979"
    }, {
      "d" : "1756445876893558465",
      "t" : 1756445876893,
      "tn" : 1756445876893558465,
      "q" : "1908",
      "p" : "0.052947",
      "s" : "buy",
      "i" : "COTI_USD",
      "m" : "4611686018430244978"
    }, {
      "d" : "1756443535591335166",
      "t" : 1756443535591,
      "tn" : 1756443535591335166,
      "q" : "546",
      "p" : "0.053099",
      "s" : "buy",
      "i" : "COTI_USD",
      "m" : "4611686018430244977"
    }, {
      "d" : "1756442881874932672",
      "t" : 1756442881874,
      "tn" : 1756442881874932672,
      "q" : "262",
      "p" : "0.053315",
      "s" : "sell",
      "i" : "COTI_USD",
      "m" : "4611686018430244976"
    }, {
      "d" : "1756442880373762119",
      "t" : 1756442880373,
      "tn" : 1756442880373762119,
      "q" : "262",
      "p" : "0.053314",
      "s" : "sell",
      "i" : "COTI_USD",
      "m" : "4611686018430244975"
    }, {
      "d" : "1756442880178013159",
      "t" : 1756442880178,
      "tn" : 1756442880178013159,
      "q" : "262",
      "p" : "0.053313",
      "s" : "sell",
      "i" : "COTI_USD",
      "m" : "4611686018430244974"
    }, {
      "d" : "1756442880117030488",
      "t" : 1756442880117,
      "tn" : 1756442880117030488,
      "q" : "1571",
      "p" : "0.053312",
      "s" : "sell",
      "i" : "COTI_USD",
      "m" : "4611686018430244973"
    }, {
      "d" : "1756442854234718130",
      "t" : 1756442854234,
      "tn" : 1756442854234718130,
      "q" : "346",
      "p" : "0.053296",
      "s" : "sell",
      "i" : "COTI_USD",
      "m" : "4611686018430244972"
    }, {
      "d" : "1756442854234716036",
      "t" : 1756442854234,
      "tn" : 1756442854234716036,
      "q" : "1876",
      "p" : "0.053297",
      "s" : "sell",
      "i" : "COTI_USD",
      "m" : "4611686018430244971"
    }, {
      "d" : "1756442850006850342",
      "t" : 1756442850006,
      "tn" : 1756442850006850342,
      "q" : "495",
      "p" : "0.053293",
      "s" : "sell",
      "i" : "COTI_USD",
      "m" : "4611686018430244970"
    }, {
      "d" : "1756441048613340018",
      "t" : 1756441048613,
      "tn" : 1756441048613340018,
      "q" : "88",
      "p" : "0.053186",
      "s" : "buy",
      "i" : "COTI_USD",
      "m" : "4611686018430244969"
    }, {
      "d" : "1756440834735077047",
      "t" : 1756440834735,
      "tn" : 1756440834735077047,
      "q" : "21",
      "p" : "0.053209",
      "s" : "buy",
      "i" : "COTI_USD",
      "m" : "4611686018430244968"
    }, {
      "d" : "1756440488752420072",
      "t" : 1756440488752,
      "tn" : 1756440488752420072,
      "q" : "45",
      "p" : "0.053275",
      "s" : "buy",
      "i" : "COTI_USD",
      "m" : "4611686018430244967"
    }, {
      "d" : "1756440382528994868",
      "t" : 1756440382528,
      "tn" : 1756440382528994868,
      "q" : "25",
      "p" : "0.053346",
      "s" : "buy",
      "i" : "COTI_USD",
      "m" : "4611686018430244966"
    }, {
      "d" : "1756437356737292918",
      "t" : 1756437356737,
      "tn" : 1756437356737292918,
      "q" : "454",
      "p" : "0.053185",
      "s" : "buy",
      "i" : "COTI_USD",
      "m" : "4611686018430244965"
    }, {
      "d" : "1756436591815296551",
      "t" : 1756436591815,
      "tn" : 1756436591815296551,
      "q" : "92",
      "p" : "0.053140",
      "s" : "sell",
      "i" : "COTI_USD",
      "m" : "4611686018430244964"
    }, {
      "d" : "1756434269133333748",
      "t" : 1756434269133,
      "tn" : 1756434269133333748,
      "q" : "281",
      "p" : "0.053279",
      "s" : "buy",
      "i" : "COTI_USD",
      "m" : "4611686018430244963"
    }, {
      "d" : "1756432130593719809",
      "t" : 1756432130593,
      "tn" : 1756432130593719809,
      "q" : "1114",
      "p" : "0.052789",
      "s" : "sell",
      "i" : "COTI_USD",
      "m" : "4611686018430244962"
    }, {
      "d" : "1756428367763825612",
      "t" : 1756428367763,
      "tn" : 1756428367763825612,
      "q" : "33",
      "p" : "0.053305",
      "s" : "sell",
      "i" : "COTI_USD",
      "m" : "4611686018430244961"
    }, {
      "d" : "1756428121785144942",
      "t" : 1756428121785,
      "tn" : 1756428121785144942,
      "q" : "3743",
      "p" : "0.053473",
      "s" : "buy",
      "i" : "COTI_USD",
      "m" : "4611686018430244960"
    }, {
      "d" : "1756427371037532207",
      "t" : 1756427371037,
      "tn" : 1756427371037532207,
      "q" : "3723",
      "p" : "0.053816",
      "s" : "buy",
      "i" : "COTI_USD",
      "m" : "4611686018430244959"
    }, {
      "d" : "1756426646577806918",
      "t" : 1756426646577,
      "tn" : 1756426646577806918,
      "q" : "24",
      "p" : "0.053605",
      "s" : "buy",
      "i" : "COTI_USD",
      "m" : "4611686018430244958"
    }, {
      "d" : "1756425699846463921",
      "t" : 1756425699846,
      "tn" : 1756425699846463921,
      "q" : "30",
      "p" : "0.053697",
      "s" : "buy",
      "i" : "COTI_USD",
      "m" : "4611686018430244957"
    }, {
      "d" : "1756425614941604514",
      "t" : 1756425614941,
      "tn" : 1756425614941604514,
      "q" : "1666",
      "p" : "0.053609",
      "s" : "buy",
      "i" : "COTI_USD",
      "m" : "4611686018430244956"
    }, {
      "d" : "1756425614941602829",
      "t" : 1756425614941,
      "tn" : 1756425614941602829,
      "q" : "2068",
      "p" : "0.053608",
      "s" : "buy",
      "i" : "COTI_USD",
      "m" : "4611686018430244955"
    }, {
      "d" : "1756425550577963300",
      "t" : 1756425550577,
      "tn" : 1756425550577963300,
      "q" : "18132",
      "p" : "0.053519",
      "s" : "buy",
      "i" : "COTI_USD",
      "m" : "4611686018430244954"
    }, {
      "d" : "1756425550573378487",
      "t" : 1756425550573,
      "tn" : 1756425550573378487,
      "q" : "1868",
      "p" : "0.053519",
      "s" : "sell",
      "i" : "COTI_USD",
      "m" : "4611686018430244953"
    }, {
      "d" : "1756424664812895376",
      "t" : 1756424664812,
      "tn" : 1756424664812895376,
      "q" : "958",
      "p" : "0.053586",
      "s" : "buy",
      "i" : "COTI_USD",
      "m" : "4611686018430244952"
    }, {
      "d" : "1756424233470316498",
      "t" : 1756424233470,
      "tn" : 1756424233470316498,
      "q" : "603",
      "p" : "0.053526",
      "s" : "buy",
      "i" : "COTI_USD",
      "m" : "4611686018430244951"
    }, {
      "d" : "1756419840651436036",
      "t" : 1756419840651,
      "tn" : 1756419840651436036,
      "q" : "2440",
      "p" : "0.053406",
      "s" : "buy",
      "i" : "COTI_USD",
      "m" : "4611686018430244950"
    }, {
      "d" : "1756418298645461788",
      "t" : 1756418298645,
      "tn" : 1756418298645461788,
      "q" : "72",
      "p" : "0.053055",
      "s" : "buy",
      "i" : "COTI_USD",
      "m" : "4611686018430244949"
    }, {
      "d" : "1756417784881889396",
      "t" : 1756417784881,
      "tn" : 1756417784881889396,
      "q" : "200",
      "p" : "0.052845",
      "s" : "sell",
      "i" : "COTI_USD",
      "m" : "4611686018430244948"
    }, {
      "d" : "1756414742066598924",
      "t" : 1756414742066,
      "tn" : 1756414742066598924,
      "q" : "4307",
      "p" : "0.052553",
      "s" : "buy",
      "i" : "COTI_USD",
      "m" : "4611686018430244947"
    }, {
      "d" : "1756414736989289843",
      "t" : 1756414736989,
      "tn" : 1756414736989289843,
      "q" : "5113",
      "p" : "0.052528",
      "s" : "sell",
      "i" : "COTI_USD",
      "m" : "4611686018430244946"
    }, {
      "d" : "1756414736978777773",
      "t" : 1756414736978,
      "tn" : 1756414736978777773,
      "q" : "580",
      "p" : "0.052528",
      "s" : "buy",
      "i" : "COTI_USD",
      "m" : "4611686018430244945"
    }, {
      "d" : "1756414594666801627",
      "t" : 1756414594666,
      "tn" : 1756414594666801627,
      "q" : "217",
      "p" : "0.052509",
      "s" : "sell",
      "i" : "COTI_USD",
      "m" : "4611686018430244944"
    }, {
      "d" : "1756413376679937466",
      "t" : 1756413376679,
      "tn" : 1756413376679937466,
      "q" : "85",
      "p" : "0.052520",
      "s" : "buy",
      "i" : "COTI_USD",
      "m" : "4611686018430244943"
    }, {
      "d" : "1756413086538776188",
      "t" : 1756413086538,
      "tn" : 1756413086538776188,
      "q" : "35",
      "p" : "0.052612",
      "s" : "buy",
      "i" : "COTI_USD",
      "m" : "4611686018430244942"
    }, {
      "d" : "1756412324578425063",
      "t" : 1756412324578,
      "tn" : 1756412324578425063,
      "q" : "483",
      "p" : "0.052412",
      "s" : "sell",
      "i" : "COTI_USD",
      "m" : "4611686018430244941"
    }, {
      "d" : "1756408958597890146",
      "t" : 1756408958597,
      "tn" : 1756408958597890146,
      "q" : "38",
      "p" : "0.052874",
      "s" : "buy",
      "i" : "COTI_USD",
      "m" : "4611686018430244940"
    }, {
      "d" : "1756408240040129682",
      "t" : 1756408240040,
      "tn" : 1756408240040129682,
      "q" : "3770",
      "p" : "0.053135",
      "s" : "buy",
      "i" : "COTI_USD",
      "m" : "4611686018430244939"
    }, {
      "d" : "1756407242612114308",
      "t" : 1756407242612,
      "tn" : 1756407242612114308,
      "q" : "244",
      "p" : "0.053024",
      "s" : "buy",
      "i" : "COTI_USD",
      "m" : "4611686018430244938"
    }, {
      "d" : "1756405938915058292",
      "t" : 1756405938915,
      "tn" : 1756405938915058292,
      "q" : "264",
      "p" : "0.052924",
      "s" : "buy",
      "i" : "COTI_USD",
      "m" : "4611686018430244937"
    }, {
      "d" : "1756405525821239425",
      "t" : 1756405525821,
      "tn" : 1756405525821239425,
      "q" : "278",
      "p" : "0.052688",
      "s" : "buy",
      "i" : "COTI_USD",
      "m" : "4611686018430244936"
    }, {
      "d" : "1756405215061825781",
      "t" : 1756405215061,
      "tn" : 1756405215061825781,
      "q" : "802",
      "p" : "0.052713",
      "s" : "sell",
      "i" : "COTI_USD",
      "m" : "4611686018430244935"
    }, {
      "d" : "1756405215057805012",
      "t" : 1756405215057,
      "tn" : 1756405215057805012,
      "q" : "2368",
      "p" : "0.052713",
      "s" : "buy",
      "i" : "COTI_USD",
      "m" : "4611686018430244934"
    }, {
      "d" : "1756405016765181042",
      "t" : 1756405016765,
      "tn" : 1756405016765181042,
      "q" : "1919",
      "p" : "0.052594",
      "s" : "buy",
      "i" : "COTI_USD",
      "m" : "4611686018430244933"
    }, {
      "d" : "1756405016765178702",
      "t" : 1756405016765,
      "tn" : 1756405016765178702,
      "q" : "1866",
      "p" : "0.052593",
      "s" : "buy",
      "i" : "COTI_USD",
      "m" : "4611686018430244932"
    }, {
      "d" : "1756403646635015829",
      "t" : 1756403646635,
      "tn" : 1756403646635015829,
      "q" : "9000",
      "p" : "0.052508",
      "s" : "sell",
      "i" : "COTI_USD",
      "m" : "4611686018430244931"
    }, {
      "d" : "1756403388596035373",
      "t" : 1756403388596,
      "tn" : 1756403388596035373,
      "q" : "50",
      "p" : "0.052508",
      "s" : "sell",
      "i" : "COTI_USD",
      "m" : "4611686018430244930"
    }, {
      "d" : "1756402596522517434",
      "t" : 1756402596522,
      "tn" : 1756402596522517434,
      "q" : "123",
      "p" : "0.052634",
      "s" : "buy",
      "i" : "COTI_USD",
      "m" : "4611686018430244929"
    }, {
      "d" : "1756401796505610348",
      "t" : 1756401796505,
      "tn" : 1756401796505610348,
      "q" : "140",
      "p" : "0.052454",
      "s" : "sell",
      "i" : "COTI_USD",
      "m" : "4611686018430244928"
    }, {
      "d" : "1756400479138361889",
      "t" : 1756400479138,
      "tn" : 1756400479138361889,
      "q" : "245",
      "p" : "0.052414",
      "s" : "sell",
      "i" : "COTI_USD",
      "m" : "4611686018430244927"
    }, {
      "d" : "1756400353217318020",
      "t" : 1756400353217,
      "tn" : 1756400353217318020,
      "q" : "155",
      "p" : "0.052514",
      "s" : "sell",
      "i" : "COTI_USD",
      "m" : "4611686018430244926"
    }, {
      "d" : "1756399558545029933",
      "t" : 1756399558545,
      "tn" : 1756399558545029933,
      "q" : "40",
      "p" : "0.053216",
      "s" : "buy",
      "i" : "COTI_USD",
      "m" : "4611686018430244925"
    }, {
      "d" : "1756399101898890257",
      "t" : 1756399101898,
      "tn" : 1756399101898890257,
      "q" : "75",
      "p" : "0.053153",
      "s" : "sell",
      "i" : "COTI_USD",
      "m" : "4611686018430244924"
    }, {
      "d" : "1756398994633579660",
      "t" : 1756398994633,
      "tn" : 1756398994633579660,
      "q" : "296",
      "p" : "0.053239",
      "s" : "buy",
      "i" : "COTI_USD",
      "m" : "4611686018430244923"
    }, {
      "d" : "1756398216597190653",
      "t" : 1756398216597,
      "tn" : 1756398216597190653,
      "q" : "638",
      "p" : "0.053214",
      "s" : "buy",
      "i" : "COTI_USD",
      "m" : "4611686018430244922"
    }, {
      "d" : "1756398216591410350",
      "t" : 1756398216591,
      "tn" : 1756398216591410350,
      "q" : "1850",
      "p" : "0.053214",
      "s" : "sell",
      "i" : "COTI_USD",
      "m" : "4611686018430244921"
    }, {
      "d" : "1756397271088420933",
      "t" : 1756397271088,
      "tn" : 1756397271088420933,
      "q" : "533",
      "p" : "0.053227",
      "s" : "sell",
      "i" : "COTI_USD",
      "m" : "4611686018430244920"
    }, {
      "d" : "1756396360694512525",
      "t" : 1756396360694,
      "tn" : 1756396360694512525,
      "q" : "600",
      "p" : "0.052948",
      "s" : "sell",
      "i" : "COTI_USD",
      "m" : "4611686018430244919"
    }, {
      "d" : "1756396321765298610",
      "t" : 1756396321765,
      "tn" : 1756396321765298610,
      "q" : "2933",
      "p" : "0.052946",
      "s" : "buy",
      "i" : "COTI_USD",
      "m" : "4611686018430244918"
    }, {
      "d" : "1756396321759800821",
      "t" : 1756396321759,
      "tn" : 1756396321759800821,
      "q" : "1888",
      "p" : "0.052946",
      "s" : "sell",
      "i" : "COTI_USD",
      "m" : "4611686018430244917"
    }, {
      "d" : "1756396178947577836",
      "t" : 1756396178947,
      "tn" : 1756396178947577836,
      "q" : "50",
      "p" : "0.052950",
      "s" : "sell",
      "i" : "COTI_USD",
      "m" : "4611686018430244916"
    }, {
      "d" : "1756396101131202467",
      "t" : 1756396101131,
      "tn" : 1756396101131202467,
      "q" : "100",
      "p" : "0.053073",
      "s" : "sell",
      "i" : "COTI_USD",
      "m" : "4611686018430244915"
    }, {
      "d" : "1756395822678382580",
      "t" : 1756395822678,
      "tn" : 1756395822678382580,
      "q" : "55",
      "p" : "0.053208",
      "s" : "sell",
      "i" : "COTI_USD",
      "m" : "4611686018430244914"
    }, {
      "d" : "1756395681162274563",
      "t" : 1756395681162,
      "tn" : 1756395681162274563,
      "q" : "250",
      "p" : "0.053245",
      "s" : "sell",
      "i" : "COTI_USD",
      "m" : "4611686018430244913"
    }, {
      "d" : "1756393270188322595",
      "t" : 1756393270188,
      "tn" : 1756393270188322595,
      "q" : "4764",
      "p" : "0.053776",
      "s" : "buy",
      "i" : "COTI_USD",
      "m" : "4611686018430244912"
    }, {
      "d" : "1756393259934401761",
      "t" : 1756393259934,
      "tn" : 1756393259934401761,
      "q" : "6557",
      "p" : "0.053685",
      "s" : "buy",
      "i" : "COTI_USD",
      "m" : "4611686018430244911"
    }, {
      "d" : "1756393256611629697",
      "t" : 1756393256611,
      "tn" : 1756393256611629697,
      "q" : "502",
      "p" : "0.053661",
      "s" : "buy",
      "i" : "COTI_USD",
      "m" : "4611686018430244910"
    }, {
      "d" : "1756393196776549578",
      "t" : 1756393196776,
      "tn" : 1756393196776549578,
      "q" : "502",
      "p" : "0.053525",
      "s" : "sell",
      "i" : "COTI_USD",
      "m" : "4611686018430244909"
    }, {
      "d" : "1756390842650422641",
      "t" : 1756390842650,
      "tn" : 1756390842650422641,
      "q" : "105",
      "p" : "0.053675",
      "s" : "buy",
      "i" : "COTI_USD",
      "m" : "4611686018430244908"
    }, {
      "d" : "1756390065720412282",
      "t" : 1756390065720,
      "tn" : 1756390065720412282,
      "q" : "895",
      "p" : "0.053555",
      "s" : "sell",
      "i" : "COTI_USD",
      "m" : "4611686018430244907"
    }, {
      "d" : "1756390065716340822",
      "t" : 1756390065716,
      "tn" : 1756390065716340822,
      "q" : "600",
      "p" : "0.053555",
      "s" : "buy",
      "i" : "COTI_USD",
      "m" : "4611686018430244906"
    }, {
      "d" : "1756389011427998913",
      "t" : 1756389011427,
      "tn" : 1756389011427998913,
      "q" : "91",
      "p" : "0.053165",
      "s" : "buy",
      "i" : "COTI_USD",
      "m" : "4611686018430244905"
    }, {
      "d" : "1756388572282476648",
      "t" : 1756388572282,
      "tn" : 1756388572282476648,
      "q" : "212",
      "p" : "0.053315",
      "s" : "buy",
      "i" : "COTI_USD",
      "m" : "4611686018430244904"
    }, {
      "d" : "1756384474682564472",
      "t" : 1756384474682,
      "tn" : 1756384474682564472,
      "q" : "670",
      "p" : "0.053199",
      "s" : "sell",
      "i" : "COTI_USD",
      "m" : "4611686018430244903"
    }, {
      "d" : "1756384297779351655",
      "t" : 1756384297779,
      "tn" : 1756384297779351655,
      "q" : "2189",
      "p" : "0.053353",
      "s" : "buy",
      "i" : "COTI_USD",
      "m" : "4611686018430244902"
    }, {
      "d" : "1756384297779349448",
      "t" : 1756384297779,
      "tn" : 1756384297779349448,
      "q" : "1563",
      "p" : "0.053352",
      "s" : "buy",
      "i" : "COTI_USD",
      "m" : "4611686018430244901"
    }, {
      "d" : "1756383938987467959",
      "t" : 1756383938987,
      "tn" : 1756383938987467959,
      "q" : "132",
      "p" : "0.053131",
      "s" : "sell",
      "i" : "COTI_USD",
      "m" : "4611686018430244900"
    }, {
      "d" : "1756383650891258947",
      "t" : 1756383650891,
      "tn" : 1756383650891258947,
      "q" : "238",
      "p" : "0.053406",
      "s" : "buy",
      "i" : "COTI_USD",
      "m" : "4611686018430244899"
    }, {
      "d" : "1756383648708415888",
      "t" : 1756383648708,
      "tn" : 1756383648708415888,
      "q" : "38274",
      "p" : "0.053379",
      "s" : "sell",
      "i" : "COTI_USD",
      "m" : "4611686018430244898"
    }, {
      "d" : "1756383648699118070",
      "t" : 1756383648699,
      "tn" : 1756383648699118070,
      "q" : "2341",
      "p" : "0.053379",
      "s" : "buy",
      "i" : "COTI_USD",
      "m" : "4611686018430244897"
    }, {
      "d" : "1756383512930709397",
      "t" : 1756383512930,
      "tn" : 1756383512930709397,
      "q" : "2346",
      "p" : "0.053261",
      "s" : "buy",
      "i" : "COTI_USD",
      "m" : "4611686018430244896"
    }, {
      "d" : "1756383490743952211",
      "t" : 1756383490743,
      "tn" : 1756383490743952211,
      "q" : "293",
      "p" : "0.053177",
      "s" : "buy",
      "i" : "COTI_USD",
      "m" : "4611686018430244895"
    }, {
      "d" : "1756383490736986066",
      "t" : 1756383490736,
      "tn" : 1756383490736986066,
      "q" : "13219",
      "p" : "0.053177",
      "s" : "sell",
      "i" : "COTI_USD",
      "m" : "4611686018430244894"
    }, {
      "d" : "1756383486774165744",
      "t" : 1756383486774,
      "tn" : 1756383486774165744,
      "q" : "1279",
      "p" : "0.053168",
      "s" : "sell",
      "i" : "COTI_USD",
      "m" : "4611686018430244893"
    }, {
      "d" : "1756383483065119324",
      "t" : 1756383483065,
      "tn" : 1756383483065119324,
      "q" : "1658",
      "p" : "0.053168",
      "s" : "buy",
      "i" : "COTI_USD",
      "m" : "4611686018430244892"
    }, {
      "d" : "1756383483059155103",
      "t" : 1756383483059,
      "tn" : 1756383483059155103,
      "q" : "1880",
      "p" : "0.053168",
      "s" : "sell",
      "i" : "COTI_USD",
      "m" : "4611686018430244891"
    }, {
      "d" : "1756382466658765353",
      "t" : 1756382466658,
      "tn" : 1756382466658765353,
      "q" : "129",
      "p" : "0.053279",
      "s" : "buy",
      "i" : "COTI_USD",
      "m" : "4611686018430244890"
    }, {
      "d" : "1756382026575032328",
      "t" : 1756382026575,
      "tn" : 1756382026575032328,
      "q" : "595",
      "p" : "0.053048",
      "s" : "sell",
      "i" : "COTI_USD",
      "m" : "4611686018430244889"
    }, {
      "d" : "1756380856545106964",
      "t" : 1756380856545,
      "tn" : 1756380856545106964,
      "q" : "220",
      "p" : "0.053088",
      "s" : "sell",
      "i" : "COTI_USD",
      "m" : "4611686018430244888"
    }, {
      "d" : "1756379780592031226",
      "t" : 1756379780592,
      "tn" : 1756379780592031226,
      "q" : "1438",
      "p" : "0.053073",
      "s" : "buy",
      "i" : "COTI_USD",
      "m" : "4611686018430244887"
    }, {
      "d" : "1756379780592028903",
      "t" : 1756379780592,
      "tn" : 1756379780592028903,
      "q" : "2355",
      "p" : "0.053072",
      "s" : "buy",
      "i" : "COTI_USD",
      "m" : "4611686018430244886"
    }, {
      "d" : "1756379086533270879",
      "t" : 1756379086533,
      "tn" : 1756379086533270879,
      "q" : "1009",
      "p" : "0.053038",
      "s" : "sell",
      "i" : "COTI_USD",
      "m" : "4611686018430244885"
    }, {
      "d" : "1756379023465812621",
      "t" : 1756379023465,
      "tn" : 1756379023465812621,
      "q" : "12674",
      "p" : "0.053087",
      "s" : "sell",
      "i" : "COTI_USD",
      "m" : "4611686018430244884"
    }, {
      "d" : "1756379018752223661",
      "t" : 1756379018752,
      "tn" : 1756379018752223661,
      "q" : "13219",
      "p" : "0.053097",
      "s" : "sell",
      "i" : "COTI_USD",
      "m" : "4611686018430244883"
    }, {
      "d" : "1756379013195869947",
      "t" : 1756379013195,
      "tn" : 1756379013195869947,
      "q" : "1883",
      "p" : "0.053098",
      "s" : "sell",
      "i" : "COTI_USD",
      "m" : "4611686018430244882"
    }, {
      "d" : "1756379007933512392",
      "t" : 1756379007933,
      "tn" : 1756379007933512392,
      "q" : "22224",
      "p" : "0.053098",
      "s" : "sell",
      "i" : "COTI_USD",
      "m" : "4611686018430244881"
    }, {
      "d" : "1756378708583161678",
      "t" : 1756378708583,
      "tn" : 1756378708583161678,
      "q" : "217",
      "p" : "0.053255",
      "s" : "buy",
      "i" : "COTI_USD",
      "m" : "4611686018430244880"
    }, {
      "d" : "1756378526665463658",
      "t" : 1756378526665,
      "tn" : 1756378526665463658,
      "q" : "4511",
      "p" : "0.053205",
      "s" : "buy",
      "i" : "COTI_USD",
      "m" : "4611686018430244879"
    }, {
      "d" : "1756378522646430280",
      "t" : 1756378522646,
      "tn" : 1756378522646430280,
      "q" : "13137",
      "p" : "0.053146",
      "s" : "sell",
      "i" : "COTI_USD",
      "m" : "4611686018430244878"
    }, {
      "d" : "1756378522638955236",
      "t" : 1756378522638,
      "tn" : 1756378522638955236,
      "q" : "2352",
      "p" : "0.053146",
      "s" : "buy",
      "i" : "COTI_USD",
      "m" : "4611686018430244877"
    }, {
      "d" : "1756378015367644600",
      "t" : 1756378015367,
      "tn" : 1756378015367644600,
      "q" : "44",
      "p" : "0.053091",
      "s" : "buy",
      "i" : "COTI_USD",
      "m" : "4611686018430244876"
    }, {
      "d" : "1756375975363834858",
      "t" : 1756375975363,
      "tn" : 1756375975363834858,
      "q" : "418",
      "p" : "0.053005",
      "s" : "buy",
      "i" : "COTI_USD",
      "m" : "4611686018430244875"
    }, {
      "d" : "1756375223063865867",
      "t" : 1756375223063,
      "tn" : 1756375223063865867,
      "q" : "762",
      "p" : "0.052816",
      "s" : "sell",
      "i" : "COTI_USD",
      "m" : "4611686018430244874"
    }, {
      "d" : "1756374647579349340",
      "t" : 1756374647579,
      "tn" : 1756374647579349340,
      "q" : "1891",
      "p" : "0.052909",
      "s" : "buy",
      "i" : "COTI_USD",
      "m" : "4611686018430244873"
    }, {
      "d" : "1756374647579347223",
      "t" : 1756374647579,
      "tn" : 1756374647579347223,
      "q" : "2362",
      "p" : "0.052908",
      "s" : "buy",
      "i" : "COTI_USD",
      "m" : "4611686018430244872"
    }, {
      "d" : "1756374497825289419",
      "t" : 1756374497825,
      "tn" : 1756374497825289419,
      "q" : "2089",
      "p" : "0.052806",
      "s" : "buy",
      "i" : "COTI_USD",
      "m" : "4611686018430244871"
    }, {
      "d" : "1756374497822138173",
      "t" : 1756374497822,
      "tn" : 1756374497822138173,
      "q" : "946",
      "p" : "0.052806",
      "s" : "sell",
      "i" : "COTI_USD",
      "m" : "4611686018430244870"
    } ]
  }
}