{
  "id" : -1,
  "method" : "public/get-trades",
  "code" : 0,
  "result" : {
    "data" : [ {
      "d" : "1756450307480630160",
      "t" : 1756450307480,
      "tn" : 1756450307480630160,
      "q" : "87",
      "p" : "0.29600",
      "s" : "sell",
      "i" : "CRO_USC",
      "m" : "4611686018427397284"
    }, {
      "d" : "1756450288620453078",
      "t" : 1756450288620,
      "tn" : 1756450288620453078,
      "q" : "256",
      "p" : "0.29600",
      "s" : "sell",
      "i" : "CRO_USC",
      "m" : "4611686018427397283"
    }, {
      "d" : "1756450288618901698",
      "t" : 1756450288618,
      "tn" : 1756450288618901698,
      "q" : "256",
      "p" : "0.29600",
      "s" : "sell",
      "i" : "CRO_USC",
      "m" : "4611686018427397282"
    }, {
      "d" : "1756450288571265626",
      "t" : 1756450288571,
      "tn" : 1756450288571265626,
      "q" : "4",
      "p" : "0.29600",
      "s" : "sell",
      "i" : "CRO_USC",
      "m" : "4611686018427397281"
    }, {
      "d" : "1756447445556579942",
      "t" : 1756447445556,
      "tn" : 1756447445556579942,
      "q" : "591",
      "p" : "0.29832",
      "s" : "sell",
      "i" : "CRO_USC",
      "m" : "4611686018427397280"
    }, {
      "d" : "1756447445556577921",
      "t" : 1756447445556,
      "tn" : 1756447445556577921,
      "q" : "409",
      "p" : "0.29945",
      "s" : "sell",
      "i" : "CRO_USC",
      "m" : "4611686018427397279"
    }, {
      "d" : "1756447256136104330",
      "t" : 1756447256136,
      "tn" : 1756447256136104328,
      "q" : "305",
      "p" : "0.29694",
      "s" : "sell",
      "i" : "CRO_USC",
      "m" : "4611686018427397278"
    }, {
      "d" : "1756447256136104329",
      "t" : 1756447256136,
      "tn" : 1756447256136104328,
      "q" : "522",
      "p" : "0.29694",
      "s" : "sell",
      "i" : "CRO_USC",
      "m" : "4611686018427397278"
    }, {
      "d" : "1756447256136104328",
      "t" : 1756447256136,
      "tn" : 1756447256136104328,
      "q" : "306",
      "p" : "0.29694",
      "s" : "sell",
      "i" : "CRO_USC",
      "m" : "4611686018427397278"
    }, {
      "d" : "1756447256136100966",
      "t" : 1756447256136,
      "tn" : 1756447256136100965,
      "q" : "937",
      "p" : "0.29719",
      "s" : "sell",
      "i" : "CRO_USC",
      "m" : "4611686018427397277"
    }, {
      "d" : "1756447256136100965",
      "t" : 1756447256136,
      "tn" : 1756447256136100965,
      "q" : "765",
      "p" : "0.29719",
      "s" : "sell",
      "i" : "CRO_USC",
      "m" : "4611686018427397277"
    }, {
      "d" : "1756447256136096784",
      "t" : 1756447256136,
      "tn" : 1756447256136096783,
      "q" : "522",
      "p" : "0.29792",
      "s" : "sell",
      "i" : "CRO_USC",
      "m" : "4611686018427397276"
    }, {
      "d" : "1756447256136096783",
      "t" : 1756447256136,
      "tn" : 1756447256136096783,
      "q" : "306",
      "p" : "0.29792",
      "s" : "sell",
      "i" : "CRO_USC",
      "m" : "4611686018427397276"
    }, {
      "d" : "1756447256136093316",
      "t" : 1756447256136,
      "tn" : 1756447256136093315,
      "q" : "356",
      "p" : "0.29832",
      "s" : "sell",
      "i" : "CRO_USC",
      "m" : "4611686018427397275"
    }, {
      "d" : "1756447256136093315",
      "t" : 1756447256136,
      "tn" : 1756447256136093315,
      "q" : "409",
      "p" : "0.29832",
      "s" : "sell",
      "i" : "CRO_USC",
      "m" : "4611686018427397275"
    }, {
      "d" : "1756447256136089415",
      "t" : 1756447256136,
      "tn" : 1756447256136089414,
      "q" : "522",
      "p" : "0.29890",
      "s" : "sell",
      "i" : "CRO_USC",
      "m" : "4611686018427397274"
    }, {
      "d" : "1756447256136089414",
      "t" : 1756447256136,
      "tn" : 1756447256136089414,
      "q" : "306",
      "p" : "0.29890",
      "s" : "sell",
      "i" : "CRO_USC",
      "m" : "4611686018427397274"
    }, {
      "d" : "1756447256136086085",
      "t" : 1756447256136,
      "tn" : 1756447256136086084,
      "q" : "356",
      "p" : "0.29945",
      "s" : "sell",
      "i" : "CRO_USC",
      "m" : "4611686018427397273"
    }, {
      "d" : "1756447256136086084",
      "t" : 1756447256136,
      "tn" : 1756447256136086084,
      "q" : "409",
      "p" : "0.29945",
      "s" : "sell",
      "i" : "CRO_USC",
      "m" : "4611686018427397273"
    }, {
      "d" : "1756447256136082554",
      "t" : 1756447256136,
      "tn" : 1756447256136082554,
      "q" : "306",
      "p" : "0.29988",
      "s" : "sell",
      "i" : "CRO_USC",
      "m" : "4611686018427397272"
    }, {
      "d" : "1756447256136080095",
      "t" : 1756447256136,
      "tn" : 1756447256136080095,
      "q" : "361",
      "p" : "0.29997",
      "s" : "sell",
      "i" : "CRO_USC",
      "m" : "4611686018427397271"
    }, {
      "d" : "1756447256136077423",
      "t" : 1756447256136,
      "tn" : 1756447256136077423,
      "q" : "409",
      "p" : "0.30058",
      "s" : "sell",
      "i" : "CRO_USC",
      "m" : "4611686018427397270"
    }, {
      "d" : "1756447256136074595",
      "t" : 1756447256136,
      "tn" : 1756447256136074595,
      "q" : "361",
      "p" : "0.30088",
      "s" : "sell",
      "i" : "CRO_USC",
      "m" : "4611686018427397269"
    }, {
      "d" : "1756442937951209468",
      "t" : 1756442937951,
      "tn" : 1756442937951209468,
      "q" : "230",
      "p" : "0.29750",
      "s" : "sell",
      "i" : "CRO_USC",
      "m" : "4611686018427397268"
    }, {
      "d" : "1756442937951207640",
      "t" : 1756442937951,
      "tn" : 1756442937951207640,
      "q" : "409",
      "p" : "0.29832",
      "s" : "sell",
      "i" : "CRO_USC",
      "m" : "4611686018427397267"
    }, {
      "d" : "1756442937951204831",
      "t" : 1756442937951,
      "tn" : 1756442937951204831,
      "q" : "361",
      "p" : "0.29840",
      "s" : "sell",
      "i" : "CRO_USC",
      "m" : "4611686018427397266"
    }, {
      "d" : "1756429745234709029",
      "t" : 1756429745234,
      "tn" : 1756429745234709029,
      "q" : "14",
      "p" : "0.31979",
      "s" : "sell",
      "i" : "CRO_USC",
      "m" : "4611686018427397265"
    }, {
      "d" : "1756429744778073172",
      "t" : 1756429744778,
      "tn" : 1756429744778073172,
      "q" : "253",
      "p" : "0.31979",
      "s" : "sell",
      "i" : "CRO_USC",
      "m" : "4611686018427397264"
    }, {
      "d" : "1756429744381622542",
      "t" : 1756429744381,
      "tn" : 1756429744381622542,
      "q" : "352",
      "p" : "0.31979",
      "s" : "sell",
      "i" : "CRO_USC",
      "m" : "4611686018427397263"
    }, {
      "d" : "1756429744380048520",
      "t" : 1756429744380,
      "tn" : 1756429744380048520,
      "q" : "352",
      "p" : "0.31979",
      "s" : "sell",
      "i" : "CRO_USC",
      "m" : "4611686018427397262"
    }, {
      "d" : "1756429744378410039",
      "t" : 1756429744378,
      "tn" : 1756429744378410039,
      "q" : "608",
      "p" : "0.31979",
      "s" : "sell",
      "i" : "CRO_USC",
      "m" : "4611686018427397261"
    }, {
      "d" : "1756429744376681556",
      "t" : 1756429744376,
      "tn" : 1756429744376681556,
      "q" : "32",
      "p" : "0.31979",
      "s" : "sell",
      "i" : "CRO_USC",
      "m" : "4611686018427397260"
    }, {
      "d" : "1756429744375192759",
      "t" : 1756429744375,
      "tn" : 1756429744375192759,
      "q" : "32",
      "p" : "0.31979",
      "s" : "sell",
      "i" : "CRO_USC",
      "m" : "4611686018427397259"
    }, {
      "d" : "1756429744373661320",
      "t" : 1756429744373,
      "tn" : 1756429744373661320,
      "q" : "32",
      "p" : "0.31979",
      "s" : "sell",
      "i" : "CRO_USC",
      "m" : "4611686018427397258"
    }, {
      "d" : "1756429744371856500",
      "t" : 1756429744371,
      "tn" : 1756429744371856500,
      "q" : "32",
      "p" : "0.31979",
      "s" : "sell",
      "i" : "CRO_USC",
      "m" : "4611686018427397257"
    }, {
      "d" : "1756429741116923610",
      "t" : 1756429741116,
      "tn" : 1756429741116923610,
      "q" : "228",
      "p" : "0.31979",
      "s" : "sell",
      "i" : "CRO_USC",
      "m" : "4611686018427397256"
    }, {
      "d" : "1756429741115438564",
      "t" : 1756429741115,
      "tn" : 1756429741115438564,
      "q" : "256",
      "p" : "0.31979",
      "s" : "sell",
      "i" : "CRO_USC",
      "m" : "4611686018427397255"
    }, {
      "d" : "1756429741113655925",
      "t" : 1756429741113,
      "tn" : 1756429741113655925,
      "q" : "480",
      "p" : "0.31979",
      "s" : "sell",
      "i" : "CRO_USC",
      "m" : "4611686018427397254"
    }, {
      "d" : "1756427521394158746",
      "t" : 1756427521394,
      "tn" : 1756427521394158746,
      "q" : "361",
      "p" : "0.31225",
      "s" : "sell",
      "i" : "CRO_USC",
      "m" : "4611686018427397253"
    }, {
      "d" : "1756425771741355080",
      "t" : 1756425771741,
      "tn" : 1756425771741355080,
      "q" : "1186",
      "p" : "0.32883",
      "s" : "sell",
      "i" : "CRO_USC",
      "m" : "4611686018427397252"
    }, {
      "d" : "1756425771741353474",
      "t" : 1756425771741,
      "tn" : 1756425771741353474,
      "q" : "828",
      "p" : "0.32928",
      "s" : "sell",
      "i" : "CRO_USC",
      "m" : "4611686018427397251"
    }, {
      "d" : "1756425771741351979",
      "t" : 1756425771741,
      "tn" : 1756425771741351979,
      "q" : "765",
      "p" : "0.32996",
      "s" : "sell",
      "i" : "CRO_USC",
      "m" : "4611686018427397250"
    }, {
      "d" : "1756425771741350605",
      "t" : 1756425771741,
      "tn" : 1756425771741350605,
      "q" : "306",
      "p" : "0.33026",
      "s" : "sell",
      "i" : "CRO_USC",
      "m" : "4611686018427397249"
    }, {
      "d" : "1756425771741349251",
      "t" : 1756425771741,
      "tn" : 1756425771741349251,
      "q" : "361",
      "p" : "0.33091",
      "s" : "sell",
      "i" : "CRO_USC",
      "m" : "4611686018427397248"
    }, {
      "d" : "1756425771741347512",
      "t" : 1756425771741,
      "tn" : 1756425771741347512,
      "q" : "409",
      "p" : "0.33109",
      "s" : "sell",
      "i" : "CRO_USC",
      "m" : "4611686018427397247"
    }, {
      "d" : "1756425771741346114",
      "t" : 1756425771741,
      "tn" : 1756425771741346114,
      "q" : "361",
      "p" : "0.33193",
      "s" : "sell",
      "i" : "CRO_USC",
      "m" : "4611686018427397246"
    }, {
      "d" : "1756418590470697374",
      "t" : 1756418590470,
      "tn" : 1756418590470697374,
      "q" : "550",
      "p" : "0.32400",
      "s" : "buy",
      "i" : "CRO_USC",
      "m" : "4611686018427397245"
    }, {
      "d" : "1756418590469056118",
      "t" : 1756418590469,
      "tn" : 1756418590469056118,
      "q" : "1424",
      "p" : "0.32400",
      "s" : "buy",
      "i" : "CRO_USC",
      "m" : "4611686018427397244"
    }, {
      "d" : "1756418590467275655",
      "t" : 1756418590467,
      "tn" : 1756418590467275655,
      "q" : "1423",
      "p" : "0.32400",
      "s" : "buy",
      "i" : "CRO_USC",
      "m" : "4611686018427397243"
    }, {
      "d" : "1756418590465515990",
      "t" : 1756418590465,
      "tn" : 1756418590465515990,
      "q" : "1422",
      "p" : "0.32400",
      "s" : "buy",
      "i" : "CRO_USC",
      "m" : "4611686018427397242"
    }, {
      "d" : "1756417533978652371",
      "t" : 1756417533978,
      "tn" : 1756417533978652371,
      "q" : "138",
      "p" : "0.32300",
      "s" : "buy",
      "i" : "CRO_USC",
      "m" : "4611686018427397241"
    }, {
      "d" : "1756417533977137263",
      "t" : 1756417533977,
      "tn" : 1756417533977137263,
      "q" : "1425",
      "p" : "0.32300",
      "s" : "buy",
      "i" : "CRO_USC",
      "m" : "4611686018427397240"
    }, {
      "d" : "1756417533975498374",
      "t" : 1756417533975,
      "tn" : 1756417533975498374,
      "q" : "1424",
      "p" : "0.32300",
      "s" : "buy",
      "i" : "CRO_USC",
      "m" : "4611686018427397239"
    }, {
      "d" : "1756415709628701982",
      "t" : 1756415709628,
      "tn" : 1756415709628701981,
      "q" : "154",
      "p" : "0.30510",
      "s" : "sell",
      "i" : "CRO_USC",
      "m" : "4611686018427397238"
    }, {
      "d" : "1756415709628701981",
      "t" : 1756415709628,
      "tn" : 1756415709628701981,
      "q" : "409",
      "p" : "0.30510",
      "s" : "sell",
      "i" : "CRO_USC",
      "m" : "4611686018427397238"
    }, {
      "d" : "1756415709628698875",
      "t" : 1756415709628,
      "tn" : 1756415709628698875,
      "q" : "306",
      "p" : "0.30576",
      "s" : "sell",
      "i" : "CRO_USC",
      "m" : "4611686018427397237"
    }, {
      "d" : "1756415709628696676",
      "t" : 1756415709628,
      "tn" : 1756415709628696676,
      "q" : "361",
      "p" : "0.30618",
      "s" : "sell",
      "i" : "CRO_USC",
      "m" : "4611686018427397236"
    }, {
      "d" : "1756415709628693511",
      "t" : 1756415709628,
      "tn" : 1756415709628693511,
      "q" : "409",
      "p" : "0.30623",
      "s" : "sell",
      "i" : "CRO_USC",
      "m" : "4611686018427397235"
    }, {
      "d" : "1756415709628690374",
      "t" : 1756415709628,
      "tn" : 1756415709628690374,
      "q" : "361",
      "p" : "0.30710",
      "s" : "sell",
      "i" : "CRO_USC",
      "m" : "4611686018427397234"
    }, {
      "d" : "1756410579120741836",
      "t" : 1756410579120,
      "tn" : 1756410579120741836,
      "q" : "4",
      "p" : "0.29604",
      "s" : "sell",
      "i" : "CRO_USC",
      "m" : "4611686018427397233"
    }, {
      "d" : "1756410556051934021",
      "t" : 1756410556051,
      "tn" : 1756410556051934021,
      "q" : "831",
      "p" : "0.29643",
      "s" : "buy",
      "i" : "CRO_USC",
      "m" : "4611686018427397232"
    }, {
      "d" : "1756410556041815703",
      "t" : 1756410556041,
      "tn" : 1756410556041815703,
      "q" : "4",
      "p" : "0.29643",
      "s" : "buy",
      "i" : "CRO_USC",
      "m" : "4611686018427397231"
    }, {
      "d" : "1756410556001923782",
      "t" : 1756410556001,
      "tn" : 1756410556001923782,
      "q" : "256",
      "p" : "0.29643",
      "s" : "buy",
      "i" : "CRO_USC",
      "m" : "4611686018427397230"
    }, {
      "d" : "1756410555993079455",
      "t" : 1756410555993,
      "tn" : 1756410555993079455,
      "q" : "4",
      "p" : "0.29643",
      "s" : "buy",
      "i" : "CRO_USC",
      "m" : "4611686018427397229"
    }, {
      "d" : "1756410555991595770",
      "t" : 1756410555991,
      "tn" : 1756410555991595770,
      "q" : "4",
      "p" : "0.29643",
      "s" : "buy",
      "i" : "CRO_USC",
      "m" : "4611686018427397228"
    }, {
      "d" : "1756410555985723179",
      "t" : 1756410555985,
      "tn" : 1756410555985723179,
      "q" : "256",
      "p" : "0.29643",
      "s" : "buy",
      "i" : "CRO_USC",
      "m" : "4611686018427397227"
    }, {
      "d" : "1756410555970522477",
      "t" : 1756410555970,
      "tn" : 1756410555970522477,
      "q" : "256",
      "p" : "0.29643",
      "s" : "buy",
      "i" : "CRO_USC",
      "m" : "4611686018427397226"
    }, {
      "d" : "1756410555940744465",
      "t" : 1756410555940,
      "tn" : 1756410555940744465,
      "q" : "4",
      "p" : "0.29643",
      "s" : "buy",
      "i" : "CRO_USC",
      "m" : "4611686018427397225"
    }, {
      "d" : "1756410555870418236",
      "t" : 1756410555870,
      "tn" : 1756410555870418236,
      "q" : "37",
      "p" : "0.29643",
      "s" : "buy",
      "i" : "CRO_USC",
      "m" : "4611686018427397224"
    }, {
      "d" : "1756410555865433762",
      "t" : 1756410555865,
      "tn" : 1756410555865433762,
      "q" : "37",
      "p" : "0.29643",
      "s" : "buy",
      "i" : "CRO_USC",
      "m" : "4611686018427397223"
    }, {
      "d" : "1756410555860413027",
      "t" : 1756410555860,
      "tn" : 1756410555860413027,
      "q" : "37",
      "p" : "0.29643",
      "s" : "buy",
      "i" : "CRO_USC",
      "m" : "4611686018427397222"
    }, {
      "d" : "1756410555855420545",
      "t" : 1756410555855,
      "tn" : 1756410555855420545,
      "q" : "37",
      "p" : "0.29643",
      "s" : "buy",
      "i" : "CRO_USC",
      "m" : "4611686018427397221"
    }, {
      "d" : "1756410555845363063",
      "t" : 1756410555845,
      "tn" : 1756410555845363063,
      "q" : "37",
      "p" : "0.29643",
      "s" : "buy",
      "i" : "CRO_USC",
      "m" : "4611686018427397220"
    }, {
      "d" : "1756410555838484743",
      "t" : 1756410555838,
      "tn" : 1756410555838484743,
      "q" : "4",
      "p" : "0.29643",
      "s" : "buy",
      "i" : "CRO_USC",
      "m" : "4611686018427397219"
    }, {
      "d" : "1756410555837022541",
      "t" : 1756410555837,
      "tn" : 1756410555837022541,
      "q" : "4",
      "p" : "0.29643",
      "s" : "buy",
      "i" : "CRO_USC",
      "m" : "4611686018427397218"
    }, {
      "d" : "1756410555835361209",
      "t" : 1756410555835,
      "tn" : 1756410555835361209,
      "q" : "67",
      "p" : "0.29643",
      "s" : "buy",
      "i" : "CRO_USC",
      "m" : "4611686018427397217"
    }, {
      "d" : "1756410555830303626",
      "t" : 1756410555830,
      "tn" : 1756410555830303626,
      "q" : "1552",
      "p" : "0.29643",
      "s" : "buy",
      "i" : "CRO_USC",
      "m" : "4611686018427397216"
    }, {
      "d" : "1756410555828538983",
      "t" : 1756410555828,
      "tn" : 1756410555828538983,
      "q" : "1552",
      "p" : "0.29643",
      "s" : "buy",
      "i" : "CRO_USC",
      "m" : "4611686018427397215"
    }, {
      "d" : "1756410555827065701",
      "t" : 1756410555827,
      "tn" : 1756410555827065701,
      "q" : "1551",
      "p" : "0.29643",
      "s" : "buy",
      "i" : "CRO_USC",
      "m" : "4611686018427397214"
    }, {
      "d" : "1756410555825479448",
      "t" : 1756410555825,
      "tn" : 1756410555825479448,
      "q" : "1550",
      "p" : "0.29643",
      "s" : "buy",
      "i" : "CRO_USC",
      "m" : "4611686018427397213"
    }, {
      "d" : "1756410555823791424",
      "t" : 1756410555823,
      "tn" : 1756410555823791424,
      "q" : "1549",
      "p" : "0.29643",
      "s" : "buy",
      "i" : "CRO_USC",
      "m" : "4611686018427397212"
    }, {
      "d" : "1756410555822064959",
      "t" : 1756410555822,
      "tn" : 1756410555822064959,
      "q" : "639",
      "p" : "0.29643",
      "s" : "buy",
      "i" : "CRO_USC",
      "m" : "4611686018427397211"
    }, {
      "d" : "1756410555821784243",
      "t" : 1756410555821,
      "tn" : 1756410555821784243,
      "q" : "1548",
      "p" : "0.29643",
      "s" : "buy",
      "i" : "CRO_USC",
      "m" : "4611686018427397210"
    }, {
      "d" : "1756409773949128619",
      "t" : 1756409773949,
      "tn" : 1756409773949128619,
      "q" : "21",
      "p" : "0.30226",
      "s" : "sell",
      "i" : "CRO_USC",
      "m" : "4611686018427397209"
    }, {
      "d" : "1756400867109865156",
      "t" : 1756400867109,
      "tn" : 1756400867109865156,
      "q" : "11300",
      "p" : "0.29121",
      "s" : "sell",
      "i" : "CRO_USC",
      "m" : "4611686018427397208"
    }, {
      "d" : "1756400514046846053",
      "t" : 1756400514046,
      "tn" : 1756400514046846053,
      "q" : "8013",
      "p" : "0.28769",
      "s" : "buy",
      "i" : "CRO_USC",
      "m" : "4611686018427397207"
    }, {
      "d" : "1756400514045600143",
      "t" : 1756400514045,
      "tn" : 1756400514045600143,
      "q" : "1626",
      "p" : "0.28769",
      "s" : "buy",
      "i" : "CRO_USC",
      "m" : "4611686018427397206"
    }, {
      "d" : "1756400514041076243",
      "t" : 1756400514041,
      "tn" : 1756400514041076243,
      "q" : "361",
      "p" : "0.28769",
      "s" : "sell",
      "i" : "CRO_USC",
      "m" : "4611686018427397205"
    }, {
      "d" : "1756400192511430081",
      "t" : 1756400192511,
      "tn" : 1756400192511430081,
      "q" : "1947",
      "p" : "0.28250",
      "s" : "sell",
      "i" : "CRO_USC",
      "m" : "4611686018427397204"
    }, {
      "d" : "1756400192511428412",
      "t" : 1756400192511,
      "tn" : 1756400192511428412,
      "q" : "1729",
      "p" : "0.28322",
      "s" : "sell",
      "i" : "CRO_USC",
      "m" : "4611686018427397203"
    }, {
      "d" : "1756400192511425087",
      "t" : 1756400192511,
      "tn" : 1756400192511425087,
      "q" : "1702",
      "p" : "0.28363",
      "s" : "sell",
      "i" : "CRO_USC",
      "m" : "4611686018427397202"
    }, {
      "d" : "1756400192511422401",
      "t" : 1756400192511,
      "tn" : 1756400192511422401,
      "q" : "1230",
      "p" : "0.28420",
      "s" : "sell",
      "i" : "CRO_USC",
      "m" : "4611686018427397201"
    }, {
      "d" : "1756400192511420272",
      "t" : 1756400192511,
      "tn" : 1756400192511420272,
      "q" : "1186",
      "p" : "0.28476",
      "s" : "sell",
      "i" : "CRO_USC",
      "m" : "4611686018427397200"
    }, {
      "d" : "1756400192511417857",
      "t" : 1756400192511,
      "tn" : 1756400192511417857,
      "q" : "828",
      "p" : "0.28518",
      "s" : "sell",
      "i" : "CRO_USC",
      "m" : "4611686018427397199"
    }, {
      "d" : "1756400192511415899",
      "t" : 1756400192511,
      "tn" : 1756400192511415899,
      "q" : "765",
      "p" : "0.28589",
      "s" : "sell",
      "i" : "CRO_USC",
      "m" : "4611686018427397198"
    }, {
      "d" : "1756400192511413488",
      "t" : 1756400192511,
      "tn" : 1756400192511413488,
      "q" : "306",
      "p" : "0.28616",
      "s" : "sell",
      "i" : "CRO_USC",
      "m" : "4611686018427397197"
    }, {
      "d" : "1756400192511410970",
      "t" : 1756400192511,
      "tn" : 1756400192511410970,
      "q" : "361",
      "p" : "0.28626",
      "s" : "sell",
      "i" : "CRO_USC",
      "m" : "4611686018427397196"
    }, {
      "d" : "1756400192511408191",
      "t" : 1756400192511,
      "tn" : 1756400192511408191,
      "q" : "409",
      "p" : "0.28702",
      "s" : "sell",
      "i" : "CRO_USC",
      "m" : "4611686018427397195"
    }, {
      "d" : "1756400192511405523",
      "t" : 1756400192511,
      "tn" : 1756400192511405523,
      "q" : "294",
      "p" : "0.28703",
      "s" : "sell",
      "i" : "CRO_USC",
      "m" : "4611686018427397194"
    }, {
      "d" : "1756400192511403830",
      "t" : 1756400192511,
      "tn" : 1756400192511403830,
      "q" : "361",
      "p" : "0.28714",
      "s" : "sell",
      "i" : "CRO_USC",
      "m" : "4611686018427397193"
    }, {
      "d" : "1756400192511402488",
      "t" : 1756400192511,
      "tn" : 1756400192511402488,
      "q" : "500",
      "p" : "0.29000",
      "s" : "sell",
      "i" : "CRO_USC",
      "m" : "4611686018427397192"
    }, {
      "d" : "1756400032137553673",
      "t" : 1756400032137,
      "tn" : 1756400032137553673,
      "q" : "4",
      "p" : "0.29253",
      "s" : "sell",
      "i" : "CRO_USC",
      "m" : "4611686018427397191"
    }, {
      "d" : "1756400032137102660",
      "t" : 1756400032137,
      "tn" : 1756400032137102660,
      "q" : "357",
      "p" : "0.29253",
      "s" : "sell",
      "i" : "CRO_USC",
      "m" : "4611686018427397190"
    }, {
      "d" : "1756400031139840417",
      "t" : 1756400031139,
      "tn" : 1756400031139840417,
      "q" : "361",
      "p" : "0.29253",
      "s" : "sell",
      "i" : "CRO_USC",
      "m" : "4611686018427397189"
    }, {
      "d" : "1756400029985556261",
      "t" : 1756400029985,
      "tn" : 1756400029985556261,
      "q" : "409",
      "p" : "0.29267",
      "s" : "sell",
      "i" : "CRO_USC",
      "m" : "4611686018427397188"
    }, {
      "d" : "1756400029985554012",
      "t" : 1756400029985,
      "tn" : 1756400029985554012,
      "q" : "361",
      "p" : "0.29268",
      "s" : "sell",
      "i" : "CRO_USC",
      "m" : "4611686018427397187"
    }, {
      "d" : "1756399893356646980",
      "t" : 1756399893356,
      "tn" : 1756399893356646980,
      "q" : "361",
      "p" : "0.29667",
      "s" : "sell",
      "i" : "CRO_USC",
      "m" : "4611686018427397186"
    }, {
      "d" : "1756399640536650022",
      "t" : 1756399640536,
      "tn" : 1756399640536650022,
      "q" : "361",
      "p" : "0.29857",
      "s" : "sell",
      "i" : "CRO_USC",
      "m" : "4611686018427397185"
    }, {
      "d" : "1756399603364798327",
      "t" : 1756399603364,
      "tn" : 1756399603364798327,
      "q" : "361",
      "p" : "0.29973",
      "s" : "sell",
      "i" : "CRO_USC",
      "m" : "4611686018427397184"
    }, {
      "d" : "1756399601009592537",
      "t" : 1756399601009,
      "tn" : 1756399601009592537,
      "q" : "409",
      "p" : "0.29945",
      "s" : "sell",
      "i" : "CRO_USC",
      "m" : "4611686018427397183"
    }, {
      "d" : "1756399601009590379",
      "t" : 1756399601009,
      "tn" : 1756399601009590379,
      "q" : "361",
      "p" : "0.29983",
      "s" : "sell",
      "i" : "CRO_USC",
      "m" : "4611686018427397182"
    }, {
      "d" : "1756399560848695029",
      "t" : 1756399560848,
      "tn" : 1756399560848695029,
      "q" : "306",
      "p" : "0.30184",
      "s" : "sell",
      "i" : "CRO_USC",
      "m" : "4611686018427397181"
    }, {
      "d" : "1756399560569416292",
      "t" : 1756399560569,
      "tn" : 1756399560569416292,
      "q" : "361",
      "p" : "0.30230",
      "s" : "sell",
      "i" : "CRO_USC",
      "m" : "4611686018427397180"
    }, {
      "d" : "1756399556808618581",
      "t" : 1756399556808,
      "tn" : 1756399556808618581,
      "q" : "409",
      "p" : "0.30284",
      "s" : "sell",
      "i" : "CRO_USC",
      "m" : "4611686018427397179"
    }, {
      "d" : "1756399556569368853",
      "t" : 1756399556569,
      "tn" : 1756399556569368853,
      "q" : "361",
      "p" : "0.30323",
      "s" : "sell",
      "i" : "CRO_USC",
      "m" : "4611686018427397178"
    }, {
      "d" : "1756399556485634180",
      "t" : 1756399556485,
      "tn" : 1756399556485634180,
      "q" : "23",
      "p" : "0.30282",
      "s" : "sell",
      "i" : "CRO_USC",
      "m" : "4611686018427397177"
    }, {
      "d" : "1756399556482996860",
      "t" : 1756399556482,
      "tn" : 1756399556482996860,
      "q" : "283",
      "p" : "0.30282",
      "s" : "sell",
      "i" : "CRO_USC",
      "m" : "4611686018427397176"
    }, {
      "d" : "1756399556482995359",
      "t" : 1756399556482,
      "tn" : 1756399556482995359,
      "q" : "409",
      "p" : "0.30284",
      "s" : "sell",
      "i" : "CRO_USC",
      "m" : "4611686018427397175"
    }, {
      "d" : "1756399556482991446",
      "t" : 1756399556482,
      "tn" : 1756399556482991446,
      "q" : "23",
      "p" : "0.30295",
      "s" : "sell",
      "i" : "CRO_USC",
      "m" : "4611686018427397174"
    }, {
      "d" : "1756399556429190049",
      "t" : 1756399556429,
      "tn" : 1756399556429190049,
      "q" : "82",
      "p" : "0.30295",
      "s" : "sell",
      "i" : "CRO_USC",
      "m" : "4611686018427397173"
    }, {
      "d" : "1756399556419129785",
      "t" : 1756399556419,
      "tn" : 1756399556419129785,
      "q" : "23",
      "p" : "0.30295",
      "s" : "sell",
      "i" : "CRO_USC",
      "m" : "4611686018427397172"
    }, {
      "d" : "1756399556412114289",
      "t" : 1756399556412,
      "tn" : 1756399556412114289,
      "q" : "105",
      "p" : "0.30295",
      "s" : "sell",
      "i" : "CRO_USC",
      "m" : "4611686018427397171"
    }, {
      "d" : "1756399556402951064",
      "t" : 1756399556402,
      "tn" : 1756399556402951064,
      "q" : "128",
      "p" : "0.30295",
      "s" : "sell",
      "i" : "CRO_USC",
      "m" : "4611686018427397170"
    }, {
      "d" : "1756399554564666311",
      "t" : 1756399554564,
      "tn" : 1756399554564666311,
      "q" : "361",
      "p" : "0.30387",
      "s" : "sell",
      "i" : "CRO_USC",
      "m" : "4611686018427397169"
    }, {
      "d" : "1756399553999058581",
      "t" : 1756399553999,
      "tn" : 1756399553999058581,
      "q" : "306",
      "p" : "0.30282",
      "s" : "sell",
      "i" : "CRO_USC",
      "m" : "4611686018427397168"
    }, {
      "d" : "1756399553999056493",
      "t" : 1756399553999,
      "tn" : 1756399553999056493,
      "q" : "409",
      "p" : "0.30284",
      "s" : "sell",
      "i" : "CRO_USC",
      "m" : "4611686018427397167"
    }, {
      "d" : "1756399553999053284",
      "t" : 1756399553999,
      "tn" : 1756399553999053284,
      "q" : "361",
      "p" : "0.30288",
      "s" : "sell",
      "i" : "CRO_USC",
      "m" : "4611686018427397166"
    }, {
      "d" : "1756399553562073903",
      "t" : 1756399553562,
      "tn" : 1756399553562073903,
      "q" : "361",
      "p" : "0.30387",
      "s" : "sell",
      "i" : "CRO_USC",
      "m" : "4611686018427397165"
    }, {
      "d" : "1756399552564908521",
      "t" : 1756399552564,
      "tn" : 1756399552564908521,
      "q" : "4",
      "p" : "0.30387",
      "s" : "sell",
      "i" : "CRO_USC",
      "m" : "4611686018427397164"
    }, {
      "d" : "1756399552562172714",
      "t" : 1756399552562,
      "tn" : 1756399552562172714,
      "q" : "357",
      "p" : "0.30387",
      "s" : "sell",
      "i" : "CRO_USC",
      "m" : "4611686018427397163"
    }, {
      "d" : "1756399550598760656",
      "t" : 1756399550598,
      "tn" : 1756399550598760656,
      "q" : "256",
      "p" : "0.30380",
      "s" : "sell",
      "i" : "CRO_USC",
      "m" : "4611686018427397162"
    }, {
      "d" : "1756399507452766418",
      "t" : 1756399507452,
      "tn" : 1756399507452766418,
      "q" : "136",
      "p" : "0.30723",
      "s" : "sell",
      "i" : "CRO_USC",
      "m" : "4611686018427397161"
    }, {
      "d" : "1756397948837105367",
      "t" : 1756397948837,
      "tn" : 1756397948837105367,
      "q" : "12",
      "p" : "0.32300",
      "s" : "buy",
      "i" : "CRO_USC",
      "m" : "4611686018427397160"
    }, {
      "d" : "1756397835923674736",
      "t" : 1756397835923,
      "tn" : 1756397835923674736,
      "q" : "1",
      "p" : "0.32300",
      "s" : "buy",
      "i" : "CRO_USC",
      "m" : "4611686018427397159"
    }, {
      "d" : "1756397835923672822",
      "t" : 1756397835923,
      "tn" : 1756397835923672822,
      "q" : "76",
      "p" : "0.32252",
      "s" : "buy",
      "i" : "CRO_USC",
      "m" : "4611686018427397158"
    }, {
      "d" : "1756397592898399018",
      "t" : 1756397592898,
      "tn" : 1756397592898399018,
      "q" : "10",
      "p" : "0.31623",
      "s" : "sell",
      "i" : "CRO_USC",
      "m" : "4611686018427397157"
    }, {
      "d" : "1756395145080841042",
      "t" : 1756395145080,
      "tn" : 1756395145080841042,
      "q" : "287",
      "p" : "0.30968",
      "s" : "sell",
      "i" : "CRO_USC",
      "m" : "4611686018427397156"
    }, {
      "d" : "1756395145080839469",
      "t" : 1756395145080,
      "tn" : 1756395145080839469,
      "q" : "54",
      "p" : "0.31044",
      "s" : "sell",
      "i" : "CRO_USC",
      "m" : "4611686018427397155"
    }, {
      "d" : "1756395145080836961",
      "t" : 1756395145080,
      "tn" : 1756395145080836961,
      "q" : "306",
      "p" : "0.31066",
      "s" : "sell",
      "i" : "CRO_USC",
      "m" : "4611686018427397154"
    }, {
      "d" : "1756395145080834600",
      "t" : 1756395145080,
      "tn" : 1756395145080834599,
      "q" : "356",
      "p" : "0.31075",
      "s" : "sell",
      "i" : "CRO_USC",
      "m" : "4611686018427397153"
    }, {
      "d" : "1756395145080834599",
      "t" : 1756395145080,
      "tn" : 1756395145080834599,
      "q" : "409",
      "p" : "0.31075",
      "s" : "sell",
      "i" : "CRO_USC",
      "m" : "4611686018427397153"
    }, {
      "d" : "1756395145080831272",
      "t" : 1756395145080,
      "tn" : 1756395145080831272,
      "q" : "361",
      "p" : "0.31137",
      "s" : "sell",
      "i" : "CRO_USC",
      "m" : "4611686018427397152"
    }, {
      "d" : "1756395145080828672",
      "t" : 1756395145080,
      "tn" : 1756395145080828672,
      "q" : "409",
      "p" : "0.31188",
      "s" : "sell",
      "i" : "CRO_USC",
      "m" : "4611686018427397151"
    }, {
      "d" : "1756395145080826326",
      "t" : 1756395145080,
      "tn" : 1756395145080826326,
      "q" : "361",
      "p" : "0.31231",
      "s" : "sell",
      "i" : "CRO_USC",
      "m" : "4611686018427397150"
    }, {
      "d" : "1756393539488723661",
      "t" : 1756393539488,
      "tn" : 1756393539488723661,
      "q" : "265",
      "p" : "0.32057",
      "s" : "sell",
      "i" : "CRO_USC",
      "m" : "4611686018427397149"
    }, {
      "d" : "1756393539431853797",
      "t" : 1756393539431,
      "tn" : 1756393539431853797,
      "q" : "30",
      "p" : "0.32057",
      "s" : "sell",
      "i" : "CRO_USC",
      "m" : "4611686018427397148"
    }, {
      "d" : "1756393539313598683",
      "t" : 1756393539313,
      "tn" : 1756393539313598683,
      "q" : "30",
      "p" : "0.32057",
      "s" : "sell",
      "i" : "CRO_USC",
      "m" : "4611686018427397147"
    }, {
      "d" : "1756393538897118109",
      "t" : 1756393538897,
      "tn" : 1756393538897118109,
      "q" : "361",
      "p" : "0.32057",
      "s" : "sell",
      "i" : "CRO_USC",
      "m" : "4611686018427397146"
    }, {
      "d" : "1756393478681388930",
      "t" : 1756393478681,
      "tn" : 1756393478681388930,
      "q" : "291",
      "p" : "0.32400",
      "s" : "buy",
      "i" : "CRO_USC",
      "m" : "4611686018427397145"
    }, {
      "d" : "1756393436659237079",
      "t" : 1756393436659,
      "tn" : 1756393436659237079,
      "q" : "549",
      "p" : "0.31839",
      "s" : "buy",
      "i" : "CRO_USC",
      "m" : "4611686018427397144"
    } ]
  }
}