{
  "id" : -1,
  "method" : "public/get-trades",
  "code" : 0,
  "result" : {
    "data" : [ {
      "d" : "1756460647162608959",
      "t" : 1756460647162,
      "tn" : 1756460647162608959,
      "q" : "1213",
      "p" : "0.29377",
      "s" : "sell",
      "i" : "CRO_USD",
      "m" : "4611686018472343994"
    }, {
      "d" : "1756460647162291919",
      "t" : 1756460647162,
      "tn" : 1756460647162291919,
      "q" : "721",
      "p" : "0.29377",
      "s" : "sell",
      "i" : "CRO_USD",
      "m" : "4611686018472343993"
    }, {
      "d" : "1756460647162072903",
      "t" : 1756460647162,
      "tn" : 1756460647162072903,
      "q" : "1672",
      "p" : "0.29377",
      "s" : "sell",
      "i" : "CRO_USD",
      "m" : "4611686018472343992"
    }, {
      "d" : "1756460647161789237",
      "t" : 1756460647161,
      "tn" : 1756460647161789236,
      "q" : "4885",
      "p" : "0.29377",
      "s" : "sell",
      "i" : "CRO_USD",
      "m" : "4611686018472343991"
    }, {
      "d" : "1756460647161789236",
      "t" : 1756460647161,
      "tn" : 1756460647161789236,
      "q" : "7305",
      "p" : "0.29377",
      "s" : "sell",
      "i" : "CRO_USD",
      "m" : "4611686018472343991"
    }, {
      "d" : "1756460647161565810",
      "t" : 1756460647161,
      "tn" : 1756460647161565810,
      "q" : "962",
      "p" : "0.29377",
      "s" : "sell",
      "i" : "CRO_USD",
      "m" : "4611686018472343990"
    }, {
      "d" : "1756460647161015533",
      "t" : 1756460647161,
      "tn" : 1756460647161015533,
      "q" : "1443",
      "p" : "0.29377",
      "s" : "sell",
      "i" : "CRO_USD",
      "m" : "4611686018472343989"
    }, {
      "d" : "1756460647160503607",
      "t" : 1756460647160,
      "tn" : 1756460647160503607,
      "q" : "480",
      "p" : "0.29377",
      "s" : "sell",
      "i" : "CRO_USD",
      "m" : "4611686018472343988"
    }, {
      "d" : "1756460643741037465",
      "t" : 1756460643741,
      "tn" : 1756460643741037465,
      "q" : "1797",
      "p" : "0.29380",
      "s" : "sell",
      "i" : "CRO_USD",
      "m" : "4611686018472343987"
    }, {
      "d" : "1756460643741035913",
      "t" : 1756460643741,
      "tn" : 1756460643741035913,
      "q" : "256",
      "p" : "0.29381",
      "s" : "sell",
      "i" : "CRO_USD",
      "m" : "4611686018472343986"
    }, {
      "d" : "1756460643564299764",
      "t" : 1756460643564,
      "tn" : 1756460643564299764,
      "q" : "23",
      "p" : "0.29374",
      "s" : "buy",
      "i" : "CRO_USD",
      "m" : "4611686018472343985"
    }, {
      "d" : "1756460643563760774",
      "t" : 1756460643563,
      "tn" : 1756460643563760774,
      "q" : "2977",
      "p" : "0.29374",
      "s" : "buy",
      "i" : "CRO_USD",
      "m" : "4611686018472343984"
    }, {
      "d" : "1756460641498636673",
      "t" : 1756460641498,
      "tn" : 1756460641498636673,
      "q" : "7",
      "p" : "0.29372",
      "s" : "buy",
      "i" : "CRO_USD",
      "m" : "4611686018472343983"
    }, {
      "d" : "1756460640816807903",
      "t" : 1756460640816,
      "tn" : 1756460640816807902,
      "q" : "3000",
      "p" : "0.29367",
      "s" : "buy",
      "i" : "CRO_USD",
      "m" : "4611686018472343982"
    }, {
      "d" : "1756460640816807902",
      "t" : 1756460640816,
      "tn" : 1756460640816807902,
      "q" : "4",
      "p" : "0.29367",
      "s" : "buy",
      "i" : "CRO_USD",
      "m" : "4611686018472343982"
    }, {
      "d" : "1756460640323363825",
      "t" : 1756460640323,
      "tn" : 1756460640323363823,
      "q" : "82",
      "p" : "0.29367",
      "s" : "buy",
      "i" : "CRO_USD",
      "m" : "4611686018472343981"
    }, {
      "d" : "1756460640323363824",
      "t" : 1756460640323,
      "tn" : 1756460640323363823,
      "q" : "4",
      "p" : "0.29367",
      "s" : "buy",
      "i" : "CRO_USD",
      "m" : "4611686018472343981"
    }, {
      "d" : "1756460640323363823",
      "t" : 1756460640323,
      "tn" : 1756460640323363823,
      "q" : "340",
      "p" : "0.29367",
      "s" : "buy",
      "i" : "CRO_USD",
      "m" : "4611686018472343981"
    }, {
      "d" : "1756460636759835807",
      "t" : 1756460636759,
      "tn" : 1756460636759835807,
      "q" : "260",
      "p" : "0.29362",
      "s" : "buy",
      "i" : "CRO_USD",
      "m" : "4611686018472343980"
    }, {
      "d" : "1756460636759011031",
      "t" : 1756460636759,
      "tn" : 1756460636759011031,
      "q" : "2740",
      "p" : "0.29362",
      "s" : "buy",
      "i" : "CRO_USD",
      "m" : "4611686018472343979"
    }, {
      "d" : "1756460636532621954",
      "t" : 1756460636532,
      "tn" : 1756460636532621954,
      "q" : "101",
      "p" : "0.29369",
      "s" : "buy",
      "i" : "CRO_USD",
      "m" : "4611686018472343978"
    }, {
      "d" : "1756460636529951489",
      "t" : 1756460636529,
      "tn" : 1756460636529951489,
      "q" : "192",
      "p" : "0.29366",
      "s" : "buy",
      "i" : "CRO_USD",
      "m" : "4611686018472343977"
    }, {
      "d" : "1756460636529950052",
      "t" : 1756460636529,
      "tn" : 1756460636529950052,
      "q" : "4",
      "p" : "0.29363",
      "s" : "buy",
      "i" : "CRO_USD",
      "m" : "4611686018472343976"
    }, {
      "d" : "1756460636480747137",
      "t" : 1756460636480,
      "tn" : 1756460636480747137,
      "q" : "284",
      "p" : "0.29366",
      "s" : "buy",
      "i" : "CRO_USD",
      "m" : "4611686018472343975"
    }, {
      "d" : "1756460636480745819",
      "t" : 1756460636480,
      "tn" : 1756460636480745818,
      "q" : "4",
      "p" : "0.29360",
      "s" : "buy",
      "i" : "CRO_USD",
      "m" : "4611686018472343974"
    }, {
      "d" : "1756460636480745818",
      "t" : 1756460636480,
      "tn" : 1756460636480745818,
      "q" : "255",
      "p" : "0.29360",
      "s" : "buy",
      "i" : "CRO_USD",
      "m" : "4611686018472343974"
    }, {
      "d" : "1756460636480742455",
      "t" : 1756460636480,
      "tn" : 1756460636480742455,
      "q" : "255",
      "p" : "0.29359",
      "s" : "buy",
      "i" : "CRO_USD",
      "m" : "4611686018472343973"
    }, {
      "d" : "1756460636480739945",
      "t" : 1756460636480,
      "tn" : 1756460636480739944,
      "q" : "340",
      "p" : "0.29358",
      "s" : "buy",
      "i" : "CRO_USD",
      "m" : "4611686018472343972"
    }, {
      "d" : "1756460636480739944",
      "t" : 1756460636480,
      "tn" : 1756460636480739944,
      "q" : "255",
      "p" : "0.29358",
      "s" : "buy",
      "i" : "CRO_USD",
      "m" : "4611686018472343972"
    }, {
      "d" : "1756460636480735824",
      "t" : 1756460636480,
      "tn" : 1756460636480735824,
      "q" : "7",
      "p" : "0.29357",
      "s" : "buy",
      "i" : "CRO_USD",
      "m" : "4611686018472343971"
    }, {
      "d" : "1756460636476540771",
      "t" : 1756460636476,
      "tn" : 1756460636476540771,
      "q" : "1832",
      "p" : "0.29352",
      "s" : "buy",
      "i" : "CRO_USD",
      "m" : "4611686018472343970"
    }, {
      "d" : "1756460636475962298",
      "t" : 1756460636475,
      "tn" : 1756460636475962298,
      "q" : "1168",
      "p" : "0.29352",
      "s" : "buy",
      "i" : "CRO_USD",
      "m" : "4611686018472343969"
    }, {
      "d" : "1756460634506254303",
      "t" : 1756460634506,
      "tn" : 1756460634506254303,
      "q" : "708",
      "p" : "0.29350",
      "s" : "buy",
      "i" : "CRO_USD",
      "m" : "4611686018472343968"
    }, {
      "d" : "1756460634505227577",
      "t" : 1756460634505,
      "tn" : 1756460634505227577,
      "q" : "2292",
      "p" : "0.29350",
      "s" : "buy",
      "i" : "CRO_USD",
      "m" : "4611686018472343967"
    }, {
      "d" : "1756460632848439361",
      "t" : 1756460632848,
      "tn" : 1756460632848439361,
      "q" : "1162",
      "p" : "0.29344",
      "s" : "buy",
      "i" : "CRO_USD",
      "m" : "4611686018472343966"
    }, {
      "d" : "1756460632847984060",
      "t" : 1756460632847,
      "tn" : 1756460632847984060,
      "q" : "1838",
      "p" : "0.29344",
      "s" : "buy",
      "i" : "CRO_USD",
      "m" : "4611686018472343965"
    }, {
      "d" : "1756460629909703327",
      "t" : 1756460629909,
      "tn" : 1756460629909703327,
      "q" : "432",
      "p" : "0.29357",
      "s" : "sell",
      "i" : "CRO_USD",
      "m" : "4611686018472343964"
    }, {
      "d" : "1756460629909042228",
      "t" : 1756460629909,
      "tn" : 1756460629909042227,
      "q" : "228",
      "p" : "0.29357",
      "s" : "sell",
      "i" : "CRO_USD",
      "m" : "4611686018472343963"
    }, {
      "d" : "1756460629909042227",
      "t" : 1756460629909,
      "tn" : 1756460629909042227,
      "q" : "80",
      "p" : "0.29357",
      "s" : "sell",
      "i" : "CRO_USD",
      "m" : "4611686018472343963"
    }, {
      "d" : "1756460629909035099",
      "t" : 1756460629909,
      "tn" : 1756460629909035099,
      "q" : "256",
      "p" : "0.29357",
      "s" : "sell",
      "i" : "CRO_USD",
      "m" : "4611686018472343962"
    }, {
      "d" : "1756460629908463525",
      "t" : 1756460629908,
      "tn" : 1756460629908463524,
      "q" : "456",
      "p" : "0.29357",
      "s" : "sell",
      "i" : "CRO_USD",
      "m" : "4611686018472343961"
    }, {
      "d" : "1756460629908463524",
      "t" : 1756460629908,
      "tn" : 1756460629908463524,
      "q" : "1544",
      "p" : "0.29357",
      "s" : "sell",
      "i" : "CRO_USD",
      "m" : "4611686018472343961"
    }, {
      "d" : "1756460629907981312",
      "t" : 1756460629907,
      "tn" : 1756460629907981312,
      "q" : "256",
      "p" : "0.29357",
      "s" : "sell",
      "i" : "CRO_USD",
      "m" : "4611686018472343960"
    }, {
      "d" : "1756460627169920919",
      "t" : 1756460627169,
      "tn" : 1756460627169920919,
      "q" : "875",
      "p" : "0.29371",
      "s" : "buy",
      "i" : "CRO_USD",
      "m" : "4611686018472343959"
    }, {
      "d" : "1756460627169894117",
      "t" : 1756460627169,
      "tn" : 1756460627169894117,
      "q" : "314",
      "p" : "0.29371",
      "s" : "buy",
      "i" : "CRO_USD",
      "m" : "4611686018472343958"
    }, {
      "d" : "1756460627169892631",
      "t" : 1756460627169,
      "tn" : 1756460627169892631,
      "q" : "480",
      "p" : "0.29370",
      "s" : "buy",
      "i" : "CRO_USD",
      "m" : "4611686018472343957"
    }, {
      "d" : "1756460627169890727",
      "t" : 1756460627169,
      "tn" : 1756460627169890727,
      "q" : "256",
      "p" : "0.29368",
      "s" : "buy",
      "i" : "CRO_USD",
      "m" : "4611686018472343956"
    }, {
      "d" : "1756460627020999379",
      "t" : 1756460627020,
      "tn" : 1756460627020999379,
      "q" : "1086",
      "p" : "0.29364",
      "s" : "sell",
      "i" : "CRO_USD",
      "m" : "4611686018472343955"
    }, {
      "d" : "1756460627020998113",
      "t" : 1756460627020,
      "tn" : 1756460627020998113,
      "q" : "4961",
      "p" : "0.29370",
      "s" : "sell",
      "i" : "CRO_USD",
      "m" : "4611686018472343954"
    }, {
      "d" : "1756460627019925304",
      "t" : 1756460627019,
      "tn" : 1756460627019925304,
      "q" : "5473",
      "p" : "0.29370",
      "s" : "sell",
      "i" : "CRO_USD",
      "m" : "4611686018472343953"
    }, {
      "d" : "1756460627019923335",
      "t" : 1756460627019,
      "tn" : 1756460627019923335,
      "q" : "712",
      "p" : "0.29371",
      "s" : "sell",
      "i" : "CRO_USD",
      "m" : "4611686018472343952"
    }, {
      "d" : "1756460627019021382",
      "t" : 1756460627019,
      "tn" : 1756460627019021382,
      "q" : "4772",
      "p" : "0.29371",
      "s" : "sell",
      "i" : "CRO_USD",
      "m" : "4611686018472343951"
    }, {
      "d" : "1756460625597322187",
      "t" : 1756460625597,
      "tn" : 1756460625597322187,
      "q" : "2045",
      "p" : "0.29386",
      "s" : "sell",
      "i" : "CRO_USD",
      "m" : "4611686018472343950"
    }, {
      "d" : "1756460625596504554",
      "t" : 1756460625596,
      "tn" : 1756460625596504553,
      "q" : "1054",
      "p" : "0.29386",
      "s" : "sell",
      "i" : "CRO_USD",
      "m" : "4611686018472343949"
    }, {
      "d" : "1756460625596504553",
      "t" : 1756460625596,
      "tn" : 1756460625596504553,
      "q" : "3719",
      "p" : "0.29386",
      "s" : "sell",
      "i" : "CRO_USD",
      "m" : "4611686018472343949"
    }, {
      "d" : "1756460625553194170",
      "t" : 1756460625553,
      "tn" : 1756460625553194170,
      "q" : "1288",
      "p" : "0.29379",
      "s" : "sell",
      "i" : "CRO_USD",
      "m" : "4611686018472343948"
    }, {
      "d" : "1756460625553192346",
      "t" : 1756460625553,
      "tn" : 1756460625553192345,
      "q" : "480",
      "p" : "0.29381",
      "s" : "sell",
      "i" : "CRO_USD",
      "m" : "4611686018472343947"
    }, {
      "d" : "1756460625553192345",
      "t" : 1756460625553,
      "tn" : 1756460625553192345,
      "q" : "255",
      "p" : "0.29381",
      "s" : "sell",
      "i" : "CRO_USD",
      "m" : "4611686018472343947"
    }, {
      "d" : "1756460625553188903",
      "t" : 1756460625553,
      "tn" : 1756460625553188903,
      "q" : "255",
      "p" : "0.29382",
      "s" : "sell",
      "i" : "CRO_USD",
      "m" : "4611686018472343946"
    }, {
      "d" : "1756460625553186226",
      "t" : 1756460625553,
      "tn" : 1756460625553186226,
      "q" : "255",
      "p" : "0.29383",
      "s" : "sell",
      "i" : "CRO_USD",
      "m" : "4611686018472343945"
    }, {
      "d" : "1756460623857904182",
      "t" : 1756460623857,
      "tn" : 1756460623857904182,
      "q" : "741",
      "p" : "0.29385",
      "s" : "buy",
      "i" : "CRO_USD",
      "m" : "4611686018472343944"
    }, {
      "d" : "1756460620500452989",
      "t" : 1756460620500,
      "tn" : 1756460620500452989,
      "q" : "1845",
      "p" : "0.29387",
      "s" : "buy",
      "i" : "CRO_USD",
      "m" : "4611686018472343943"
    }, {
      "d" : "1756460620251900391",
      "t" : 1756460620251,
      "tn" : 1756460620251900391,
      "q" : "3744",
      "p" : "0.29400",
      "s" : "sell",
      "i" : "CRO_USD",
      "m" : "4611686018472343942"
    }, {
      "d" : "1756460620251773670",
      "t" : 1756460620251,
      "tn" : 1756460620251773669,
      "q" : "3906",
      "p" : "0.29400",
      "s" : "sell",
      "i" : "CRO_USD",
      "m" : "4611686018472343941"
    }, {
      "d" : "1756460620251773669",
      "t" : 1756460620251,
      "tn" : 1756460620251773669,
      "q" : "42",
      "p" : "0.29400",
      "s" : "sell",
      "i" : "CRO_USD",
      "m" : "4611686018472343941"
    }, {
      "d" : "1756460620251106982",
      "t" : 1756460620251,
      "tn" : 1756460620251106982,
      "q" : "7695",
      "p" : "0.29400",
      "s" : "sell",
      "i" : "CRO_USD",
      "m" : "4611686018472343940"
    }, {
      "d" : "1756460620251100300",
      "t" : 1756460620251,
      "tn" : 1756460620251100300,
      "q" : "1443",
      "p" : "0.29400",
      "s" : "sell",
      "i" : "CRO_USD",
      "m" : "4611686018472343939"
    }, {
      "d" : "1756460618435997537",
      "t" : 1756460618435,
      "tn" : 1756460618435997537,
      "q" : "2203",
      "p" : "0.29401",
      "s" : "buy",
      "i" : "CRO_USD",
      "m" : "4611686018472343938"
    }, {
      "d" : "1756460618435906377",
      "t" : 1756460618435,
      "tn" : 1756460618435906377,
      "q" : "797",
      "p" : "0.29401",
      "s" : "buy",
      "i" : "CRO_USD",
      "m" : "4611686018472343937"
    }, {
      "d" : "1756460617301223839",
      "t" : 1756460617301,
      "tn" : 1756460617301223839,
      "q" : "384",
      "p" : "0.29413",
      "s" : "buy",
      "i" : "CRO_USD",
      "m" : "4611686018472343936"
    }, {
      "d" : "1756460617300473102",
      "t" : 1756460617300,
      "tn" : 1756460617300473102,
      "q" : "2431",
      "p" : "0.29413",
      "s" : "buy",
      "i" : "CRO_USD",
      "m" : "4611686018472343935"
    }, {
      "d" : "1756460617300471615",
      "t" : 1756460617300,
      "tn" : 1756460617300471615,
      "q" : "480",
      "p" : "0.29410",
      "s" : "buy",
      "i" : "CRO_USD",
      "m" : "4611686018472343934"
    }, {
      "d" : "1756460617300177512",
      "t" : 1756460617300,
      "tn" : 1756460617300177512,
      "q" : "4289",
      "p" : "0.29400",
      "s" : "buy",
      "i" : "CRO_USD",
      "m" : "4611686018472343933"
    }, {
      "d" : "1756460617300175373",
      "t" : 1756460617300,
      "tn" : 1756460617300175373,
      "q" : "4",
      "p" : "0.29399",
      "s" : "buy",
      "i" : "CRO_USD",
      "m" : "4611686018472343932"
    }, {
      "d" : "1756460617300173424",
      "t" : 1756460617300,
      "tn" : 1756460617300173424,
      "q" : "7",
      "p" : "0.29398",
      "s" : "buy",
      "i" : "CRO_USD",
      "m" : "4611686018472343931"
    }, {
      "d" : "1756460617300170780",
      "t" : 1756460617300,
      "tn" : 1756460617300170780,
      "q" : "373",
      "p" : "0.29394",
      "s" : "buy",
      "i" : "CRO_USD",
      "m" : "4611686018472343930"
    }, {
      "d" : "1756460617207834303",
      "t" : 1756460617207,
      "tn" : 1756460617207834303,
      "q" : "900",
      "p" : "0.29394",
      "s" : "buy",
      "i" : "CRO_USD",
      "m" : "4611686018472343929"
    }, {
      "d" : "1756460617185597015",
      "t" : 1756460617185,
      "tn" : 1756460617185597015,
      "q" : "1727",
      "p" : "0.29394",
      "s" : "buy",
      "i" : "CRO_USD",
      "m" : "4611686018472343928"
    }, {
      "d" : "1756460615882480108",
      "t" : 1756460615882,
      "tn" : 1756460615882480108,
      "q" : "1200",
      "p" : "0.29386",
      "s" : "buy",
      "i" : "CRO_USD",
      "m" : "4611686018472343927"
    }, {
      "d" : "1756460615881643120",
      "t" : 1756460615881,
      "tn" : 1756460615881643120,
      "q" : "1800",
      "p" : "0.29386",
      "s" : "buy",
      "i" : "CRO_USD",
      "m" : "4611686018472343926"
    }, {
      "d" : "1756460615682429979",
      "t" : 1756460615682,
      "tn" : 1756460615682429979,
      "q" : "1016",
      "p" : "0.29393",
      "s" : "buy",
      "i" : "CRO_USD",
      "m" : "4611686018472343925"
    }, {
      "d" : "1756460615677397178",
      "t" : 1756460615677,
      "tn" : 1756460615677397178,
      "q" : "1984",
      "p" : "0.29393",
      "s" : "buy",
      "i" : "CRO_USD",
      "m" : "4611686018472343924"
    }, {
      "d" : "1756460615241541933",
      "t" : 1756460615241,
      "tn" : 1756460615241541933,
      "q" : "5",
      "p" : "0.29397",
      "s" : "buy",
      "i" : "CRO_USD",
      "m" : "4611686018472343923"
    }, {
      "d" : "1756460612590239627",
      "t" : 1756460612590,
      "tn" : 1756460612590239626,
      "q" : "3000",
      "p" : "0.29378",
      "s" : "buy",
      "i" : "CRO_USD",
      "m" : "4611686018472343922"
    }, {
      "d" : "1756460612590239626",
      "t" : 1756460612590,
      "tn" : 1756460612590239626,
      "q" : "7",
      "p" : "0.29378",
      "s" : "buy",
      "i" : "CRO_USD",
      "m" : "4611686018472343922"
    }, {
      "d" : "1756460612472355984",
      "t" : 1756460612472,
      "tn" : 1756460612472355984,
      "q" : "591",
      "p" : "0.29375",
      "s" : "buy",
      "i" : "CRO_USD",
      "m" : "4611686018472343921"
    }, {
      "d" : "1756460612472300767",
      "t" : 1756460612472,
      "tn" : 1756460612472300767,
      "q" : "1818",
      "p" : "0.29375",
      "s" : "buy",
      "i" : "CRO_USD",
      "m" : "4611686018472343920"
    }, {
      "d" : "1756460612471557851",
      "t" : 1756460612471,
      "tn" : 1756460612471557851,
      "q" : "591",
      "p" : "0.29375",
      "s" : "buy",
      "i" : "CRO_USD",
      "m" : "4611686018472343919"
    }, {
      "d" : "1756460611332601276",
      "t" : 1756460611332,
      "tn" : 1756460611332601276,
      "q" : "4",
      "p" : "0.29371",
      "s" : "buy",
      "i" : "CRO_USD",
      "m" : "4611686018472343918"
    }, {
      "d" : "1756460611331817838",
      "t" : 1756460611331,
      "tn" : 1756460611331817838,
      "q" : "286",
      "p" : "0.29370",
      "s" : "buy",
      "i" : "CRO_USD",
      "m" : "4611686018472343917"
    }, {
      "d" : "1756460611331814541",
      "t" : 1756460611331,
      "tn" : 1756460611331814541,
      "q" : "592",
      "p" : "0.29370",
      "s" : "buy",
      "i" : "CRO_USD",
      "m" : "4611686018472343916"
    }, {
      "d" : "1756460611331180125",
      "t" : 1756460611331,
      "tn" : 1756460611331180125,
      "q" : "1866",
      "p" : "0.29370",
      "s" : "buy",
      "i" : "CRO_USD",
      "m" : "4611686018472343915"
    }, {
      "d" : "1756460610535501578",
      "t" : 1756460610535,
      "tn" : 1756460610535501578,
      "q" : "256",
      "p" : "0.29371",
      "s" : "sell",
      "i" : "CRO_USD",
      "m" : "4611686018472343914"
    }, {
      "d" : "1756460610296234468",
      "t" : 1756460610296,
      "tn" : 1756460610296234468,
      "q" : "1430",
      "p" : "0.29381",
      "s" : "buy",
      "i" : "CRO_USD",
      "m" : "4611686018472343913"
    }, {
      "d" : "1756460610296232585",
      "t" : 1756460610296,
      "tn" : 1756460610296232585,
      "q" : "7",
      "p" : "0.29377",
      "s" : "buy",
      "i" : "CRO_USD",
      "m" : "4611686018472343912"
    }, {
      "d" : "1756460610286053469",
      "t" : 1756460610286,
      "tn" : 1756460610286053469,
      "q" : "3000",
      "p" : "0.29366",
      "s" : "buy",
      "i" : "CRO_USD",
      "m" : "4611686018472343911"
    }, {
      "d" : "1756460608464906276",
      "t" : 1756460608464,
      "tn" : 1756460608464906276,
      "q" : "3000",
      "p" : "0.29362",
      "s" : "buy",
      "i" : "CRO_USD",
      "m" : "4611686018472343910"
    }, {
      "d" : "1756460608276532627",
      "t" : 1756460608276,
      "tn" : 1756460608276532627,
      "q" : "736",
      "p" : "0.29359",
      "s" : "buy",
      "i" : "CRO_USD",
      "m" : "4611686018472343909"
    }, {
      "d" : "1756460608276490186",
      "t" : 1756460608276,
      "tn" : 1756460608276490186,
      "q" : "2264",
      "p" : "0.29359",
      "s" : "buy",
      "i" : "CRO_USD",
      "m" : "4611686018472343908"
    }, {
      "d" : "1756460607790126663",
      "t" : 1756460607790,
      "tn" : 1756460607790126663,
      "q" : "1826",
      "p" : "0.29377",
      "s" : "buy",
      "i" : "CRO_USD",
      "m" : "4611686018472343907"
    }, {
      "d" : "1756460607790125068",
      "t" : 1756460607790,
      "tn" : 1756460607790125068,
      "q" : "800",
      "p" : "0.29376",
      "s" : "buy",
      "i" : "CRO_USD",
      "m" : "4611686018472343906"
    }, {
      "d" : "1756460607790122865",
      "t" : 1756460607790,
      "tn" : 1756460607790122865,
      "q" : "480",
      "p" : "0.29375",
      "s" : "buy",
      "i" : "CRO_USD",
      "m" : "4611686018472343905"
    }, {
      "d" : "1756460607790120214",
      "t" : 1756460607790,
      "tn" : 1756460607790120214,
      "q" : "4",
      "p" : "0.29366",
      "s" : "buy",
      "i" : "CRO_USD",
      "m" : "4611686018472343904"
    }, {
      "d" : "1756460607785354301",
      "t" : 1756460607785,
      "tn" : 1756460607785354301,
      "q" : "44",
      "p" : "0.29356",
      "s" : "buy",
      "i" : "CRO_USD",
      "m" : "4611686018472343903"
    }, {
      "d" : "1756460607785257241",
      "t" : 1756460607785,
      "tn" : 1756460607785257241,
      "q" : "2956",
      "p" : "0.29356",
      "s" : "buy",
      "i" : "CRO_USD",
      "m" : "4611686018472343902"
    }, {
      "d" : "1756460606252141726",
      "t" : 1756460606252,
      "tn" : 1756460606252141726,
      "q" : "756",
      "p" : "0.29375",
      "s" : "sell",
      "i" : "CRO_USD",
      "m" : "4611686018472343901"
    }, {
      "d" : "1756460606252053644",
      "t" : 1756460606252,
      "tn" : 1756460606252053644,
      "q" : "256",
      "p" : "0.29375",
      "s" : "sell",
      "i" : "CRO_USD",
      "m" : "4611686018472343900"
    }, {
      "d" : "1756460606251905847",
      "t" : 1756460606251,
      "tn" : 1756460606251905847,
      "q" : "551",
      "p" : "0.29375",
      "s" : "sell",
      "i" : "CRO_USD",
      "m" : "4611686018472343899"
    }, {
      "d" : "1756460606251762078",
      "t" : 1756460606251,
      "tn" : 1756460606251762078,
      "q" : "593",
      "p" : "0.29375",
      "s" : "sell",
      "i" : "CRO_USD",
      "m" : "4611686018472343898"
    }, {
      "d" : "1756460606251601114",
      "t" : 1756460606251,
      "tn" : 1756460606251601114,
      "q" : "593",
      "p" : "0.29375",
      "s" : "sell",
      "i" : "CRO_USD",
      "m" : "4611686018472343897"
    }, {
      "d" : "1756460606251336773",
      "t" : 1756460606251,
      "tn" : 1756460606251336773,
      "q" : "3119",
      "p" : "0.29375",
      "s" : "sell",
      "i" : "CRO_USD",
      "m" : "4611686018472343896"
    }, {
      "d" : "1756460606251135118",
      "t" : 1756460606251,
      "tn" : 1756460606251135118,
      "q" : "481",
      "p" : "0.29375",
      "s" : "sell",
      "i" : "CRO_USD",
      "m" : "4611686018472343895"
    }, {
      "d" : "1756460606251133035",
      "t" : 1756460606251,
      "tn" : 1756460606251133035,
      "q" : "481",
      "p" : "0.29375",
      "s" : "sell",
      "i" : "CRO_USD",
      "m" : "4611686018472343894"
    }, {
      "d" : "1756460606250904995",
      "t" : 1756460606250,
      "tn" : 1756460606250904994,
      "q" : "335",
      "p" : "0.29375",
      "s" : "sell",
      "i" : "CRO_USD",
      "m" : "4611686018472343893"
    }, {
      "d" : "1756460606250904994",
      "t" : 1756460606250,
      "tn" : 1756460606250904994,
      "q" : "2069",
      "p" : "0.29375",
      "s" : "sell",
      "i" : "CRO_USD",
      "m" : "4611686018472343893"
    }, {
      "d" : "1756460606250570776",
      "t" : 1756460606250,
      "tn" : 1756460606250570776,
      "q" : "6049",
      "p" : "0.29375",
      "s" : "sell",
      "i" : "CRO_USD",
      "m" : "4611686018472343892"
    }, {
      "d" : "1756460606247013258",
      "t" : 1756460606247,
      "tn" : 1756460606247013258,
      "q" : "480",
      "p" : "0.29375",
      "s" : "buy",
      "i" : "CRO_USD",
      "m" : "4611686018472343891"
    }, {
      "d" : "1756460606207139268",
      "t" : 1756460606207,
      "tn" : 1756460606207139268,
      "q" : "480",
      "p" : "0.29360",
      "s" : "sell",
      "i" : "CRO_USD",
      "m" : "4611686018472343890"
    }, {
      "d" : "1756460606206470253",
      "t" : 1756460606206,
      "tn" : 1756460606206470253,
      "q" : "480",
      "p" : "0.29365",
      "s" : "sell",
      "i" : "CRO_USD",
      "m" : "4611686018472343889"
    }, {
      "d" : "1756460606205504146",
      "t" : 1756460606205,
      "tn" : 1756460606205504146,
      "q" : "1486",
      "p" : "0.29375",
      "s" : "sell",
      "i" : "CRO_USD",
      "m" : "4611686018472343888"
    }, {
      "d" : "1756460606205501470",
      "t" : 1756460606205,
      "tn" : 1756460606205501469,
      "q" : "1516",
      "p" : "0.29376",
      "s" : "sell",
      "i" : "CRO_USD",
      "m" : "4611686018472343887"
    }, {
      "d" : "1756460606205501469",
      "t" : 1756460606205,
      "tn" : 1756460606205501469,
      "q" : "451",
      "p" : "0.29376",
      "s" : "sell",
      "i" : "CRO_USD",
      "m" : "4611686018472343887"
    }, {
      "d" : "1756460606148805773",
      "t" : 1756460606148,
      "tn" : 1756460606148805773,
      "q" : "4",
      "p" : "0.29376",
      "s" : "buy",
      "i" : "CRO_USD",
      "m" : "4611686018472343886"
    }, {
      "d" : "1756460606148341170",
      "t" : 1756460606148,
      "tn" : 1756460606148341169,
      "q" : "529",
      "p" : "0.29376",
      "s" : "buy",
      "i" : "CRO_USD",
      "m" : "4611686018472343885"
    }, {
      "d" : "1756460606148341169",
      "t" : 1756460606148,
      "tn" : 1756460606148341169,
      "q" : "16",
      "p" : "0.29376",
      "s" : "buy",
      "i" : "CRO_USD",
      "m" : "4611686018472343885"
    }, {
      "d" : "1756460606147914510",
      "t" : 1756460606147,
      "tn" : 1756460606147914510,
      "q" : "1000",
      "p" : "0.29376",
      "s" : "buy",
      "i" : "CRO_USD",
      "m" : "4611686018472343884"
    }, {
      "d" : "1756460606105282881",
      "t" : 1756460606105,
      "tn" : 1756460606105282881,
      "q" : "253",
      "p" : "0.29376",
      "s" : "buy",
      "i" : "CRO_USD",
      "m" : "4611686018472343883"
    }, {
      "d" : "1756460605935647789",
      "t" : 1756460605935,
      "tn" : 1756460605935647789,
      "q" : "1731",
      "p" : "0.29376",
      "s" : "buy",
      "i" : "CRO_USD",
      "m" : "4611686018472343882"
    }, {
      "d" : "1756460605042019419",
      "t" : 1756460605042,
      "tn" : 1756460605042019418,
      "q" : "6",
      "p" : "0.29380",
      "s" : "buy",
      "i" : "CRO_USD",
      "m" : "4611686018472343881"
    }, {
      "d" : "1756460605042019418",
      "t" : 1756460605042,
      "tn" : 1756460605042019418,
      "q" : "4",
      "p" : "0.29380",
      "s" : "buy",
      "i" : "CRO_USD",
      "m" : "4611686018472343881"
    }, {
      "d" : "1756460604527534089",
      "t" : 1756460604527,
      "tn" : 1756460604527534089,
      "q" : "107",
      "p" : "0.29377",
      "s" : "buy",
      "i" : "CRO_USD",
      "m" : "4611686018472343880"
    }, {
      "d" : "1756460604526876916",
      "t" : 1756460604526,
      "tn" : 1756460604526876916,
      "q" : "2520",
      "p" : "0.29373",
      "s" : "buy",
      "i" : "CRO_USD",
      "m" : "4611686018472343879"
    }, {
      "d" : "1756460604523194841",
      "t" : 1756460604523,
      "tn" : 1756460604523194841,
      "q" : "480",
      "p" : "0.29373",
      "s" : "sell",
      "i" : "CRO_USD",
      "m" : "4611686018472343878"
    }, {
      "d" : "1756460603711321242",
      "t" : 1756460603711,
      "tn" : 1756460603711321242,
      "q" : "1507",
      "p" : "0.29374",
      "s" : "buy",
      "i" : "CRO_USD",
      "m" : "4611686018472343877"
    }, {
      "d" : "1756460603255544424",
      "t" : 1756460603255,
      "tn" : 1756460603255544424,
      "q" : "4",
      "p" : "0.29372",
      "s" : "buy",
      "i" : "CRO_USD",
      "m" : "4611686018472343876"
    }, {
      "d" : "1756460602259083283",
      "t" : 1756460602259,
      "tn" : 1756460602259083283,
      "q" : "4",
      "p" : "0.29368",
      "s" : "buy",
      "i" : "CRO_USD",
      "m" : "4611686018472343875"
    }, {
      "d" : "1756460601507425663",
      "t" : 1756460601507,
      "tn" : 1756460601507425663,
      "q" : "3000",
      "p" : "0.29356",
      "s" : "buy",
      "i" : "CRO_USD",
      "m" : "4611686018472343874"
    }, {
      "d" : "1756460600330441062",
      "t" : 1756460600330,
      "tn" : 1756460600330441062,
      "q" : "1310",
      "p" : "0.29377",
      "s" : "buy",
      "i" : "CRO_USD",
      "m" : "4611686018472343873"
    }, {
      "d" : "1756460600330439119",
      "t" : 1756460600330,
      "tn" : 1756460600330439119,
      "q" : "1035",
      "p" : "0.29376",
      "s" : "buy",
      "i" : "CRO_USD",
      "m" : "4611686018472343872"
    }, {
      "d" : "1756460600330436782",
      "t" : 1756460600330,
      "tn" : 1756460600330436782,
      "q" : "480",
      "p" : "0.29375",
      "s" : "buy",
      "i" : "CRO_USD",
      "m" : "4611686018472343871"
    }, {
      "d" : "1756460600330434511",
      "t" : 1756460600330,
      "tn" : 1756460600330434511,
      "q" : "4",
      "p" : "0.29364",
      "s" : "buy",
      "i" : "CRO_USD",
      "m" : "4611686018472343870"
    }, {
      "d" : "1756460600276892233",
      "t" : 1756460600276,
      "tn" : 1756460600276892233,
      "q" : "480",
      "p" : "0.29366",
      "s" : "buy",
      "i" : "CRO_USD",
      "m" : "4611686018472343869"
    }, {
      "d" : "1756460600276890130",
      "t" : 1756460600276,
      "tn" : 1756460600276890130,
      "q" : "255",
      "p" : "0.29364",
      "s" : "buy",
      "i" : "CRO_USD",
      "m" : "4611686018472343868"
    }, {
      "d" : "1756460600276887782",
      "t" : 1756460600276,
      "tn" : 1756460600276887782,
      "q" : "255",
      "p" : "0.29363",
      "s" : "buy",
      "i" : "CRO_USD",
      "m" : "4611686018472343867"
    }, {
      "d" : "1756460600276885288",
      "t" : 1756460600276,
      "tn" : 1756460600276885288,
      "q" : "255",
      "p" : "0.29362",
      "s" : "buy",
      "i" : "CRO_USD",
      "m" : "4611686018472343866"
    }, {
      "d" : "1756460600276882335",
      "t" : 1756460600276,
      "tn" : 1756460600276882335,
      "q" : "7",
      "p" : "0.29355",
      "s" : "buy",
      "i" : "CRO_USD",
      "m" : "4611686018472343865"
    }, {
      "d" : "1756460599283455002",
      "t" : 1756460599283,
      "tn" : 1756460599283455002,
      "q" : "79",
      "p" : "0.29341",
      "s" : "buy",
      "i" : "CRO_USD",
      "m" : "4611686018472343864"
    }, {
      "d" : "1756460599283395369",
      "t" : 1756460599283,
      "tn" : 1756460599283395369,
      "q" : "2921",
      "p" : "0.29341",
      "s" : "buy",
      "i" : "CRO_USD",
      "m" : "4611686018472343863"
    }, {
      "d" : "1756460597347611136",
      "t" : 1756460597347,
      "tn" : 1756460597347611136,
      "q" : "3000",
      "p" : "0.29338",
      "s" : "buy",
      "i" : "CRO_USD",
      "m" : "4611686018472343862"
    }, {
      "d" : "1756460595250005517",
      "t" : 1756460595250,
      "tn" : 1756460595250005517,
      "q" : "36",
      "p" : "0.29361",
      "s" : "buy",
      "i" : "CRO_USD",
      "m" : "4611686018472343861"
    } ]
  }
}