{
  "id" : -1,
  "method" : "public/get-trades",
  "code" : 0,
  "result" : {
    "data" : [ {
      "d" : "1756460526645397295",
      "t" : 1756460526645,
      "tn" : 1756460526645397295,
      "q" : "4",
      "p" : "0.29378",
      "s" : "buy",
      "i" : "CRO_PYUSD",
      "m" : "4611686018429080964"
    }, {
      "d" : "1756460526545128907",
      "t" : 1756460526545,
      "tn" : 1756460526545128907,
      "q" : "1",
      "p" : "0.29378",
      "s" : "buy",
      "i" : "CRO_PYUSD",
      "m" : "4611686018429080963"
    }, {
      "d" : "1756460526545127381",
      "t" : 1756460526545,
      "tn" : 1756460526545127381,
      "q" : "3",
      "p" : "0.29377",
      "s" : "buy",
      "i" : "CRO_PYUSD",
      "m" : "4611686018429080962"
    }, {
      "d" : "1756460526526342314",
      "t" : 1756460526526,
      "tn" : 1756460526526342314,
      "q" : "4",
      "p" : "0.29377",
      "s" : "buy",
      "i" : "CRO_PYUSD",
      "m" : "4611686018429080961"
    }, {
      "d" : "1756460488347066357",
      "t" : 1756460488347,
      "tn" : 1756460488347066357,
      "q" : "11",
      "p" : "0.29365",
      "s" : "buy",
      "i" : "CRO_PYUSD",
      "m" : "4611686018429080960"
    }, {
      "d" : "1756460488342524740",
      "t" : 1756460488342,
      "tn" : 1756460488342524740,
      "q" : "7",
      "p" : "0.29364",
      "s" : "buy",
      "i" : "CRO_PYUSD",
      "m" : "4611686018429080959"
    }, {
      "d" : "1756460337467638203",
      "t" : 1756460337467,
      "tn" : 1756460337467638203,
      "q" : "7",
      "p" : "0.29304",
      "s" : "sell",
      "i" : "CRO_PYUSD",
      "m" : "4611686018429080958"
    }, {
      "d" : "1756460333933799564",
      "t" : 1756460333933,
      "tn" : 1756460333933799564,
      "q" : "7",
      "p" : "0.29374",
      "s" : "sell",
      "i" : "CRO_PYUSD",
      "m" : "4611686018429080957"
    }, {
      "d" : "1756460333933797710",
      "t" : 1756460333933,
      "tn" : 1756460333933797710,
      "q" : "7",
      "p" : "0.29375",
      "s" : "sell",
      "i" : "CRO_PYUSD",
      "m" : "4611686018429080956"
    }, {
      "d" : "1756460203881046442",
      "t" : 1756460203881,
      "tn" : 1756460203881046442,
      "q" : "7",
      "p" : "0.29434",
      "s" : "sell",
      "i" : "CRO_PYUSD",
      "m" : "4611686018429080955"
    }, {
      "d" : "1756460175940043073",
      "t" : 1756460175940,
      "tn" : 1756460175940043073,
      "q" : "4",
      "p" : "0.29525",
      "s" : "sell",
      "i" : "CRO_PYUSD",
      "m" : "4611686018429080954"
    }, {
      "d" : "1756460164685656101",
      "t" : 1756460164685,
      "tn" : 1756460164685656101,
      "q" : "7",
      "p" : "0.29587",
      "s" : "sell",
      "i" : "CRO_PYUSD",
      "m" : "4611686018429080953"
    }, {
      "d" : "1756460129111477666",
      "t" : 1756460129111,
      "tn" : 1756460129111477666,
      "q" : "7",
      "p" : "0.29596",
      "s" : "buy",
      "i" : "CRO_PYUSD",
      "m" : "4611686018429080952"
    }, {
      "d" : "1756460041729658423",
      "t" : 1756460041729,
      "tn" : 1756460041729658423,
      "q" : "7",
      "p" : "0.29509",
      "s" : "sell",
      "i" : "CRO_PYUSD",
      "m" : "4611686018429080951"
    }, {
      "d" : "1756460041729655888",
      "t" : 1756460041729,
      "tn" : 1756460041729655888,
      "q" : "7",
      "p" : "0.29510",
      "s" : "sell",
      "i" : "CRO_PYUSD",
      "m" : "4611686018429080950"
    }, {
      "d" : "1756459984879493998",
      "t" : 1756459984879,
      "tn" : 1756459984879493998,
      "q" : "7",
      "p" : "0.29529",
      "s" : "sell",
      "i" : "CRO_PYUSD",
      "m" : "4611686018429080949"
    }, {
      "d" : "1756459904732888026",
      "t" : 1756459904732,
      "tn" : 1756459904732888026,
      "q" : "7",
      "p" : "0.29602",
      "s" : "buy",
      "i" : "CRO_PYUSD",
      "m" : "4611686018429080948"
    }, {
      "d" : "1756459793588085112",
      "t" : 1756459793588,
      "tn" : 1756459793588085112,
      "q" : "8",
      "p" : "0.29589",
      "s" : "sell",
      "i" : "CRO_PYUSD",
      "m" : "4611686018429080947"
    }, {
      "d" : "1756459783857979745",
      "t" : 1756459783857,
      "tn" : 1756459783857979745,
      "q" : "3",
      "p" : "0.29440",
      "s" : "buy",
      "i" : "CRO_PYUSD",
      "m" : "4611686018429080946"
    }, {
      "d" : "1756459781918169839",
      "t" : 1756459781918,
      "tn" : 1756459781918169839,
      "q" : "4",
      "p" : "0.29440",
      "s" : "buy",
      "i" : "CRO_PYUSD",
      "m" : "4611686018429080945"
    }, {
      "d" : "1756459776502719471",
      "t" : 1756459776502,
      "tn" : 1756459776502719471,
      "q" : "7",
      "p" : "0.29397",
      "s" : "buy",
      "i" : "CRO_PYUSD",
      "m" : "4611686018429080944"
    }, {
      "d" : "1756459744286021193",
      "t" : 1756459744286,
      "tn" : 1756459744286021193,
      "q" : "4",
      "p" : "0.29373",
      "s" : "buy",
      "i" : "CRO_PYUSD",
      "m" : "4611686018429080943"
    }, {
      "d" : "1756459489015648781",
      "t" : 1756459489015,
      "tn" : 1756459489015648781,
      "q" : "8",
      "p" : "0.29243",
      "s" : "buy",
      "i" : "CRO_PYUSD",
      "m" : "4611686018429080942"
    }, {
      "d" : "1756459489015646335",
      "t" : 1756459489015,
      "tn" : 1756459489015646335,
      "q" : "7",
      "p" : "0.29242",
      "s" : "buy",
      "i" : "CRO_PYUSD",
      "m" : "4611686018429080941"
    }, {
      "d" : "1756459477377649226",
      "t" : 1756459477377,
      "tn" : 1756459477377649226,
      "q" : "7",
      "p" : "0.29182",
      "s" : "buy",
      "i" : "CRO_PYUSD",
      "m" : "4611686018429080940"
    }, {
      "d" : "1756459205693323064",
      "t" : 1756459205693,
      "tn" : 1756459205693323064,
      "q" : "3",
      "p" : "0.29196",
      "s" : "buy",
      "i" : "CRO_PYUSD",
      "m" : "4611686018429080939"
    }, {
      "d" : "1756459205329079979",
      "t" : 1756459205329,
      "tn" : 1756459205329079979,
      "q" : "7",
      "p" : "0.29196",
      "s" : "buy",
      "i" : "CRO_PYUSD",
      "m" : "4611686018429080938"
    }, {
      "d" : "1756459205329078272",
      "t" : 1756459205329,
      "tn" : 1756459205329078272,
      "q" : "7",
      "p" : "0.29195",
      "s" : "buy",
      "i" : "CRO_PYUSD",
      "m" : "4611686018429080937"
    }, {
      "d" : "1756459181393517707",
      "t" : 1756459181393,
      "tn" : 1756459181393517707,
      "q" : "8",
      "p" : "0.29144",
      "s" : "buy",
      "i" : "CRO_PYUSD",
      "m" : "4611686018429080936"
    }, {
      "d" : "1756459181393516432",
      "t" : 1756459181393,
      "tn" : 1756459181393516432,
      "q" : "7",
      "p" : "0.29143",
      "s" : "buy",
      "i" : "CRO_PYUSD",
      "m" : "4611686018429080935"
    }, {
      "d" : "1756459104037879866",
      "t" : 1756459104037,
      "tn" : 1756459104037879866,
      "q" : "4",
      "p" : "0.29131",
      "s" : "buy",
      "i" : "CRO_PYUSD",
      "m" : "4611686018429080934"
    }, {
      "d" : "1756459032901881896",
      "t" : 1756459032901,
      "tn" : 1756459032901881896,
      "q" : "5",
      "p" : "0.29016",
      "s" : "buy",
      "i" : "CRO_PYUSD",
      "m" : "4611686018429080933"
    }, {
      "d" : "1756459030522447846",
      "t" : 1756459030522,
      "tn" : 1756459030522447846,
      "q" : "4",
      "p" : "0.29016",
      "s" : "buy",
      "i" : "CRO_PYUSD",
      "m" : "4611686018429080932"
    }, {
      "d" : "1756458954856894897",
      "t" : 1756458954856,
      "tn" : 1756458954856894897,
      "q" : "7",
      "p" : "0.29045",
      "s" : "buy",
      "i" : "CRO_PYUSD",
      "m" : "4611686018429080931"
    }, {
      "d" : "1756458903236287392",
      "t" : 1756458903236,
      "tn" : 1756458903236287392,
      "q" : "7",
      "p" : "0.29009",
      "s" : "buy",
      "i" : "CRO_PYUSD",
      "m" : "4611686018429080930"
    }, {
      "d" : "1756458837854686905",
      "t" : 1756458837854,
      "tn" : 1756458837854686905,
      "q" : "10",
      "p" : "0.29026",
      "s" : "buy",
      "i" : "CRO_PYUSD",
      "m" : "4611686018429080929"
    }, {
      "d" : "1756458792605569462",
      "t" : 1756458792605,
      "tn" : 1756458792605569462,
      "q" : "12",
      "p" : "0.28998",
      "s" : "buy",
      "i" : "CRO_PYUSD",
      "m" : "4611686018429080928"
    }, {
      "d" : "1756458782584840962",
      "t" : 1756458782584,
      "tn" : 1756458782584840962,
      "q" : "7",
      "p" : "0.28918",
      "s" : "buy",
      "i" : "CRO_PYUSD",
      "m" : "4611686018429080927"
    }, {
      "d" : "1756458742082845408",
      "t" : 1756458742082,
      "tn" : 1756458742082845408,
      "q" : "6",
      "p" : "0.28996",
      "s" : "sell",
      "i" : "CRO_PYUSD",
      "m" : "4611686018429080926"
    }, {
      "d" : "1756458679234567519",
      "t" : 1756458679234,
      "tn" : 1756458679234567519,
      "q" : "4",
      "p" : "0.28995",
      "s" : "sell",
      "i" : "CRO_PYUSD",
      "m" : "4611686018429080925"
    }, {
      "d" : "1756458620309507521",
      "t" : 1756458620309,
      "tn" : 1756458620309507521,
      "q" : "4",
      "p" : "0.28999",
      "s" : "buy",
      "i" : "CRO_PYUSD",
      "m" : "4611686018429080924"
    }, {
      "d" : "1756458603142705225",
      "t" : 1756458603142,
      "tn" : 1756458603142705225,
      "q" : "7",
      "p" : "0.28998",
      "s" : "buy",
      "i" : "CRO_PYUSD",
      "m" : "4611686018429080923"
    }, {
      "d" : "1756458439402337786",
      "t" : 1756458439402,
      "tn" : 1756458439402337786,
      "q" : "7",
      "p" : "0.28979",
      "s" : "sell",
      "i" : "CRO_PYUSD",
      "m" : "4611686018429080922"
    }, {
      "d" : "1756458407930035916",
      "t" : 1756458407930,
      "tn" : 1756458407930035916,
      "q" : "7",
      "p" : "0.29031",
      "s" : "sell",
      "i" : "CRO_PYUSD",
      "m" : "4611686018429080921"
    }, {
      "d" : "1756458357699115773",
      "t" : 1756458357699,
      "tn" : 1756458357699115773,
      "q" : "17",
      "p" : "0.29099",
      "s" : "buy",
      "i" : "CRO_PYUSD",
      "m" : "4611686018429080920"
    }, {
      "d" : "1756458351900484711",
      "t" : 1756458351900,
      "tn" : 1756458351900484711,
      "q" : "7",
      "p" : "0.29003",
      "s" : "buy",
      "i" : "CRO_PYUSD",
      "m" : "4611686018429080919"
    }, {
      "d" : "1756458288849830624",
      "t" : 1756458288849,
      "tn" : 1756458288849830624,
      "q" : "7",
      "p" : "0.28938",
      "s" : "sell",
      "i" : "CRO_PYUSD",
      "m" : "4611686018429080918"
    }, {
      "d" : "1756458152685071926",
      "t" : 1756458152685,
      "tn" : 1756458152685071926,
      "q" : "11",
      "p" : "0.28834",
      "s" : "sell",
      "i" : "CRO_PYUSD",
      "m" : "4611686018429080917"
    }, {
      "d" : "1756458060179454973",
      "t" : 1756458060179,
      "tn" : 1756458060179454973,
      "q" : "7",
      "p" : "0.28854",
      "s" : "sell",
      "i" : "CRO_PYUSD",
      "m" : "4611686018429080916"
    }, {
      "d" : "1756458019052556399",
      "t" : 1756458019052,
      "tn" : 1756458019052556399,
      "q" : "6",
      "p" : "0.28969",
      "s" : "buy",
      "i" : "CRO_PYUSD",
      "m" : "4611686018429080915"
    }, {
      "d" : "1756457951324103497",
      "t" : 1756457951324,
      "tn" : 1756457951324103497,
      "q" : "4",
      "p" : "0.28938",
      "s" : "sell",
      "i" : "CRO_PYUSD",
      "m" : "4611686018429080914"
    }, {
      "d" : "1756457937497973025",
      "t" : 1756457937497,
      "tn" : 1756457937497973025,
      "q" : "10",
      "p" : "0.28944",
      "s" : "sell",
      "i" : "CRO_PYUSD",
      "m" : "4611686018429080913"
    }, {
      "d" : "1756457901923859794",
      "t" : 1756457901923,
      "tn" : 1756457901923859794,
      "q" : "8",
      "p" : "0.29153",
      "s" : "sell",
      "i" : "CRO_PYUSD",
      "m" : "4611686018429080912"
    }, {
      "d" : "1756457900621300237",
      "t" : 1756457900621,
      "tn" : 1756457900621300237,
      "q" : "8",
      "p" : "0.29237",
      "s" : "sell",
      "i" : "CRO_PYUSD",
      "m" : "4611686018429080911"
    }, {
      "d" : "1756457881836410191",
      "t" : 1756457881836,
      "tn" : 1756457881836410191,
      "q" : "12",
      "p" : "0.29292",
      "s" : "sell",
      "i" : "CRO_PYUSD",
      "m" : "4611686018429080910"
    }, {
      "d" : "1756457869814748625",
      "t" : 1756457869814,
      "tn" : 1756457869814748625,
      "q" : "13",
      "p" : "0.29345",
      "s" : "sell",
      "i" : "CRO_PYUSD",
      "m" : "4611686018429080909"
    }, {
      "d" : "1756457828528123034",
      "t" : 1756457828528,
      "tn" : 1756457828528123034,
      "q" : "7",
      "p" : "0.29419",
      "s" : "sell",
      "i" : "CRO_PYUSD",
      "m" : "4611686018429080908"
    }, {
      "d" : "1756457734486551733",
      "t" : 1756457734486,
      "tn" : 1756457734486551733,
      "q" : "11",
      "p" : "0.29406",
      "s" : "sell",
      "i" : "CRO_PYUSD",
      "m" : "4611686018429080907"
    }, {
      "d" : "1756457615563206753",
      "t" : 1756457615563,
      "tn" : 1756457615563206753,
      "q" : "7",
      "p" : "0.29459",
      "s" : "buy",
      "i" : "CRO_PYUSD",
      "m" : "4611686018429080906"
    }, {
      "d" : "1756457410500451490",
      "t" : 1756457410500,
      "tn" : 1756457410500451490,
      "q" : "7",
      "p" : "0.29487",
      "s" : "buy",
      "i" : "CRO_PYUSD",
      "m" : "4611686018429080905"
    }, {
      "d" : "1756457385362488019",
      "t" : 1756457385362,
      "tn" : 1756457385362488019,
      "q" : "7",
      "p" : "0.29424",
      "s" : "buy",
      "i" : "CRO_PYUSD",
      "m" : "4611686018429080904"
    }, {
      "d" : "1756457323513407689",
      "t" : 1756457323513,
      "tn" : 1756457323513407689,
      "q" : "7",
      "p" : "0.29355",
      "s" : "buy",
      "i" : "CRO_PYUSD",
      "m" : "4611686018429080903"
    }, {
      "d" : "1756456944643174553",
      "t" : 1756456944643,
      "tn" : 1756456944643174553,
      "q" : "9",
      "p" : "0.29405",
      "s" : "sell",
      "i" : "CRO_PYUSD",
      "m" : "4611686018429080902"
    }, {
      "d" : "1756456872292988223",
      "t" : 1756456872292,
      "tn" : 1756456872292988223,
      "q" : "11",
      "p" : "0.29366",
      "s" : "sell",
      "i" : "CRO_PYUSD",
      "m" : "4611686018429080901"
    }, {
      "d" : "1756456872249252382",
      "t" : 1756456872249,
      "tn" : 1756456872249252382,
      "q" : "7",
      "p" : "0.29367",
      "s" : "sell",
      "i" : "CRO_PYUSD",
      "m" : "4611686018429080900"
    }, {
      "d" : "1756456853572217770",
      "t" : 1756456853572,
      "tn" : 1756456853572217770,
      "q" : "7",
      "p" : "0.29443",
      "s" : "sell",
      "i" : "CRO_PYUSD",
      "m" : "4611686018429080899"
    }, {
      "d" : "1756456806318353332",
      "t" : 1756456806318,
      "tn" : 1756456806318353332,
      "q" : "7",
      "p" : "0.29465",
      "s" : "sell",
      "i" : "CRO_PYUSD",
      "m" : "4611686018429080898"
    }, {
      "d" : "1756456806318351082",
      "t" : 1756456806318,
      "tn" : 1756456806318351082,
      "q" : "7",
      "p" : "0.29466",
      "s" : "sell",
      "i" : "CRO_PYUSD",
      "m" : "4611686018429080897"
    }, {
      "d" : "1756456731052719222",
      "t" : 1756456731052,
      "tn" : 1756456731052719222,
      "q" : "7",
      "p" : "0.29523",
      "s" : "sell",
      "i" : "CRO_PYUSD",
      "m" : "4611686018429080896"
    }, {
      "d" : "1756456647641912462",
      "t" : 1756456647641,
      "tn" : 1756456647641912462,
      "q" : "7",
      "p" : "0.29463",
      "s" : "buy",
      "i" : "CRO_PYUSD",
      "m" : "4611686018429080895"
    }, {
      "d" : "1756456630558866888",
      "t" : 1756456630558,
      "tn" : 1756456630558866888,
      "q" : "7",
      "p" : "0.29419",
      "s" : "buy",
      "i" : "CRO_PYUSD",
      "m" : "4611686018429080894"
    }, {
      "d" : "1756456616729620264",
      "t" : 1756456616729,
      "tn" : 1756456616729620264,
      "q" : "3",
      "p" : "0.29385",
      "s" : "buy",
      "i" : "CRO_PYUSD",
      "m" : "4611686018429080893"
    }, {
      "d" : "1756456616343204304",
      "t" : 1756456616343,
      "tn" : 1756456616343204304,
      "q" : "4",
      "p" : "0.29385",
      "s" : "buy",
      "i" : "CRO_PYUSD",
      "m" : "4611686018429080892"
    }, {
      "d" : "1756456616343202669",
      "t" : 1756456616343,
      "tn" : 1756456616343202669,
      "q" : "7",
      "p" : "0.29384",
      "s" : "buy",
      "i" : "CRO_PYUSD",
      "m" : "4611686018429080891"
    }, {
      "d" : "1756456388118577303",
      "t" : 1756456388118,
      "tn" : 1756456388118577303,
      "q" : "4",
      "p" : "0.29358",
      "s" : "buy",
      "i" : "CRO_PYUSD",
      "m" : "4611686018429080890"
    }, {
      "d" : "1756456388118575733",
      "t" : 1756456388118,
      "tn" : 1756456388118575733,
      "q" : "3",
      "p" : "0.29347",
      "s" : "buy",
      "i" : "CRO_PYUSD",
      "m" : "4611686018429080889"
    }, {
      "d" : "1756456388035502657",
      "t" : 1756456388035,
      "tn" : 1756456388035502657,
      "q" : "4",
      "p" : "0.29347",
      "s" : "buy",
      "i" : "CRO_PYUSD",
      "m" : "4611686018429080888"
    }, {
      "d" : "1756456264526478024",
      "t" : 1756456264526,
      "tn" : 1756456264526478024,
      "q" : "4",
      "p" : "0.29446",
      "s" : "sell",
      "i" : "CRO_PYUSD",
      "m" : "4611686018429080887"
    }, {
      "d" : "1756456216903249471",
      "t" : 1756456216903,
      "tn" : 1756456216903249471,
      "q" : "4",
      "p" : "0.29412",
      "s" : "sell",
      "i" : "CRO_PYUSD",
      "m" : "4611686018429080886"
    }, {
      "d" : "1756456161909717381",
      "t" : 1756456161909,
      "tn" : 1756456161909717381,
      "q" : "4",
      "p" : "0.29474",
      "s" : "sell",
      "i" : "CRO_PYUSD",
      "m" : "4611686018429080885"
    }, {
      "d" : "1756456161909715365",
      "t" : 1756456161909,
      "tn" : 1756456161909715365,
      "q" : "7",
      "p" : "0.29475",
      "s" : "sell",
      "i" : "CRO_PYUSD",
      "m" : "4611686018429080884"
    }, {
      "d" : "1756456104623191975",
      "t" : 1756456104623,
      "tn" : 1756456104623191975,
      "q" : "6",
      "p" : "0.29388",
      "s" : "buy",
      "i" : "CRO_PYUSD",
      "m" : "4611686018429080883"
    }, {
      "d" : "1756456104609857408",
      "t" : 1756456104609,
      "tn" : 1756456104609857408,
      "q" : "7",
      "p" : "0.29387",
      "s" : "buy",
      "i" : "CRO_PYUSD",
      "m" : "4611686018429080882"
    }, {
      "d" : "1756456054405158412",
      "t" : 1756456054405,
      "tn" : 1756456054405158412,
      "q" : "7",
      "p" : "0.29346",
      "s" : "buy",
      "i" : "CRO_PYUSD",
      "m" : "4611686018429080881"
    }, {
      "d" : "1756455864135109753",
      "t" : 1756455864135,
      "tn" : 1756455864135109753,
      "q" : "7",
      "p" : "0.29279",
      "s" : "sell",
      "i" : "CRO_PYUSD",
      "m" : "4611686018429080880"
    }, {
      "d" : "1756455769098440064",
      "t" : 1756455769098,
      "tn" : 1756455769098440064,
      "q" : "5",
      "p" : "0.29312",
      "s" : "buy",
      "i" : "CRO_PYUSD",
      "m" : "4611686018429080879"
    }, {
      "d" : "1756455602460394300",
      "t" : 1756455602460,
      "tn" : 1756455602460394300,
      "q" : "7",
      "p" : "0.29373",
      "s" : "buy",
      "i" : "CRO_PYUSD",
      "m" : "4611686018429080878"
    }, {
      "d" : "1756455563308673145",
      "t" : 1756455563308,
      "tn" : 1756455563308673145,
      "q" : "7",
      "p" : "0.29383",
      "s" : "sell",
      "i" : "CRO_PYUSD",
      "m" : "4611686018429080877"
    }, {
      "d" : "1756455552402366355",
      "t" : 1756455552402,
      "tn" : 1756455552402366355,
      "q" : "7",
      "p" : "0.29451",
      "s" : "sell",
      "i" : "CRO_PYUSD",
      "m" : "4611686018429080876"
    }, {
      "d" : "1756455467771130951",
      "t" : 1756455467771,
      "tn" : 1756455467771130951,
      "q" : "4",
      "p" : "0.29406",
      "s" : "buy",
      "i" : "CRO_PYUSD",
      "m" : "4611686018429080875"
    }, {
      "d" : "1756455466822246405",
      "t" : 1756455466822,
      "tn" : 1756455466822246405,
      "q" : "7",
      "p" : "0.29376",
      "s" : "buy",
      "i" : "CRO_PYUSD",
      "m" : "4611686018429080874"
    }, {
      "d" : "1756455405120072025",
      "t" : 1756455405120,
      "tn" : 1756455405120072025,
      "q" : "3",
      "p" : "0.29405",
      "s" : "sell",
      "i" : "CRO_PYUSD",
      "m" : "4611686018429080873"
    }, {
      "d" : "1756455404775938433",
      "t" : 1756455404775,
      "tn" : 1756455404775938433,
      "q" : "4",
      "p" : "0.29405",
      "s" : "sell",
      "i" : "CRO_PYUSD",
      "m" : "4611686018429080872"
    }, {
      "d" : "1756455404760789535",
      "t" : 1756455404760,
      "tn" : 1756455404760789535,
      "q" : "7",
      "p" : "0.29406",
      "s" : "sell",
      "i" : "CRO_PYUSD",
      "m" : "4611686018429080871"
    }, {
      "d" : "1756455363451250585",
      "t" : 1756455363451,
      "tn" : 1756455363451250585,
      "q" : "4",
      "p" : "0.29356",
      "s" : "buy",
      "i" : "CRO_PYUSD",
      "m" : "4611686018429080870"
    }, {
      "d" : "1756455330281676306",
      "t" : 1756455330281,
      "tn" : 1756455330281676306,
      "q" : "7",
      "p" : "0.29355",
      "s" : "sell",
      "i" : "CRO_PYUSD",
      "m" : "4611686018429080869"
    }, {
      "d" : "1756455329968459338",
      "t" : 1756455329968,
      "tn" : 1756455329968459338,
      "q" : "7",
      "p" : "0.29356",
      "s" : "sell",
      "i" : "CRO_PYUSD",
      "m" : "4611686018429080868"
    }, {
      "d" : "1756455209527118122",
      "t" : 1756455209527,
      "tn" : 1756455209527118122,
      "q" : "4",
      "p" : "0.29509",
      "s" : "buy",
      "i" : "CRO_PYUSD",
      "m" : "4611686018429080867"
    }, {
      "d" : "1756455077877805089",
      "t" : 1756455077877,
      "tn" : 1756455077877805089,
      "q" : "6",
      "p" : "0.29500",
      "s" : "buy",
      "i" : "CRO_PYUSD",
      "m" : "4611686018429080866"
    }, {
      "d" : "1756454989318504967",
      "t" : 1756454989318,
      "tn" : 1756454989318504967,
      "q" : "3",
      "p" : "0.29585",
      "s" : "sell",
      "i" : "CRO_PYUSD",
      "m" : "4611686018429080865"
    }, {
      "d" : "1756454989237393113",
      "t" : 1756454989237,
      "tn" : 1756454989237393113,
      "q" : "4",
      "p" : "0.29585",
      "s" : "sell",
      "i" : "CRO_PYUSD",
      "m" : "4611686018429080864"
    }, {
      "d" : "1756454989237391367",
      "t" : 1756454989237,
      "tn" : 1756454989237391367,
      "q" : "7",
      "p" : "0.29586",
      "s" : "sell",
      "i" : "CRO_PYUSD",
      "m" : "4611686018429080863"
    }, {
      "d" : "1756454944948482909",
      "t" : 1756454944948,
      "tn" : 1756454944948482909,
      "q" : "7",
      "p" : "0.29590",
      "s" : "buy",
      "i" : "CRO_PYUSD",
      "m" : "4611686018429080862"
    }, {
      "d" : "1756454789653360629",
      "t" : 1756454789653,
      "tn" : 1756454789653360629,
      "q" : "7",
      "p" : "0.29695",
      "s" : "sell",
      "i" : "CRO_PYUSD",
      "m" : "4611686018429080861"
    }, {
      "d" : "1756454663205165814",
      "t" : 1756454663205,
      "tn" : 1756454663205165814,
      "q" : "4",
      "p" : "0.29882",
      "s" : "sell",
      "i" : "CRO_PYUSD",
      "m" : "4611686018429080860"
    }, {
      "d" : "1756454642239599727",
      "t" : 1756454642239,
      "tn" : 1756454642239599727,
      "q" : "4",
      "p" : "0.29883",
      "s" : "buy",
      "i" : "CRO_PYUSD",
      "m" : "4611686018429080859"
    }, {
      "d" : "1756454641725553572",
      "t" : 1756454641725,
      "tn" : 1756454641725553572,
      "q" : "7",
      "p" : "0.29882",
      "s" : "buy",
      "i" : "CRO_PYUSD",
      "m" : "4611686018429080858"
    }, {
      "d" : "1756454535943493599",
      "t" : 1756454535943,
      "tn" : 1756454535943493599,
      "q" : "4",
      "p" : "0.29993",
      "s" : "buy",
      "i" : "CRO_PYUSD",
      "m" : "4611686018429080857"
    }, {
      "d" : "1756454483629899453",
      "t" : 1756454483629,
      "tn" : 1756454483629899453,
      "q" : "12",
      "p" : "0.29952",
      "s" : "buy",
      "i" : "CRO_PYUSD",
      "m" : "4611686018429080856"
    }, {
      "d" : "1756454477458360836",
      "t" : 1756454477458,
      "tn" : 1756454477458360836,
      "q" : "7",
      "p" : "0.29890",
      "s" : "buy",
      "i" : "CRO_PYUSD",
      "m" : "4611686018429080855"
    }, {
      "d" : "1756454426847816292",
      "t" : 1756454426847,
      "tn" : 1756454426847816292,
      "q" : "4",
      "p" : "0.29889",
      "s" : "buy",
      "i" : "CRO_PYUSD",
      "m" : "4611686018429080854"
    }, {
      "d" : "1756454373953360080",
      "t" : 1756454373953,
      "tn" : 1756454373953360080,
      "q" : "7",
      "p" : "0.29811",
      "s" : "sell",
      "i" : "CRO_PYUSD",
      "m" : "4611686018429080853"
    }, {
      "d" : "1756454373949507583",
      "t" : 1756454373949,
      "tn" : 1756454373949507583,
      "q" : "7",
      "p" : "0.29812",
      "s" : "sell",
      "i" : "CRO_PYUSD",
      "m" : "4611686018429080852"
    }, {
      "d" : "1756454341441415097",
      "t" : 1756454341441,
      "tn" : 1756454341441415097,
      "q" : "4",
      "p" : "0.29860",
      "s" : "sell",
      "i" : "CRO_PYUSD",
      "m" : "4611686018429080851"
    }, {
      "d" : "1756454341365756068",
      "t" : 1756454341365,
      "tn" : 1756454341365756068,
      "q" : "1",
      "p" : "0.29860",
      "s" : "sell",
      "i" : "CRO_PYUSD",
      "m" : "4611686018429080850"
    }, {
      "d" : "1756454341365754019",
      "t" : 1756454341365,
      "tn" : 1756454341365754019,
      "q" : "3",
      "p" : "0.29861",
      "s" : "sell",
      "i" : "CRO_PYUSD",
      "m" : "4611686018429080849"
    }, {
      "d" : "1756454341245837417",
      "t" : 1756454341245,
      "tn" : 1756454341245837417,
      "q" : "4",
      "p" : "0.29861",
      "s" : "sell",
      "i" : "CRO_PYUSD",
      "m" : "4611686018429080848"
    }, {
      "d" : "1756454332072572535",
      "t" : 1756454332072,
      "tn" : 1756454332072572535,
      "q" : "13",
      "p" : "0.29950",
      "s" : "sell",
      "i" : "CRO_PYUSD",
      "m" : "4611686018429080847"
    }, {
      "d" : "1756454332072570159",
      "t" : 1756454332072,
      "tn" : 1756454332072570159,
      "q" : "7",
      "p" : "0.29951",
      "s" : "sell",
      "i" : "CRO_PYUSD",
      "m" : "4611686018429080846"
    }, {
      "d" : "1756454313296508818",
      "t" : 1756454313296,
      "tn" : 1756454313296508818,
      "q" : "10",
      "p" : "0.30004",
      "s" : "sell",
      "i" : "CRO_PYUSD",
      "m" : "4611686018429080845"
    }, {
      "d" : "1756454249597653152",
      "t" : 1756454249597,
      "tn" : 1756454249597653152,
      "q" : "7",
      "p" : "0.30042",
      "s" : "buy",
      "i" : "CRO_PYUSD",
      "m" : "4611686018429080844"
    }, {
      "d" : "1756454219225019071",
      "t" : 1756454219225,
      "tn" : 1756454219225019071,
      "q" : "7",
      "p" : "0.29913",
      "s" : "buy",
      "i" : "CRO_PYUSD",
      "m" : "4611686018429080843"
    }, {
      "d" : "1756454179755310867",
      "t" : 1756454179755,
      "tn" : 1756454179755310867,
      "q" : "7",
      "p" : "0.29883",
      "s" : "sell",
      "i" : "CRO_PYUSD",
      "m" : "4611686018429080842"
    }, {
      "d" : "1756454028606251544",
      "t" : 1756454028606,
      "tn" : 1756454028606251544,
      "q" : "7",
      "p" : "0.29996",
      "s" : "buy",
      "i" : "CRO_PYUSD",
      "m" : "4611686018429080841"
    }, {
      "d" : "1756454028596310656",
      "t" : 1756454028596,
      "tn" : 1756454028596310656,
      "q" : "7",
      "p" : "0.29995",
      "s" : "buy",
      "i" : "CRO_PYUSD",
      "m" : "4611686018429080840"
    }, {
      "d" : "1756453994886039679",
      "t" : 1756453994886,
      "tn" : 1756453994886039679,
      "q" : "4",
      "p" : "0.30025",
      "s" : "buy",
      "i" : "CRO_PYUSD",
      "m" : "4611686018429080839"
    }, {
      "d" : "1756453938954340440",
      "t" : 1756453938954,
      "tn" : 1756453938954340440,
      "q" : "7",
      "p" : "0.29970",
      "s" : "sell",
      "i" : "CRO_PYUSD",
      "m" : "4611686018429080838"
    }, {
      "d" : "1756453911744811002",
      "t" : 1756453911744,
      "tn" : 1756453911744811002,
      "q" : "1",
      "p" : "0.30093",
      "s" : "buy",
      "i" : "CRO_PYUSD",
      "m" : "4611686018429080837"
    }, {
      "d" : "1756453911744808500",
      "t" : 1756453911744,
      "tn" : 1756453911744808500,
      "q" : "3",
      "p" : "0.30078",
      "s" : "buy",
      "i" : "CRO_PYUSD",
      "m" : "4611686018429080836"
    }, {
      "d" : "1756453902531340350",
      "t" : 1756453902531,
      "tn" : 1756453902531340350,
      "q" : "4",
      "p" : "0.30078",
      "s" : "buy",
      "i" : "CRO_PYUSD",
      "m" : "4611686018429080835"
    }, {
      "d" : "1756453860528359014",
      "t" : 1756453860528,
      "tn" : 1756453860528359014,
      "q" : "4",
      "p" : "0.30038",
      "s" : "buy",
      "i" : "CRO_PYUSD",
      "m" : "4611686018429080834"
    }, {
      "d" : "1756453852682573313",
      "t" : 1756453852682,
      "tn" : 1756453852682573313,
      "q" : "7",
      "p" : "0.29984",
      "s" : "buy",
      "i" : "CRO_PYUSD",
      "m" : "4611686018429080833"
    }, {
      "d" : "1756453823599177556",
      "t" : 1756453823599,
      "tn" : 1756453823599177556,
      "q" : "4",
      "p" : "0.29862",
      "s" : "buy",
      "i" : "CRO_PYUSD",
      "m" : "4611686018429080832"
    }, {
      "d" : "1756453663914277615",
      "t" : 1756453663914,
      "tn" : 1756453663914277615,
      "q" : "7",
      "p" : "0.29907",
      "s" : "sell",
      "i" : "CRO_PYUSD",
      "m" : "4611686018429080831"
    }, {
      "d" : "1756453493663668615",
      "t" : 1756453493663,
      "tn" : 1756453493663668615,
      "q" : "4",
      "p" : "0.29798",
      "s" : "buy",
      "i" : "CRO_PYUSD",
      "m" : "4611686018429080830"
    }, {
      "d" : "1756453493652755329",
      "t" : 1756453493652,
      "tn" : 1756453493652755329,
      "q" : "1",
      "p" : "0.29798",
      "s" : "buy",
      "i" : "CRO_PYUSD",
      "m" : "4611686018429080829"
    }, {
      "d" : "1756453493652753604",
      "t" : 1756453493652,
      "tn" : 1756453493652753604,
      "q" : "3",
      "p" : "0.29797",
      "s" : "buy",
      "i" : "CRO_PYUSD",
      "m" : "4611686018429080828"
    }, {
      "d" : "1756453493619572387",
      "t" : 1756453493619,
      "tn" : 1756453493619572387,
      "q" : "4",
      "p" : "0.29797",
      "s" : "buy",
      "i" : "CRO_PYUSD",
      "m" : "4611686018429080827"
    }, {
      "d" : "1756453382655990072",
      "t" : 1756453382655,
      "tn" : 1756453382655990072,
      "q" : "7",
      "p" : "0.29799",
      "s" : "sell",
      "i" : "CRO_PYUSD",
      "m" : "4611686018429080826"
    }, {
      "d" : "1756453289646317105",
      "t" : 1756453289646,
      "tn" : 1756453289646317105,
      "q" : "14",
      "p" : "0.29827",
      "s" : "buy",
      "i" : "CRO_PYUSD",
      "m" : "4611686018429080825"
    }, {
      "d" : "1756453280625674630",
      "t" : 1756453280625,
      "tn" : 1756453280625674630,
      "q" : "7",
      "p" : "0.29774",
      "s" : "buy",
      "i" : "CRO_PYUSD",
      "m" : "4611686018429080824"
    }, {
      "d" : "1756453212888328221",
      "t" : 1756453212888,
      "tn" : 1756453212888328221,
      "q" : "7",
      "p" : "0.29671",
      "s" : "buy",
      "i" : "CRO_PYUSD",
      "m" : "4611686018429080823"
    }, {
      "d" : "1756453163220976082",
      "t" : 1756453163220,
      "tn" : 1756453163220976082,
      "q" : "4",
      "p" : "0.29596",
      "s" : "sell",
      "i" : "CRO_PYUSD",
      "m" : "4611686018429080822"
    }, {
      "d" : "1756453163220974304",
      "t" : 1756453163220,
      "tn" : 1756453163220974304,
      "q" : "7",
      "p" : "0.29597",
      "s" : "sell",
      "i" : "CRO_PYUSD",
      "m" : "4611686018429080821"
    }, {
      "d" : "1756453011650397359",
      "t" : 1756453011650,
      "tn" : 1756453011650397359,
      "q" : "7",
      "p" : "0.29634",
      "s" : "sell",
      "i" : "CRO_PYUSD",
      "m" : "4611686018429080820"
    }, {
      "d" : "1756452831407378510",
      "t" : 1756452831407,
      "tn" : 1756452831407378510,
      "q" : "4",
      "p" : "0.29620",
      "s" : "buy",
      "i" : "CRO_PYUSD",
      "m" : "4611686018429080819"
    }, {
      "d" : "1756452755029598349",
      "t" : 1756452755029,
      "tn" : 1756452755029598349,
      "q" : "10",
      "p" : "0.29705",
      "s" : "buy",
      "i" : "CRO_PYUSD",
      "m" : "4611686018429080818"
    }, {
      "d" : "1756452750547021919",
      "t" : 1756452750547,
      "tn" : 1756452750547021919,
      "q" : "11",
      "p" : "0.29624",
      "s" : "buy",
      "i" : "CRO_PYUSD",
      "m" : "4611686018429080817"
    }, {
      "d" : "1756452746897839191",
      "t" : 1756452746897,
      "tn" : 1756452746897839191,
      "q" : "9",
      "p" : "0.29584",
      "s" : "buy",
      "i" : "CRO_PYUSD",
      "m" : "4611686018429080816"
    }, {
      "d" : "1756452741151829089",
      "t" : 1756452741151,
      "tn" : 1756452741151829089,
      "q" : "8",
      "p" : "0.29524",
      "s" : "buy",
      "i" : "CRO_PYUSD",
      "m" : "4611686018429080815"
    } ]
  }
}