{
  "id" : -1,
  "method" : "public/get-trades",
  "code" : 0,
  "result" : {
    "data" : [ {
      "d" : "1756460651157352153",
      "t" : 1756460651157,
      "tn" : 1756460651157352153,
      "q" : "256",
      "p" : "0.29350",
      "s" : "sell",
      "i" : "CRO_USDT",
      "m" : "4611686018457836678"
    }, {
      "d" : "1756460651083503291",
      "t" : 1756460651083,
      "tn" : 1756460651083503291,
      "q" : "125",
      "p" : "0.29350",
      "s" : "sell",
      "i" : "CRO_USDT",
      "m" : "4611686018457836677"
    }, {
      "d" : "1756460648531372838",
      "t" : 1756460648531,
      "tn" : 1756460648531372838,
      "q" : "4",
      "p" : "0.29367",
      "s" : "sell",
      "i" : "CRO_USDT",
      "m" : "4611686018457836676"
    }, {
      "d" : "1756460648428802955",
      "t" : 1756460648428,
      "tn" : 1756460648428802955,
      "q" : "4",
      "p" : "0.29369",
      "s" : "sell",
      "i" : "CRO_USDT",
      "m" : "4611686018457836675"
    }, {
      "d" : "1756460647242396989",
      "t" : 1756460647242,
      "tn" : 1756460647242396989,
      "q" : "4",
      "p" : "0.29375",
      "s" : "sell",
      "i" : "CRO_USDT",
      "m" : "4611686018457836674"
    }, {
      "d" : "1756460640461311275",
      "t" : 1756460640461,
      "tn" : 1756460640461311274,
      "q" : "256",
      "p" : "0.29362",
      "s" : "sell",
      "i" : "CRO_USDT",
      "m" : "4611686018457836673"
    }, {
      "d" : "1756460640461311274",
      "t" : 1756460640461,
      "tn" : 1756460640461311274,
      "q" : "4",
      "p" : "0.29362",
      "s" : "sell",
      "i" : "CRO_USDT",
      "m" : "4611686018457836673"
    }, {
      "d" : "1756460640325604539",
      "t" : 1756460640325,
      "tn" : 1756460640325604538,
      "q" : "506",
      "p" : "0.29378",
      "s" : "buy",
      "i" : "CRO_USDT",
      "m" : "4611686018457836672"
    }, {
      "d" : "1756460640325604538",
      "t" : 1756460640325,
      "tn" : 1756460640325604538,
      "q" : "7",
      "p" : "0.29378",
      "s" : "buy",
      "i" : "CRO_USDT",
      "m" : "4611686018457836672"
    }, {
      "d" : "1756460640325601096",
      "t" : 1756460640325,
      "tn" : 1756460640325601096,
      "q" : "340",
      "p" : "0.29377",
      "s" : "buy",
      "i" : "CRO_USDT",
      "m" : "4611686018457836671"
    }, {
      "d" : "1756460640325597999",
      "t" : 1756460640325,
      "tn" : 1756460640325597999,
      "q" : "4",
      "p" : "0.29361",
      "s" : "buy",
      "i" : "CRO_USDT",
      "m" : "4611686018457836670"
    }, {
      "d" : "1756460636530428506",
      "t" : 1756460636530,
      "tn" : 1756460636530428505,
      "q" : "460",
      "p" : "0.29369",
      "s" : "buy",
      "i" : "CRO_USDT",
      "m" : "4611686018457836669"
    }, {
      "d" : "1756460636530428505",
      "t" : 1756460636530,
      "tn" : 1756460636530428505,
      "q" : "641",
      "p" : "0.29369",
      "s" : "buy",
      "i" : "CRO_USDT",
      "m" : "4611686018457836669"
    }, {
      "d" : "1756460636530425576",
      "t" : 1756460636530,
      "tn" : 1756460636530425576,
      "q" : "769",
      "p" : "0.29368",
      "s" : "buy",
      "i" : "CRO_USDT",
      "m" : "4611686018457836668"
    }, {
      "d" : "1756460636529923520",
      "t" : 1756460636529,
      "tn" : 1756460636529923520,
      "q" : "443",
      "p" : "0.29368",
      "s" : "buy",
      "i" : "CRO_USDT",
      "m" : "4611686018457836667"
    }, {
      "d" : "1756460636529921942",
      "t" : 1756460636529,
      "tn" : 1756460636529921942,
      "q" : "641",
      "p" : "0.29366",
      "s" : "buy",
      "i" : "CRO_USDT",
      "m" : "4611686018457836666"
    }, {
      "d" : "1756460636529919382",
      "t" : 1756460636529,
      "tn" : 1756460636529919382,
      "q" : "340",
      "p" : "0.29361",
      "s" : "buy",
      "i" : "CRO_USDT",
      "m" : "4611686018457836665"
    }, {
      "d" : "1756460636529917685",
      "t" : 1756460636529,
      "tn" : 1756460636529917685,
      "q" : "4",
      "p" : "0.29359",
      "s" : "buy",
      "i" : "CRO_USDT",
      "m" : "4611686018457836664"
    }, {
      "d" : "1756460636529916164",
      "t" : 1756460636529,
      "tn" : 1756460636529916164,
      "q" : "7",
      "p" : "0.29355",
      "s" : "buy",
      "i" : "CRO_USDT",
      "m" : "4611686018457836663"
    }, {
      "d" : "1756460636443498505",
      "t" : 1756460636443,
      "tn" : 1756460636443498505,
      "q" : "4",
      "p" : "0.29354",
      "s" : "sell",
      "i" : "CRO_USDT",
      "m" : "4611686018457836662"
    }, {
      "d" : "1756460635842642438",
      "t" : 1756460635842,
      "tn" : 1756460635842642438,
      "q" : "4",
      "p" : "0.29354",
      "s" : "sell",
      "i" : "CRO_USDT",
      "m" : "4611686018457836661"
    }, {
      "d" : "1756460635742443592",
      "t" : 1756460635742,
      "tn" : 1756460635742443592,
      "q" : "4",
      "p" : "0.29354",
      "s" : "sell",
      "i" : "CRO_USDT",
      "m" : "4611686018457836660"
    }, {
      "d" : "1756460635642273161",
      "t" : 1756460635642,
      "tn" : 1756460635642273161,
      "q" : "4",
      "p" : "0.29354",
      "s" : "sell",
      "i" : "CRO_USDT",
      "m" : "4611686018457836659"
    }, {
      "d" : "1756460635588483678",
      "t" : 1756460635588,
      "tn" : 1756460635588483678,
      "q" : "4",
      "p" : "0.29354",
      "s" : "sell",
      "i" : "CRO_USDT",
      "m" : "4611686018457836658"
    }, {
      "d" : "1756460635145350449",
      "t" : 1756460635145,
      "tn" : 1756460635145350449,
      "q" : "4",
      "p" : "0.29350",
      "s" : "sell",
      "i" : "CRO_USDT",
      "m" : "4611686018457836657"
    }, {
      "d" : "1756460635115350837",
      "t" : 1756460635115,
      "tn" : 1756460635115350837,
      "q" : "4",
      "p" : "0.29353",
      "s" : "sell",
      "i" : "CRO_USDT",
      "m" : "4611686018457836656"
    }, {
      "d" : "1756460635100841724",
      "t" : 1756460635100,
      "tn" : 1756460635100841724,
      "q" : "4",
      "p" : "0.29354",
      "s" : "sell",
      "i" : "CRO_USDT",
      "m" : "4611686018457836655"
    }, {
      "d" : "1756460635060787061",
      "t" : 1756460635060,
      "tn" : 1756460635060787061,
      "q" : "4",
      "p" : "0.29354",
      "s" : "sell",
      "i" : "CRO_USDT",
      "m" : "4611686018457836654"
    }, {
      "d" : "1756460635049387057",
      "t" : 1756460635049,
      "tn" : 1756460635049387057,
      "q" : "4",
      "p" : "0.29352",
      "s" : "sell",
      "i" : "CRO_USDT",
      "m" : "4611686018457836653"
    }, {
      "d" : "1756460635000698767",
      "t" : 1756460635000,
      "tn" : 1756460635000698767,
      "q" : "4",
      "p" : "0.29353",
      "s" : "sell",
      "i" : "CRO_USDT",
      "m" : "4611686018457836652"
    }, {
      "d" : "1756460634673786369",
      "t" : 1756460634673,
      "tn" : 1756460634673786369,
      "q" : "4",
      "p" : "0.29354",
      "s" : "sell",
      "i" : "CRO_USDT",
      "m" : "4611686018457836651"
    }, {
      "d" : "1756460634544744760",
      "t" : 1756460634544,
      "tn" : 1756460634544744760,
      "q" : "4",
      "p" : "0.29357",
      "s" : "sell",
      "i" : "CRO_USDT",
      "m" : "4611686018457836650"
    }, {
      "d" : "1756460634527486330",
      "t" : 1756460634527,
      "tn" : 1756460634527486330,
      "q" : "4",
      "p" : "0.29357",
      "s" : "sell",
      "i" : "CRO_USDT",
      "m" : "4611686018457836649"
    }, {
      "d" : "1756460634448999813",
      "t" : 1756460634448,
      "tn" : 1756460634448999813,
      "q" : "4",
      "p" : "0.29355",
      "s" : "sell",
      "i" : "CRO_USDT",
      "m" : "4611686018457836648"
    }, {
      "d" : "1756460634422534150",
      "t" : 1756460634422,
      "tn" : 1756460634422534150,
      "q" : "4",
      "p" : "0.29354",
      "s" : "sell",
      "i" : "CRO_USDT",
      "m" : "4611686018457836647"
    }, {
      "d" : "1756460633932681768",
      "t" : 1756460633932,
      "tn" : 1756460633932681768,
      "q" : "4",
      "p" : "0.29355",
      "s" : "sell",
      "i" : "CRO_USDT",
      "m" : "4611686018457836646"
    }, {
      "d" : "1756460633716233157",
      "t" : 1756460633716,
      "tn" : 1756460633716233157,
      "q" : "4",
      "p" : "0.29356",
      "s" : "sell",
      "i" : "CRO_USDT",
      "m" : "4611686018457836645"
    }, {
      "d" : "1756460633542028624",
      "t" : 1756460633542,
      "tn" : 1756460633542028624,
      "q" : "4",
      "p" : "0.29356",
      "s" : "sell",
      "i" : "CRO_USDT",
      "m" : "4611686018457836644"
    }, {
      "d" : "1756460633521994380",
      "t" : 1756460633521,
      "tn" : 1756460633521994380,
      "q" : "4",
      "p" : "0.29356",
      "s" : "sell",
      "i" : "CRO_USDT",
      "m" : "4611686018457836643"
    }, {
      "d" : "1756460633362968131",
      "t" : 1756460633362,
      "tn" : 1756460633362968131,
      "q" : "4",
      "p" : "0.29355",
      "s" : "sell",
      "i" : "CRO_USDT",
      "m" : "4611686018457836642"
    }, {
      "d" : "1756460633347988659",
      "t" : 1756460633347,
      "tn" : 1756460633347988659,
      "q" : "4",
      "p" : "0.29356",
      "s" : "sell",
      "i" : "CRO_USDT",
      "m" : "4611686018457836641"
    }, {
      "d" : "1756460632779689544",
      "t" : 1756460632779,
      "tn" : 1756460632779689544,
      "q" : "4",
      "p" : "0.29351",
      "s" : "sell",
      "i" : "CRO_USDT",
      "m" : "4611686018457836640"
    }, {
      "d" : "1756460631892431087",
      "t" : 1756460631892,
      "tn" : 1756460631892431087,
      "q" : "4",
      "p" : "0.29346",
      "s" : "sell",
      "i" : "CRO_USDT",
      "m" : "4611686018457836639"
    }, {
      "d" : "1756460631522406085",
      "t" : 1756460631522,
      "tn" : 1756460631522406085,
      "q" : "4",
      "p" : "0.29354",
      "s" : "sell",
      "i" : "CRO_USDT",
      "m" : "4611686018457836638"
    }, {
      "d" : "1756460631443713385",
      "t" : 1756460631443,
      "tn" : 1756460631443713385,
      "q" : "4",
      "p" : "0.29354",
      "s" : "sell",
      "i" : "CRO_USDT",
      "m" : "4611686018457836637"
    }, {
      "d" : "1756460631342250256",
      "t" : 1756460631342,
      "tn" : 1756460631342250256,
      "q" : "4",
      "p" : "0.29354",
      "s" : "sell",
      "i" : "CRO_USDT",
      "m" : "4611686018457836636"
    }, {
      "d" : "1756460631242190701",
      "t" : 1756460631242,
      "tn" : 1756460631242190701,
      "q" : "4",
      "p" : "0.29354",
      "s" : "sell",
      "i" : "CRO_USDT",
      "m" : "4611686018457836635"
    }, {
      "d" : "1756460631143321828",
      "t" : 1756460631143,
      "tn" : 1756460631143321828,
      "q" : "4",
      "p" : "0.29354",
      "s" : "sell",
      "i" : "CRO_USDT",
      "m" : "4611686018457836634"
    }, {
      "d" : "1756460631042536274",
      "t" : 1756460631042,
      "tn" : 1756460631042536274,
      "q" : "4",
      "p" : "0.29354",
      "s" : "sell",
      "i" : "CRO_USDT",
      "m" : "4611686018457836633"
    }, {
      "d" : "1756460630942354030",
      "t" : 1756460630942,
      "tn" : 1756460630942354030,
      "q" : "4",
      "p" : "0.29354",
      "s" : "sell",
      "i" : "CRO_USDT",
      "m" : "4611686018457836632"
    }, {
      "d" : "1756460630842274843",
      "t" : 1756460630842,
      "tn" : 1756460630842274843,
      "q" : "4",
      "p" : "0.29354",
      "s" : "sell",
      "i" : "CRO_USDT",
      "m" : "4611686018457836631"
    }, {
      "d" : "1756460630745743445",
      "t" : 1756460630745,
      "tn" : 1756460630745743445,
      "q" : "4",
      "p" : "0.29354",
      "s" : "sell",
      "i" : "CRO_USDT",
      "m" : "4611686018457836630"
    }, {
      "d" : "1756460630679847922",
      "t" : 1756460630679,
      "tn" : 1756460630679847922,
      "q" : "4",
      "p" : "0.29355",
      "s" : "sell",
      "i" : "CRO_USDT",
      "m" : "4611686018457836629"
    }, {
      "d" : "1756460630643695466",
      "t" : 1756460630643,
      "tn" : 1756460630643695466,
      "q" : "4",
      "p" : "0.29356",
      "s" : "sell",
      "i" : "CRO_USDT",
      "m" : "4611686018457836628"
    }, {
      "d" : "1756460630546201987",
      "t" : 1756460630546,
      "tn" : 1756460630546201987,
      "q" : "4",
      "p" : "0.29358",
      "s" : "sell",
      "i" : "CRO_USDT",
      "m" : "4611686018457836627"
    }, {
      "d" : "1756460630524510942",
      "t" : 1756460630524,
      "tn" : 1756460630524510942,
      "q" : "4",
      "p" : "0.29356",
      "s" : "sell",
      "i" : "CRO_USDT",
      "m" : "4611686018457836626"
    }, {
      "d" : "1756460630444797761",
      "t" : 1756460630444,
      "tn" : 1756460630444797761,
      "q" : "4",
      "p" : "0.29356",
      "s" : "sell",
      "i" : "CRO_USDT",
      "m" : "4611686018457836625"
    }, {
      "d" : "1756460630389733506",
      "t" : 1756460630389,
      "tn" : 1756460630389733506,
      "q" : "4",
      "p" : "0.29356",
      "s" : "sell",
      "i" : "CRO_USDT",
      "m" : "4611686018457836624"
    }, {
      "d" : "1756460630349723471",
      "t" : 1756460630349,
      "tn" : 1756460630349723471,
      "q" : "4",
      "p" : "0.29356",
      "s" : "sell",
      "i" : "CRO_USDT",
      "m" : "4611686018457836623"
    }, {
      "d" : "1756460630244511307",
      "t" : 1756460630244,
      "tn" : 1756460630244511307,
      "q" : "4",
      "p" : "0.29358",
      "s" : "sell",
      "i" : "CRO_USDT",
      "m" : "4611686018457836622"
    }, {
      "d" : "1756460630149288948",
      "t" : 1756460630149,
      "tn" : 1756460630149288948,
      "q" : "4",
      "p" : "0.29360",
      "s" : "sell",
      "i" : "CRO_USDT",
      "m" : "4611686018457836621"
    }, {
      "d" : "1756460630043709270",
      "t" : 1756460630043,
      "tn" : 1756460630043709270,
      "q" : "4",
      "p" : "0.29360",
      "s" : "sell",
      "i" : "CRO_USDT",
      "m" : "4611686018457836620"
    }, {
      "d" : "1756460629943801510",
      "t" : 1756460629943,
      "tn" : 1756460629943801510,
      "q" : "4",
      "p" : "0.29360",
      "s" : "sell",
      "i" : "CRO_USDT",
      "m" : "4611686018457836619"
    }, {
      "d" : "1756460629843615788",
      "t" : 1756460629843,
      "tn" : 1756460629843615788,
      "q" : "4",
      "p" : "0.29360",
      "s" : "sell",
      "i" : "CRO_USDT",
      "m" : "4611686018457836618"
    }, {
      "d" : "1756460629743489437",
      "t" : 1756460629743,
      "tn" : 1756460629743489437,
      "q" : "4",
      "p" : "0.29361",
      "s" : "sell",
      "i" : "CRO_USDT",
      "m" : "4611686018457836617"
    }, {
      "d" : "1756460629643154515",
      "t" : 1756460629643,
      "tn" : 1756460629643154515,
      "q" : "4",
      "p" : "0.29361",
      "s" : "sell",
      "i" : "CRO_USDT",
      "m" : "4611686018457836616"
    }, {
      "d" : "1756460629548061882",
      "t" : 1756460629548,
      "tn" : 1756460629548061882,
      "q" : "4",
      "p" : "0.29359",
      "s" : "sell",
      "i" : "CRO_USDT",
      "m" : "4611686018457836615"
    }, {
      "d" : "1756460629522475407",
      "t" : 1756460629522,
      "tn" : 1756460629522475407,
      "q" : "4",
      "p" : "0.29359",
      "s" : "sell",
      "i" : "CRO_USDT",
      "m" : "4611686018457836614"
    }, {
      "d" : "1756460629447333919",
      "t" : 1756460629447,
      "tn" : 1756460629447333919,
      "q" : "4",
      "p" : "0.29361",
      "s" : "sell",
      "i" : "CRO_USDT",
      "m" : "4611686018457836613"
    }, {
      "d" : "1756460629442305005",
      "t" : 1756460629442,
      "tn" : 1756460629442305005,
      "q" : "4",
      "p" : "0.29362",
      "s" : "sell",
      "i" : "CRO_USDT",
      "m" : "4611686018457836612"
    }, {
      "d" : "1756460629342182935",
      "t" : 1756460629342,
      "tn" : 1756460629342182935,
      "q" : "4",
      "p" : "0.29364",
      "s" : "sell",
      "i" : "CRO_USDT",
      "m" : "4611686018457836611"
    }, {
      "d" : "1756460629242109259",
      "t" : 1756460629242,
      "tn" : 1756460629242109259,
      "q" : "4",
      "p" : "0.29364",
      "s" : "sell",
      "i" : "CRO_USDT",
      "m" : "4611686018457836610"
    }, {
      "d" : "1756460629130501743",
      "t" : 1756460629130,
      "tn" : 1756460629130501743,
      "q" : "4",
      "p" : "0.29364",
      "s" : "sell",
      "i" : "CRO_USDT",
      "m" : "4611686018457836609"
    }, {
      "d" : "1756460628943359421",
      "t" : 1756460628943,
      "tn" : 1756460628943359421,
      "q" : "4",
      "p" : "0.29364",
      "s" : "sell",
      "i" : "CRO_USDT",
      "m" : "4611686018457836608"
    }, {
      "d" : "1756460628843288058",
      "t" : 1756460628843,
      "tn" : 1756460628843288058,
      "q" : "4",
      "p" : "0.29364",
      "s" : "sell",
      "i" : "CRO_USDT",
      "m" : "4611686018457836607"
    }, {
      "d" : "1756460628765730953",
      "t" : 1756460628765,
      "tn" : 1756460628765730953,
      "q" : "4",
      "p" : "0.29364",
      "s" : "sell",
      "i" : "CRO_USDT",
      "m" : "4611686018457836606"
    }, {
      "d" : "1756460628659838228",
      "t" : 1756460628659,
      "tn" : 1756460628659838228,
      "q" : "4",
      "p" : "0.29364",
      "s" : "sell",
      "i" : "CRO_USDT",
      "m" : "4611686018457836605"
    }, {
      "d" : "1756460628527691592",
      "t" : 1756460628527,
      "tn" : 1756460628527691592,
      "q" : "4",
      "p" : "0.29364",
      "s" : "sell",
      "i" : "CRO_USDT",
      "m" : "4611686018457836604"
    }, {
      "d" : "1756460628467537039",
      "t" : 1756460628467,
      "tn" : 1756460628467537039,
      "q" : "4",
      "p" : "0.29364",
      "s" : "sell",
      "i" : "CRO_USDT",
      "m" : "4611686018457836603"
    }, {
      "d" : "1756460628452502246",
      "t" : 1756460628452,
      "tn" : 1756460628452502246,
      "q" : "4",
      "p" : "0.29364",
      "s" : "sell",
      "i" : "CRO_USDT",
      "m" : "4611686018457836602"
    }, {
      "d" : "1756460628442482878",
      "t" : 1756460628442,
      "tn" : 1756460628442482878,
      "q" : "4",
      "p" : "0.29364",
      "s" : "sell",
      "i" : "CRO_USDT",
      "m" : "4611686018457836601"
    }, {
      "d" : "1756460628422509417",
      "t" : 1756460628422,
      "tn" : 1756460628422509417,
      "q" : "4",
      "p" : "0.29363",
      "s" : "sell",
      "i" : "CRO_USDT",
      "m" : "4611686018457836600"
    }, {
      "d" : "1756460628372806078",
      "t" : 1756460628372,
      "tn" : 1756460628372806078,
      "q" : "4",
      "p" : "0.29363",
      "s" : "sell",
      "i" : "CRO_USDT",
      "m" : "4611686018457836599"
    }, {
      "d" : "1756460628347382541",
      "t" : 1756460628347,
      "tn" : 1756460628347382541,
      "q" : "4",
      "p" : "0.29363",
      "s" : "sell",
      "i" : "CRO_USDT",
      "m" : "4611686018457836598"
    }, {
      "d" : "1756460628243839822",
      "t" : 1756460628243,
      "tn" : 1756460628243839822,
      "q" : "4",
      "p" : "0.29363",
      "s" : "sell",
      "i" : "CRO_USDT",
      "m" : "4611686018457836597"
    }, {
      "d" : "1756460628222295922",
      "t" : 1756460628222,
      "tn" : 1756460628222295922,
      "q" : "4",
      "p" : "0.29367",
      "s" : "sell",
      "i" : "CRO_USDT",
      "m" : "4611686018457836596"
    }, {
      "d" : "1756460628153797788",
      "t" : 1756460628153,
      "tn" : 1756460628153797788,
      "q" : "4",
      "p" : "0.29369",
      "s" : "sell",
      "i" : "CRO_USDT",
      "m" : "4611686018457836595"
    }, {
      "d" : "1756460628044528222",
      "t" : 1756460628044,
      "tn" : 1756460628044528222,
      "q" : "4",
      "p" : "0.29369",
      "s" : "sell",
      "i" : "CRO_USDT",
      "m" : "4611686018457836594"
    }, {
      "d" : "1756460627953476667",
      "t" : 1756460627953,
      "tn" : 1756460627953476667,
      "q" : "4",
      "p" : "0.29369",
      "s" : "sell",
      "i" : "CRO_USDT",
      "m" : "4611686018457836593"
    }, {
      "d" : "1756460627844117524",
      "t" : 1756460627844,
      "tn" : 1756460627844117524,
      "q" : "4",
      "p" : "0.29369",
      "s" : "sell",
      "i" : "CRO_USDT",
      "m" : "4611686018457836592"
    }, {
      "d" : "1756460627748702119",
      "t" : 1756460627748,
      "tn" : 1756460627748702119,
      "q" : "4",
      "p" : "0.29372",
      "s" : "sell",
      "i" : "CRO_USDT",
      "m" : "4611686018457836591"
    }, {
      "d" : "1756460627703659451",
      "t" : 1756460627703,
      "tn" : 1756460627703659451,
      "q" : "4",
      "p" : "0.29369",
      "s" : "sell",
      "i" : "CRO_USDT",
      "m" : "4611686018457836590"
    }, {
      "d" : "1756460627681106399",
      "t" : 1756460627681,
      "tn" : 1756460627681106399,
      "q" : "4",
      "p" : "0.29370",
      "s" : "sell",
      "i" : "CRO_USDT",
      "m" : "4611686018457836589"
    }, {
      "d" : "1756460627147173320",
      "t" : 1756460627147,
      "tn" : 1756460627147173320,
      "q" : "4",
      "p" : "0.29372",
      "s" : "sell",
      "i" : "CRO_USDT",
      "m" : "4611686018457836588"
    }, {
      "d" : "1756460627132127798",
      "t" : 1756460627132,
      "tn" : 1756460627132127798,
      "q" : "4",
      "p" : "0.29372",
      "s" : "sell",
      "i" : "CRO_USDT",
      "m" : "4611686018457836587"
    }, {
      "d" : "1756460627124847216",
      "t" : 1756460627124,
      "tn" : 1756460627124847216,
      "q" : "4",
      "p" : "0.29372",
      "s" : "sell",
      "i" : "CRO_USDT",
      "m" : "4611686018457836586"
    }, {
      "d" : "1756460627047049393",
      "t" : 1756460627047,
      "tn" : 1756460627047049393,
      "q" : "4",
      "p" : "0.29374",
      "s" : "sell",
      "i" : "CRO_USDT",
      "m" : "4611686018457836585"
    }, {
      "d" : "1756460627019851122",
      "t" : 1756460627019,
      "tn" : 1756460627019851122,
      "q" : "4",
      "p" : "0.29376",
      "s" : "sell",
      "i" : "CRO_USDT",
      "m" : "4611686018457836584"
    }, {
      "d" : "1756460625900994865",
      "t" : 1756460625900,
      "tn" : 1756460625900994865,
      "q" : "4",
      "p" : "0.29378",
      "s" : "sell",
      "i" : "CRO_USDT",
      "m" : "4611686018457836583"
    }, {
      "d" : "1756460625720773492",
      "t" : 1756460625720,
      "tn" : 1756460625720773492,
      "q" : "4",
      "p" : "0.29379",
      "s" : "sell",
      "i" : "CRO_USDT",
      "m" : "4611686018457836582"
    }, {
      "d" : "1756460625608818813",
      "t" : 1756460625608,
      "tn" : 1756460625608818813,
      "q" : "4",
      "p" : "0.29380",
      "s" : "sell",
      "i" : "CRO_USDT",
      "m" : "4611686018457836581"
    }, {
      "d" : "1756460625553124846",
      "t" : 1756460625553,
      "tn" : 1756460625553124846,
      "q" : "4",
      "p" : "0.29387",
      "s" : "sell",
      "i" : "CRO_USDT",
      "m" : "4611686018457836580"
    }, {
      "d" : "1756460621234524192",
      "t" : 1756460621234,
      "tn" : 1756460621234524192,
      "q" : "256",
      "p" : "0.29388",
      "s" : "sell",
      "i" : "CRO_USDT",
      "m" : "4611686018457836579"
    }, {
      "d" : "1756460620329519765",
      "t" : 1756460620329,
      "tn" : 1756460620329519765,
      "q" : "4",
      "p" : "0.29405",
      "s" : "sell",
      "i" : "CRO_USDT",
      "m" : "4611686018457836578"
    }, {
      "d" : "1756460620250390137",
      "t" : 1756460620250,
      "tn" : 1756460620250390137,
      "q" : "5696",
      "p" : "0.29378",
      "s" : "sell",
      "i" : "CRO_USDT",
      "m" : "4611686018457836577"
    }, {
      "d" : "1756460620250388649",
      "t" : 1756460620250,
      "tn" : 1756460620250388649,
      "q" : "5985",
      "p" : "0.29379",
      "s" : "sell",
      "i" : "CRO_USDT",
      "m" : "4611686018457836576"
    }, {
      "d" : "1756460620250387639",
      "t" : 1756460620250,
      "tn" : 1756460620250387639,
      "q" : "641",
      "p" : "0.29380",
      "s" : "sell",
      "i" : "CRO_USDT",
      "m" : "4611686018457836575"
    }, {
      "d" : "1756460620250384796",
      "t" : 1756460620250,
      "tn" : 1756460620250384796,
      "q" : "2560",
      "p" : "0.29385",
      "s" : "sell",
      "i" : "CRO_USDT",
      "m" : "4611686018457836574"
    }, {
      "d" : "1756460620250382331",
      "t" : 1756460620250,
      "tn" : 1756460620250382331,
      "q" : "768",
      "p" : "0.29386",
      "s" : "sell",
      "i" : "CRO_USDT",
      "m" : "4611686018457836573"
    }, {
      "d" : "1756460620250379518",
      "t" : 1756460620250,
      "tn" : 1756460620250379517,
      "q" : "2237",
      "p" : "0.29390",
      "s" : "sell",
      "i" : "CRO_USDT",
      "m" : "4611686018457836572"
    }, {
      "d" : "1756460620250379517",
      "t" : 1756460620250,
      "tn" : 1756460620250379517,
      "q" : "641",
      "p" : "0.29390",
      "s" : "sell",
      "i" : "CRO_USDT",
      "m" : "4611686018457836572"
    }, {
      "d" : "1756460620250375829",
      "t" : 1756460620250,
      "tn" : 1756460620250375829,
      "q" : "863",
      "p" : "0.29391",
      "s" : "sell",
      "i" : "CRO_USDT",
      "m" : "4611686018457836571"
    }, {
      "d" : "1756460620250373655",
      "t" : 1756460620250,
      "tn" : 1756460620250373655,
      "q" : "3315",
      "p" : "0.29393",
      "s" : "sell",
      "i" : "CRO_USDT",
      "m" : "4611686018457836570"
    }, {
      "d" : "1756460620250370895",
      "t" : 1756460620250,
      "tn" : 1756460620250370895,
      "q" : "995",
      "p" : "0.29394",
      "s" : "sell",
      "i" : "CRO_USDT",
      "m" : "4611686018457836569"
    }, {
      "d" : "1756460620250368301",
      "t" : 1756460620250,
      "tn" : 1756460620250368301,
      "q" : "4",
      "p" : "0.29406",
      "s" : "sell",
      "i" : "CRO_USDT",
      "m" : "4611686018457836568"
    }, {
      "d" : "1756460620250365947",
      "t" : 1756460620250,
      "tn" : 1756460620250365947,
      "q" : "256",
      "p" : "0.29408",
      "s" : "sell",
      "i" : "CRO_USDT",
      "m" : "4611686018457836567"
    }, {
      "d" : "1756460617300773017",
      "t" : 1756460617300,
      "tn" : 1756460617300773017,
      "q" : "4",
      "p" : "0.29395",
      "s" : "buy",
      "i" : "CRO_USDT",
      "m" : "4611686018457836566"
    }, {
      "d" : "1756460614210744232",
      "t" : 1756460614210,
      "tn" : 1756460614210744232,
      "q" : "7",
      "p" : "0.29389",
      "s" : "buy",
      "i" : "CRO_USDT",
      "m" : "4611686018457836565"
    }, {
      "d" : "1756460611429707165",
      "t" : 1756460611429,
      "tn" : 1756460611429707165,
      "q" : "4",
      "p" : "0.29370",
      "s" : "buy",
      "i" : "CRO_USDT",
      "m" : "4611686018457836564"
    }, {
      "d" : "1756460611399488379",
      "t" : 1756460611399,
      "tn" : 1756460611399488379,
      "q" : "4",
      "p" : "0.29370",
      "s" : "buy",
      "i" : "CRO_USDT",
      "m" : "4611686018457836563"
    }, {
      "d" : "1756460610298004163",
      "t" : 1756460610298,
      "tn" : 1756460610298004163,
      "q" : "459",
      "p" : "0.29386",
      "s" : "buy",
      "i" : "CRO_USDT",
      "m" : "4611686018457836562"
    }, {
      "d" : "1756460610298002475",
      "t" : 1756460610298,
      "tn" : 1756460610298002475,
      "q" : "2241",
      "p" : "0.29384",
      "s" : "buy",
      "i" : "CRO_USDT",
      "m" : "4611686018457836561"
    }, {
      "d" : "1756460610297999992",
      "t" : 1756460610297,
      "tn" : 1756460610297999992,
      "q" : "850",
      "p" : "0.29383",
      "s" : "buy",
      "i" : "CRO_USDT",
      "m" : "4611686018457836560"
    }, {
      "d" : "1756460610297997788",
      "t" : 1756460610297,
      "tn" : 1756460610297997788,
      "q" : "7",
      "p" : "0.29379",
      "s" : "buy",
      "i" : "CRO_USDT",
      "m" : "4611686018457836559"
    }, {
      "d" : "1756460610297995729",
      "t" : 1756460610297,
      "tn" : 1756460610297995729,
      "q" : "7",
      "p" : "0.29378",
      "s" : "buy",
      "i" : "CRO_USDT",
      "m" : "4611686018457836558"
    }, {
      "d" : "1756460607790789374",
      "t" : 1756460607790,
      "tn" : 1756460607790789374,
      "q" : "445",
      "p" : "0.29377",
      "s" : "buy",
      "i" : "CRO_USDT",
      "m" : "4611686018457836557"
    }, {
      "d" : "1756460607790786241",
      "t" : 1756460607790,
      "tn" : 1756460607790786241,
      "q" : "642",
      "p" : "0.29377",
      "s" : "buy",
      "i" : "CRO_USDT",
      "m" : "4611686018457836556"
    }, {
      "d" : "1756460607790744261",
      "t" : 1756460607790,
      "tn" : 1756460607790744261,
      "q" : "1537",
      "p" : "0.29377",
      "s" : "buy",
      "i" : "CRO_USDT",
      "m" : "4611686018457836555"
    }, {
      "d" : "1756460607790028932",
      "t" : 1756460607790,
      "tn" : 1756460607790028932,
      "q" : "757",
      "p" : "0.29377",
      "s" : "buy",
      "i" : "CRO_USDT",
      "m" : "4611686018457836554"
    }, {
      "d" : "1756460607790027181",
      "t" : 1756460607790,
      "tn" : 1756460607790027181,
      "q" : "873",
      "p" : "0.29376",
      "s" : "buy",
      "i" : "CRO_USDT",
      "m" : "4611686018457836553"
    }, {
      "d" : "1756460607790024547",
      "t" : 1756460607790,
      "tn" : 1756460607790024546,
      "q" : "256",
      "p" : "0.29362",
      "s" : "buy",
      "i" : "CRO_USDT",
      "m" : "4611686018457836552"
    }, {
      "d" : "1756460607790024546",
      "t" : 1756460607790,
      "tn" : 1756460607790024546,
      "q" : "4",
      "p" : "0.29362",
      "s" : "buy",
      "i" : "CRO_USDT",
      "m" : "4611686018457836552"
    }, {
      "d" : "1756460606206504114",
      "t" : 1756460606206,
      "tn" : 1756460606206504114,
      "q" : "144",
      "p" : "0.29370",
      "s" : "sell",
      "i" : "CRO_USDT",
      "m" : "4611686018457836551"
    }, {
      "d" : "1756460606205799056",
      "t" : 1756460606205,
      "tn" : 1756460606205799056,
      "q" : "58",
      "p" : "0.29370",
      "s" : "sell",
      "i" : "CRO_USDT",
      "m" : "4611686018457836550"
    }, {
      "d" : "1756460602259997934",
      "t" : 1756460602259,
      "tn" : 1756460602259997934,
      "q" : "132",
      "p" : "0.29380",
      "s" : "buy",
      "i" : "CRO_USDT",
      "m" : "4611686018457836549"
    }, {
      "d" : "1756460602259996504",
      "t" : 1756460602259,
      "tn" : 1756460602259996504,
      "q" : "4",
      "p" : "0.29364",
      "s" : "buy",
      "i" : "CRO_USDT",
      "m" : "4611686018457836548"
    }, {
      "d" : "1756460600267710777",
      "t" : 1756460600267,
      "tn" : 1756460600267710777,
      "q" : "7",
      "p" : "0.29345",
      "s" : "buy",
      "i" : "CRO_USDT",
      "m" : "4611686018457836547"
    }, {
      "d" : "1756460596328675914",
      "t" : 1756460596328,
      "tn" : 1756460596328675914,
      "q" : "256",
      "p" : "0.29338",
      "s" : "sell",
      "i" : "CRO_USDT",
      "m" : "4611686018457836546"
    }, {
      "d" : "1756460588344967080",
      "t" : 1756460588344,
      "tn" : 1756460588344967079,
      "q" : "256",
      "p" : "0.29382",
      "s" : "sell",
      "i" : "CRO_USDT",
      "m" : "4611686018457836545"
    }, {
      "d" : "1756460588344967079",
      "t" : 1756460588344,
      "tn" : 1756460588344967079,
      "q" : "4",
      "p" : "0.29382",
      "s" : "sell",
      "i" : "CRO_USDT",
      "m" : "4611686018457836545"
    }, {
      "d" : "1756460587263379782",
      "t" : 1756460587263,
      "tn" : 1756460587263379782,
      "q" : "4",
      "p" : "0.29381",
      "s" : "buy",
      "i" : "CRO_USDT",
      "m" : "4611686018457836544"
    }, {
      "d" : "1756460587204407358",
      "t" : 1756460587204,
      "tn" : 1756460587204407358,
      "q" : "841",
      "p" : "0.29391",
      "s" : "buy",
      "i" : "CRO_USDT",
      "m" : "4611686018457836543"
    }, {
      "d" : "1756460587203106243",
      "t" : 1756460587203,
      "tn" : 1756460587203106243,
      "q" : "279",
      "p" : "0.29391",
      "s" : "buy",
      "i" : "CRO_USDT",
      "m" : "4611686018457836542"
    }, {
      "d" : "1756460587203104360",
      "t" : 1756460587203,
      "tn" : 1756460587203104360,
      "q" : "3364",
      "p" : "0.29387",
      "s" : "buy",
      "i" : "CRO_USDT",
      "m" : "4611686018457836541"
    }, {
      "d" : "1756460587203101157",
      "t" : 1756460587203,
      "tn" : 1756460587203101157,
      "q" : "7",
      "p" : "0.29384",
      "s" : "buy",
      "i" : "CRO_USDT",
      "m" : "4611686018457836540"
    }, {
      "d" : "1756460580724390552",
      "t" : 1756460580724,
      "tn" : 1756460580724390552,
      "q" : "641",
      "p" : "0.29358",
      "s" : "sell",
      "i" : "CRO_USDT",
      "m" : "4611686018457836539"
    }, {
      "d" : "1756460580723748427",
      "t" : 1756460580723,
      "tn" : 1756460580723748427,
      "q" : "260",
      "p" : "0.29358",
      "s" : "sell",
      "i" : "CRO_USDT",
      "m" : "4611686018457836538"
    }, {
      "d" : "1756460580322058867",
      "t" : 1756460580322,
      "tn" : 1756460580322058867,
      "q" : "641",
      "p" : "0.29379",
      "s" : "buy",
      "i" : "CRO_USDT",
      "m" : "4611686018457836537"
    }, {
      "d" : "1756460580322056523",
      "t" : 1756460580322,
      "tn" : 1756460580322056523,
      "q" : "7",
      "p" : "0.29371",
      "s" : "buy",
      "i" : "CRO_USDT",
      "m" : "4611686018457836536"
    }, {
      "d" : "1756460580322054115",
      "t" : 1756460580322,
      "tn" : 1756460580322054115,
      "q" : "4",
      "p" : "0.29357",
      "s" : "buy",
      "i" : "CRO_USDT",
      "m" : "4611686018457836535"
    } ]
  }
}