{
  "id" : -1,
  "method" : "public/get-trades",
  "code" : 0,
  "result" : {
    "data" : [ {
      "d" : "1756460560511437063",
      "t" : 1756460560511,
      "tn" : 1756460560511437063,
      "q" : "671",
      "p" : "0.0000026753",
      "s" : "sell",
      "i" : "CRO_BTC",
      "m" : "4611686018439761372"
    }, {
      "d" : "1756460536111340856",
      "t" : 1756460536111,
      "tn" : 1756460536111340856,
      "q" : "68",
      "p" : "0.0000026801",
      "s" : "buy",
      "i" : "CRO_BTC",
      "m" : "4611686018439761371"
    }, {
      "d" : "1756460535960412037",
      "t" : 1756460535960,
      "tn" : 1756460535960412037,
      "q" : "7",
      "p" : "0.0000026800",
      "s" : "buy",
      "i" : "CRO_BTC",
      "m" : "4611686018439761370"
    }, {
      "d" : "1756460527537833513",
      "t" : 1756460527537,
      "tn" : 1756460527537833513,
      "q" : "18",
      "p" : "0.0000026788",
      "s" : "buy",
      "i" : "CRO_BTC",
      "m" : "4611686018439761369"
    }, {
      "d" : "1756460525570236046",
      "t" : 1756460525570,
      "tn" : 1756460525570236046,
      "q" : "7",
      "p" : "0.0000026771",
      "s" : "buy",
      "i" : "CRO_BTC",
      "m" : "4611686018439761368"
    }, {
      "d" : "1756460488482226787",
      "t" : 1756460488482,
      "tn" : 1756460488482226787,
      "q" : "471",
      "p" : "0.0000026807",
      "s" : "buy",
      "i" : "CRO_BTC",
      "m" : "4611686018439761367"
    }, {
      "d" : "1756460488480020773",
      "t" : 1756460488480,
      "tn" : 1756460488480020773,
      "q" : "244",
      "p" : "0.0000026807",
      "s" : "buy",
      "i" : "CRO_BTC",
      "m" : "4611686018439761366"
    }, {
      "d" : "1756460488480019054",
      "t" : 1756460488480,
      "tn" : 1756460488480019054,
      "q" : "97",
      "p" : "0.0000026796",
      "s" : "buy",
      "i" : "CRO_BTC",
      "m" : "4611686018439761365"
    }, {
      "d" : "1756460488401751140",
      "t" : 1756460488401,
      "tn" : 1756460488401751140,
      "q" : "653",
      "p" : "0.0000026783",
      "s" : "buy",
      "i" : "CRO_BTC",
      "m" : "4611686018439761364"
    }, {
      "d" : "1756460488354698329",
      "t" : 1756460488354,
      "tn" : 1756460488354698329,
      "q" : "7",
      "p" : "0.0000026763",
      "s" : "buy",
      "i" : "CRO_BTC",
      "m" : "4611686018439761363"
    }, {
      "d" : "1756460477675982033",
      "t" : 1756460477675,
      "tn" : 1756460477675982033,
      "q" : "653",
      "p" : "0.0000026751",
      "s" : "buy",
      "i" : "CRO_BTC",
      "m" : "4611686018439761362"
    }, {
      "d" : "1756460477668164720",
      "t" : 1756460477668,
      "tn" : 1756460477668164720,
      "q" : "1246",
      "p" : "0.0000026749",
      "s" : "buy",
      "i" : "CRO_BTC",
      "m" : "4611686018439761361"
    }, {
      "d" : "1756460477528701103",
      "t" : 1756460477528,
      "tn" : 1756460477528701103,
      "q" : "651",
      "p" : "0.0000026693",
      "s" : "buy",
      "i" : "CRO_BTC",
      "m" : "4611686018439761360"
    }, {
      "d" : "1756460477520738973",
      "t" : 1756460477520,
      "tn" : 1756460477520738973,
      "q" : "1228",
      "p" : "0.0000026693",
      "s" : "buy",
      "i" : "CRO_BTC",
      "m" : "4611686018439761359"
    }, {
      "d" : "1756460477516664907",
      "t" : 1756460477516,
      "tn" : 1756460477516664907,
      "q" : "107",
      "p" : "0.0000026693",
      "s" : "buy",
      "i" : "CRO_BTC",
      "m" : "4611686018439761358"
    }, {
      "d" : "1756460477516420100",
      "t" : 1756460477516,
      "tn" : 1756460477516420100,
      "q" : "1879",
      "p" : "0.0000026693",
      "s" : "buy",
      "i" : "CRO_BTC",
      "m" : "4611686018439761357"
    }, {
      "d" : "1756460476555936267",
      "t" : 1756460476555,
      "tn" : 1756460476555936267,
      "q" : "13",
      "p" : "0.0000026693",
      "s" : "buy",
      "i" : "CRO_BTC",
      "m" : "4611686018439761356"
    }, {
      "d" : "1756460476050527499",
      "t" : 1756460476050,
      "tn" : 1756460476050527499,
      "q" : "41",
      "p" : "0.0000026693",
      "s" : "buy",
      "i" : "CRO_BTC",
      "m" : "4611686018439761355"
    }, {
      "d" : "1756460475906271558",
      "t" : 1756460475906,
      "tn" : 1756460475906271558,
      "q" : "717",
      "p" : "0.0000026693",
      "s" : "buy",
      "i" : "CRO_BTC",
      "m" : "4611686018439761354"
    }, {
      "d" : "1756460475898923859",
      "t" : 1756460475898,
      "tn" : 1756460475898923859,
      "q" : "5598",
      "p" : "0.0000026693",
      "s" : "buy",
      "i" : "CRO_BTC",
      "m" : "4611686018439761353"
    }, {
      "d" : "1756460475819715002",
      "t" : 1756460475819,
      "tn" : 1756460475819715002,
      "q" : "154",
      "p" : "0.0000026693",
      "s" : "buy",
      "i" : "CRO_BTC",
      "m" : "4611686018439761352"
    }, {
      "d" : "1756460475805867355",
      "t" : 1756460475805,
      "tn" : 1756460475805867355,
      "q" : "307",
      "p" : "0.0000026693",
      "s" : "buy",
      "i" : "CRO_BTC",
      "m" : "4611686018439761351"
    }, {
      "d" : "1756460475796084796",
      "t" : 1756460475796,
      "tn" : 1756460475796084796,
      "q" : "154",
      "p" : "0.0000026693",
      "s" : "buy",
      "i" : "CRO_BTC",
      "m" : "4611686018439761350"
    }, {
      "d" : "1756460475790872727",
      "t" : 1756460475790,
      "tn" : 1756460475790872727,
      "q" : "1267",
      "p" : "0.0000026693",
      "s" : "buy",
      "i" : "CRO_BTC",
      "m" : "4611686018439761349"
    }, {
      "d" : "1756460475790019218",
      "t" : 1756460475790,
      "tn" : 1756460475790019218,
      "q" : "7033",
      "p" : "0.0000026693",
      "s" : "buy",
      "i" : "CRO_BTC",
      "m" : "4611686018439761348"
    }, {
      "d" : "1756460475788841215",
      "t" : 1756460475788,
      "tn" : 1756460475788841215,
      "q" : "5291",
      "p" : "0.0000026693",
      "s" : "buy",
      "i" : "CRO_BTC",
      "m" : "4611686018439761347"
    }, {
      "d" : "1756460475787670501",
      "t" : 1756460475787,
      "tn" : 1756460475787670501,
      "q" : "154",
      "p" : "0.0000026693",
      "s" : "buy",
      "i" : "CRO_BTC",
      "m" : "4611686018439761346"
    }, {
      "d" : "1756460475783333305",
      "t" : 1756460475783,
      "tn" : 1756460475783333305,
      "q" : "307",
      "p" : "0.0000026693",
      "s" : "buy",
      "i" : "CRO_BTC",
      "m" : "4611686018439761345"
    }, {
      "d" : "1756460475715971002",
      "t" : 1756460475715,
      "tn" : 1756460475715971002,
      "q" : "154",
      "p" : "0.0000026693",
      "s" : "buy",
      "i" : "CRO_BTC",
      "m" : "4611686018439761344"
    }, {
      "d" : "1756460475713719309",
      "t" : 1756460475713,
      "tn" : 1756460475713719309,
      "q" : "250",
      "p" : "0.0000026693",
      "s" : "buy",
      "i" : "CRO_BTC",
      "m" : "4611686018439761343"
    }, {
      "d" : "1756460475685407687",
      "t" : 1756460475685,
      "tn" : 1756460475685407687,
      "q" : "154",
      "p" : "0.0000026693",
      "s" : "buy",
      "i" : "CRO_BTC",
      "m" : "4611686018439761342"
    }, {
      "d" : "1756460475681225331",
      "t" : 1756460475681,
      "tn" : 1756460475681225331,
      "q" : "1932",
      "p" : "0.0000026693",
      "s" : "buy",
      "i" : "CRO_BTC",
      "m" : "4611686018439761341"
    }, {
      "d" : "1756460475678689415",
      "t" : 1756460475678,
      "tn" : 1756460475678689415,
      "q" : "458",
      "p" : "0.0000026693",
      "s" : "buy",
      "i" : "CRO_BTC",
      "m" : "4611686018439761340"
    }, {
      "d" : "1756460475677170934",
      "t" : 1756460475677,
      "tn" : 1756460475677170934,
      "q" : "154",
      "p" : "0.0000026693",
      "s" : "buy",
      "i" : "CRO_BTC",
      "m" : "4611686018439761339"
    }, {
      "d" : "1756460475672627975",
      "t" : 1756460475672,
      "tn" : 1756460475672627975,
      "q" : "22",
      "p" : "0.0000026693",
      "s" : "buy",
      "i" : "CRO_BTC",
      "m" : "4611686018439761338"
    }, {
      "d" : "1756460475664952693",
      "t" : 1756460475664,
      "tn" : 1756460475664952693,
      "q" : "154",
      "p" : "0.0000026693",
      "s" : "buy",
      "i" : "CRO_BTC",
      "m" : "4611686018439761337"
    }, {
      "d" : "1756460475663625027",
      "t" : 1756460475663,
      "tn" : 1756460475663625027,
      "q" : "256",
      "p" : "0.0000026693",
      "s" : "buy",
      "i" : "CRO_BTC",
      "m" : "4611686018439761336"
    }, {
      "d" : "1756460475656402331",
      "t" : 1756460475656,
      "tn" : 1756460475656402331,
      "q" : "260",
      "p" : "0.0000026693",
      "s" : "buy",
      "i" : "CRO_BTC",
      "m" : "4611686018439761335"
    }, {
      "d" : "1756460475655041520",
      "t" : 1756460475655,
      "tn" : 1756460475655041520,
      "q" : "154",
      "p" : "0.0000026693",
      "s" : "buy",
      "i" : "CRO_BTC",
      "m" : "4611686018439761334"
    }, {
      "d" : "1756460475637083733",
      "t" : 1756460475637,
      "tn" : 1756460475637083733,
      "q" : "256",
      "p" : "0.0000026693",
      "s" : "buy",
      "i" : "CRO_BTC",
      "m" : "4611686018439761333"
    }, {
      "d" : "1756460475635366341",
      "t" : 1756460475635,
      "tn" : 1756460475635366341,
      "q" : "256",
      "p" : "0.0000026693",
      "s" : "buy",
      "i" : "CRO_BTC",
      "m" : "4611686018439761332"
    }, {
      "d" : "1756460475633525028",
      "t" : 1756460475633,
      "tn" : 1756460475633525028,
      "q" : "484",
      "p" : "0.0000026693",
      "s" : "buy",
      "i" : "CRO_BTC",
      "m" : "4611686018439761331"
    }, {
      "d" : "1756460475177690660",
      "t" : 1756460475177,
      "tn" : 1756460475177690660,
      "q" : "616",
      "p" : "0.0000026693",
      "s" : "buy",
      "i" : "CRO_BTC",
      "m" : "4611686018439761330"
    }, {
      "d" : "1756460475169122162",
      "t" : 1756460475169,
      "tn" : 1756460475169122162,
      "q" : "13",
      "p" : "0.0000026693",
      "s" : "buy",
      "i" : "CRO_BTC",
      "m" : "4611686018439761329"
    }, {
      "d" : "1756460474676125130",
      "t" : 1756460474676,
      "tn" : 1756460474676125130,
      "q" : "616",
      "p" : "0.0000026693",
      "s" : "buy",
      "i" : "CRO_BTC",
      "m" : "4611686018439761328"
    }, {
      "d" : "1756460474325659115",
      "t" : 1756460474325,
      "tn" : 1756460474325659115,
      "q" : "13",
      "p" : "0.0000026693",
      "s" : "buy",
      "i" : "CRO_BTC",
      "m" : "4611686018439761327"
    }, {
      "d" : "1756460474200214765",
      "t" : 1756460474200,
      "tn" : 1756460474200214765,
      "q" : "29",
      "p" : "0.0000026693",
      "s" : "buy",
      "i" : "CRO_BTC",
      "m" : "4611686018439761326"
    }, {
      "d" : "1756460474194601217",
      "t" : 1756460474194,
      "tn" : 1756460474194601217,
      "q" : "147",
      "p" : "0.0000026693",
      "s" : "buy",
      "i" : "CRO_BTC",
      "m" : "4611686018439761325"
    }, {
      "d" : "1756460473673746361",
      "t" : 1756460473673,
      "tn" : 1756460473673746361,
      "q" : "691",
      "p" : "0.0000026693",
      "s" : "buy",
      "i" : "CRO_BTC",
      "m" : "4611686018439761324"
    }, {
      "d" : "1756460473580637363",
      "t" : 1756460473580,
      "tn" : 1756460473580637363,
      "q" : "1296",
      "p" : "0.0000026693",
      "s" : "buy",
      "i" : "CRO_BTC",
      "m" : "4611686018439761323"
    }, {
      "d" : "1756460473522893209",
      "t" : 1756460473522,
      "tn" : 1756460473522893209,
      "q" : "15",
      "p" : "0.0000026693",
      "s" : "buy",
      "i" : "CRO_BTC",
      "m" : "4611686018439761322"
    }, {
      "d" : "1756460472842912596",
      "t" : 1756460472842,
      "tn" : 1756460472842912596,
      "q" : "35",
      "p" : "0.0000026693",
      "s" : "buy",
      "i" : "CRO_BTC",
      "m" : "4611686018439761321"
    }, {
      "d" : "1756460472610912832",
      "t" : 1756460472610,
      "tn" : 1756460472610912832,
      "q" : "1224",
      "p" : "0.0000026693",
      "s" : "buy",
      "i" : "CRO_BTC",
      "m" : "4611686018439761320"
    }, {
      "d" : "1756460472260224919",
      "t" : 1756460472260,
      "tn" : 1756460472260224919,
      "q" : "1594",
      "p" : "0.0000026693",
      "s" : "buy",
      "i" : "CRO_BTC",
      "m" : "4611686018439761319"
    }, {
      "d" : "1756460472102932490",
      "t" : 1756460472102,
      "tn" : 1756460472102932490,
      "q" : "76",
      "p" : "0.0000026693",
      "s" : "buy",
      "i" : "CRO_BTC",
      "m" : "4611686018439761318"
    }, {
      "d" : "1756460471573165474",
      "t" : 1756460471573,
      "tn" : 1756460471573165474,
      "q" : "484",
      "p" : "0.0000026693",
      "s" : "buy",
      "i" : "CRO_BTC",
      "m" : "4611686018439761317"
    }, {
      "d" : "1756460471401138493",
      "t" : 1756460471401,
      "tn" : 1756460471401138493,
      "q" : "146",
      "p" : "0.0000026693",
      "s" : "buy",
      "i" : "CRO_BTC",
      "m" : "4611686018439761316"
    }, {
      "d" : "1756460471112425380",
      "t" : 1756460471112,
      "tn" : 1756460471112425380,
      "q" : "616",
      "p" : "0.0000026693",
      "s" : "buy",
      "i" : "CRO_BTC",
      "m" : "4611686018439761315"
    }, {
      "d" : "1756460470772436710",
      "t" : 1756460470772,
      "tn" : 1756460470772436710,
      "q" : "22",
      "p" : "0.0000026693",
      "s" : "buy",
      "i" : "CRO_BTC",
      "m" : "4611686018439761314"
    }, {
      "d" : "1756460470761742175",
      "t" : 1756460470761,
      "tn" : 1756460470761742175,
      "q" : "260",
      "p" : "0.0000026693",
      "s" : "buy",
      "i" : "CRO_BTC",
      "m" : "4611686018439761313"
    }, {
      "d" : "1756460470741016047",
      "t" : 1756460470741,
      "tn" : 1756460470741016047,
      "q" : "2042",
      "p" : "0.0000026693",
      "s" : "buy",
      "i" : "CRO_BTC",
      "m" : "4611686018439761312"
    }, {
      "d" : "1756460470613432106",
      "t" : 1756460470613,
      "tn" : 1756460470613432106,
      "q" : "8011",
      "p" : "0.0000026693",
      "s" : "buy",
      "i" : "CRO_BTC",
      "m" : "4611686018439761311"
    }, {
      "d" : "1756460470610700956",
      "t" : 1756460470610,
      "tn" : 1756460470610700956,
      "q" : "8017",
      "p" : "0.0000026693",
      "s" : "buy",
      "i" : "CRO_BTC",
      "m" : "4611686018439761310"
    }, {
      "d" : "1756460470588608441",
      "t" : 1756460470588,
      "tn" : 1756460470588608441,
      "q" : "280",
      "p" : "0.0000026693",
      "s" : "buy",
      "i" : "CRO_BTC",
      "m" : "4611686018439761309"
    }, {
      "d" : "1756460470396212637",
      "t" : 1756460470396,
      "tn" : 1756460470396212637,
      "q" : "41",
      "p" : "0.0000026693",
      "s" : "buy",
      "i" : "CRO_BTC",
      "m" : "4611686018439761308"
    }, {
      "d" : "1756460470388230459",
      "t" : 1756460470388,
      "tn" : 1756460470388230459,
      "q" : "41",
      "p" : "0.0000026693",
      "s" : "buy",
      "i" : "CRO_BTC",
      "m" : "4611686018439761307"
    }, {
      "d" : "1756460470338175354",
      "t" : 1756460470338,
      "tn" : 1756460470338175354,
      "q" : "41",
      "p" : "0.0000026693",
      "s" : "buy",
      "i" : "CRO_BTC",
      "m" : "4611686018439761306"
    }, {
      "d" : "1756460470332079727",
      "t" : 1756460470332,
      "tn" : 1756460470332079727,
      "q" : "215",
      "p" : "0.0000026693",
      "s" : "buy",
      "i" : "CRO_BTC",
      "m" : "4611686018439761305"
    }, {
      "d" : "1756460470330208913",
      "t" : 1756460470330,
      "tn" : 1756460470330208913,
      "q" : "215",
      "p" : "0.0000026693",
      "s" : "buy",
      "i" : "CRO_BTC",
      "m" : "4611686018439761304"
    }, {
      "d" : "1756460470328726417",
      "t" : 1756460470328,
      "tn" : 1756460470328726417,
      "q" : "41",
      "p" : "0.0000026693",
      "s" : "buy",
      "i" : "CRO_BTC",
      "m" : "4611686018439761303"
    }, {
      "d" : "1756460470281209069",
      "t" : 1756460470281,
      "tn" : 1756460470281209069,
      "q" : "41",
      "p" : "0.0000026693",
      "s" : "buy",
      "i" : "CRO_BTC",
      "m" : "4611686018439761302"
    }, {
      "d" : "1756460470275324289",
      "t" : 1756460470275,
      "tn" : 1756460470275324289,
      "q" : "41",
      "p" : "0.0000026693",
      "s" : "buy",
      "i" : "CRO_BTC",
      "m" : "4611686018439761301"
    }, {
      "d" : "1756460470250373257",
      "t" : 1756460470250,
      "tn" : 1756460470250373257,
      "q" : "260",
      "p" : "0.0000026693",
      "s" : "buy",
      "i" : "CRO_BTC",
      "m" : "4611686018439761300"
    }, {
      "d" : "1756460470220939526",
      "t" : 1756460470220,
      "tn" : 1756460470220939526,
      "q" : "41",
      "p" : "0.0000026693",
      "s" : "buy",
      "i" : "CRO_BTC",
      "m" : "4611686018439761299"
    }, {
      "d" : "1756460470220092880",
      "t" : 1756460470220,
      "tn" : 1756460470220092880,
      "q" : "23",
      "p" : "0.0000026693",
      "s" : "buy",
      "i" : "CRO_BTC",
      "m" : "4611686018439761298"
    }, {
      "d" : "1756460470135213023",
      "t" : 1756460470135,
      "tn" : 1756460470135213023,
      "q" : "260",
      "p" : "0.0000026693",
      "s" : "buy",
      "i" : "CRO_BTC",
      "m" : "4611686018439761297"
    }, {
      "d" : "1756460470066109897",
      "t" : 1756460470066,
      "tn" : 1756460470066109897,
      "q" : "7086",
      "p" : "0.0000026693",
      "s" : "buy",
      "i" : "CRO_BTC",
      "m" : "4611686018439761296"
    }, {
      "d" : "1756460470064145714",
      "t" : 1756460470064,
      "tn" : 1756460470064145714,
      "q" : "3140",
      "p" : "0.0000026693",
      "s" : "buy",
      "i" : "CRO_BTC",
      "m" : "4611686018439761295"
    }, {
      "d" : "1756460450915525814",
      "t" : 1756460450915,
      "tn" : 1756460450915525814,
      "q" : "13176",
      "p" : "0.0000026666",
      "s" : "buy",
      "i" : "CRO_BTC",
      "m" : "4611686018439761294"
    }, {
      "d" : "1756460450913222120",
      "t" : 1756460450913,
      "tn" : 1756460450913222120,
      "q" : "8819",
      "p" : "0.0000026666",
      "s" : "buy",
      "i" : "CRO_BTC",
      "m" : "4611686018439761293"
    }, {
      "d" : "1756460450908144114",
      "t" : 1756460450908,
      "tn" : 1756460450908144114,
      "q" : "671",
      "p" : "0.0000026675",
      "s" : "sell",
      "i" : "CRO_BTC",
      "m" : "4611686018439761292"
    }, {
      "d" : "1756460450908141194",
      "t" : 1756460450908,
      "tn" : 1756460450908141194,
      "q" : "7",
      "p" : "0.0000026683",
      "s" : "sell",
      "i" : "CRO_BTC",
      "m" : "4611686018439761291"
    }, {
      "d" : "1756460445091214880",
      "t" : 1756460445091,
      "tn" : 1756460445091214880,
      "q" : "173",
      "p" : "0.0000026712",
      "s" : "buy",
      "i" : "CRO_BTC",
      "m" : "4611686018439761290"
    }, {
      "d" : "1756460445091213486",
      "t" : 1756460445091,
      "tn" : 1756460445091213486,
      "q" : "653",
      "p" : "0.0000026702",
      "s" : "buy",
      "i" : "CRO_BTC",
      "m" : "4611686018439761289"
    }, {
      "d" : "1756460436043065815",
      "t" : 1756460436043,
      "tn" : 1756460436043065815,
      "q" : "7",
      "p" : "0.0000026685",
      "s" : "sell",
      "i" : "CRO_BTC",
      "m" : "4611686018439761288"
    }, {
      "d" : "1756460436043064212",
      "t" : 1756460436043,
      "tn" : 1756460436043064212,
      "q" : "7",
      "p" : "0.0000026686",
      "s" : "sell",
      "i" : "CRO_BTC",
      "m" : "4611686018439761287"
    }, {
      "d" : "1756460388181714540",
      "t" : 1756460388181,
      "tn" : 1756460388181714540,
      "q" : "7",
      "p" : "0.0000026668",
      "s" : "sell",
      "i" : "CRO_BTC",
      "m" : "4611686018439761286"
    }, {
      "d" : "1756460342282952947",
      "t" : 1756460342282,
      "tn" : 1756460342282952947,
      "q" : "653",
      "p" : "0.0000026724",
      "s" : "buy",
      "i" : "CRO_BTC",
      "m" : "4611686018439761285"
    }, {
      "d" : "1756460338052426182",
      "t" : 1756460338052,
      "tn" : 1756460338052426182,
      "q" : "224",
      "p" : "0.0000026672",
      "s" : "sell",
      "i" : "CRO_BTC",
      "m" : "4611686018439761284"
    }, {
      "d" : "1756460337604227390",
      "t" : 1756460337604,
      "tn" : 1756460337604227390,
      "q" : "941",
      "p" : "0.0000026691",
      "s" : "sell",
      "i" : "CRO_BTC",
      "m" : "4611686018439761283"
    }, {
      "d" : "1756460337534361338",
      "t" : 1756460337534,
      "tn" : 1756460337534361338,
      "q" : "488",
      "p" : "0.0000026694",
      "s" : "sell",
      "i" : "CRO_BTC",
      "m" : "4611686018439761282"
    }, {
      "d" : "1756460337534360070",
      "t" : 1756460337534,
      "tn" : 1756460337534360070,
      "q" : "671",
      "p" : "0.0000026705",
      "s" : "sell",
      "i" : "CRO_BTC",
      "m" : "4611686018439761281"
    }, {
      "d" : "1756460337534357514",
      "t" : 1756460337534,
      "tn" : 1756460337534357514,
      "q" : "1",
      "p" : "0.0000026713",
      "s" : "sell",
      "i" : "CRO_BTC",
      "m" : "4611686018439761280"
    }, {
      "d" : "1756460337146394017",
      "t" : 1756460337146,
      "tn" : 1756460337146394017,
      "q" : "29",
      "p" : "0.0000026713",
      "s" : "sell",
      "i" : "CRO_BTC",
      "m" : "4611686018439761279"
    }, {
      "d" : "1756460333918188014",
      "t" : 1756460333918,
      "tn" : 1756460333918188014,
      "q" : "7",
      "p" : "0.0000026768",
      "s" : "sell",
      "i" : "CRO_BTC",
      "m" : "4611686018439761278"
    }, {
      "d" : "1756460333918185945",
      "t" : 1756460333918,
      "tn" : 1756460333918185945,
      "q" : "7",
      "p" : "0.0000026769",
      "s" : "sell",
      "i" : "CRO_BTC",
      "m" : "4611686018439761277"
    }, {
      "d" : "1756460319466340761",
      "t" : 1756460319466,
      "tn" : 1756460319466340761,
      "q" : "452",
      "p" : "0.0000026808",
      "s" : "buy",
      "i" : "CRO_BTC",
      "m" : "4611686018439761276"
    }, {
      "d" : "1756460319466339274",
      "t" : 1756460319466,
      "tn" : 1756460319466339274,
      "q" : "201",
      "p" : "0.0000026807",
      "s" : "buy",
      "i" : "CRO_BTC",
      "m" : "4611686018439761275"
    }, {
      "d" : "1756460319464139193",
      "t" : 1756460319464,
      "tn" : 1756460319464139193,
      "q" : "653",
      "p" : "0.0000026807",
      "s" : "buy",
      "i" : "CRO_BTC",
      "m" : "4611686018439761274"
    }, {
      "d" : "1756460319463216338",
      "t" : 1756460319463,
      "tn" : 1756460319463216338,
      "q" : "1121",
      "p" : "0.0000026807",
      "s" : "buy",
      "i" : "CRO_BTC",
      "m" : "4611686018439761273"
    }, {
      "d" : "1756460319460639044",
      "t" : 1756460319460,
      "tn" : 1756460319460639044,
      "q" : "854",
      "p" : "0.0000026807",
      "s" : "buy",
      "i" : "CRO_BTC",
      "m" : "4611686018439761272"
    }, {
      "d" : "1756460319451665644",
      "t" : 1756460319451,
      "tn" : 1756460319451665644,
      "q" : "272",
      "p" : "0.0000026807",
      "s" : "buy",
      "i" : "CRO_BTC",
      "m" : "4611686018439761271"
    }, {
      "d" : "1756460307836997637",
      "t" : 1756460307836,
      "tn" : 1756460307836997637,
      "q" : "992",
      "p" : "0.0000026784",
      "s" : "sell",
      "i" : "CRO_BTC",
      "m" : "4611686018439761270"
    }, {
      "d" : "1756460307836995672",
      "t" : 1756460307836,
      "tn" : 1756460307836995672,
      "q" : "671",
      "p" : "0.0000026788",
      "s" : "sell",
      "i" : "CRO_BTC",
      "m" : "4611686018439761269"
    }, {
      "d" : "1756460302929871771",
      "t" : 1756460302929,
      "tn" : 1756460302929871771,
      "q" : "653",
      "p" : "0.0000026824",
      "s" : "buy",
      "i" : "CRO_BTC",
      "m" : "4611686018439761268"
    }, {
      "d" : "1756460234806978332",
      "t" : 1756460234806,
      "tn" : 1756460234806978332,
      "q" : "1127",
      "p" : "0.0000026855",
      "s" : "buy",
      "i" : "CRO_BTC",
      "m" : "4611686018439761267"
    }, {
      "d" : "1756460234575144890",
      "t" : 1756460234575,
      "tn" : 1756460234575144890,
      "q" : "200",
      "p" : "0.0000026838",
      "s" : "buy",
      "i" : "CRO_BTC",
      "m" : "4611686018439761266"
    }, {
      "d" : "1756460234575143490",
      "t" : 1756460234575,
      "tn" : 1756460234575143490,
      "q" : "653",
      "p" : "0.0000026831",
      "s" : "buy",
      "i" : "CRO_BTC",
      "m" : "4611686018439761265"
    }, {
      "d" : "1756460222531937636",
      "t" : 1756460222531,
      "tn" : 1756460222531937636,
      "q" : "20",
      "p" : "0.0000026773",
      "s" : "sell",
      "i" : "CRO_BTC",
      "m" : "4611686018439761264"
    }, {
      "d" : "1756460222531399504",
      "t" : 1756460222531,
      "tn" : 1756460222531399504,
      "q" : "7",
      "p" : "0.0000026779",
      "s" : "sell",
      "i" : "CRO_BTC",
      "m" : "4611686018439761263"
    }, {
      "d" : "1756460203937364405",
      "t" : 1756460203937,
      "tn" : 1756460203937364405,
      "q" : "1",
      "p" : "0.0000026828",
      "s" : "sell",
      "i" : "CRO_BTC",
      "m" : "4611686018439761262"
    }, {
      "d" : "1756460203907562899",
      "t" : 1756460203907,
      "tn" : 1756460203907562899,
      "q" : "6",
      "p" : "0.0000026828",
      "s" : "sell",
      "i" : "CRO_BTC",
      "m" : "4611686018439761261"
    }, {
      "d" : "1756460196343645509",
      "t" : 1756460196343,
      "tn" : 1756460196343645509,
      "q" : "6",
      "p" : "0.0000026890",
      "s" : "sell",
      "i" : "CRO_BTC",
      "m" : "4611686018439761260"
    }, {
      "d" : "1756460177207820088",
      "t" : 1756460177207,
      "tn" : 1756460177207820088,
      "q" : "524",
      "p" : "0.0000026920",
      "s" : "buy",
      "i" : "CRO_BTC",
      "m" : "4611686018439761259"
    }, {
      "d" : "1756460166525666130",
      "t" : 1756460166525,
      "tn" : 1756460166525666130,
      "q" : "1024",
      "p" : "0.0000026928",
      "s" : "sell",
      "i" : "CRO_BTC",
      "m" : "4611686018439761258"
    }, {
      "d" : "1756460166369706849",
      "t" : 1756460166369,
      "tn" : 1756460166369706849,
      "q" : "256",
      "p" : "0.0000026947",
      "s" : "sell",
      "i" : "CRO_BTC",
      "m" : "4611686018439761257"
    }, {
      "d" : "1756460164040947545",
      "t" : 1756460164040,
      "tn" : 1756460164040947545,
      "q" : "958",
      "p" : "0.0000026947",
      "s" : "sell",
      "i" : "CRO_BTC",
      "m" : "4611686018439761256"
    }, {
      "d" : "1756460163891705130",
      "t" : 1756460163891,
      "tn" : 1756460163891705130,
      "q" : "962",
      "p" : "0.0000026980",
      "s" : "sell",
      "i" : "CRO_BTC",
      "m" : "4611686018439761255"
    }, {
      "d" : "1756460163882289071",
      "t" : 1756460163882,
      "tn" : 1756460163882289071,
      "q" : "642",
      "p" : "0.0000026982",
      "s" : "sell",
      "i" : "CRO_BTC",
      "m" : "4611686018439761254"
    }, {
      "d" : "1756460163882287643",
      "t" : 1756460163882,
      "tn" : 1756460163882287643,
      "q" : "7",
      "p" : "0.0000026983",
      "s" : "sell",
      "i" : "CRO_BTC",
      "m" : "4611686018439761253"
    }, {
      "d" : "1756460163882285485",
      "t" : 1756460163882,
      "tn" : 1756460163882285485,
      "q" : "671",
      "p" : "0.0000026998",
      "s" : "sell",
      "i" : "CRO_BTC",
      "m" : "4611686018439761252"
    }, {
      "d" : "1756460163882282589",
      "t" : 1756460163882,
      "tn" : 1756460163882282589,
      "q" : "188",
      "p" : "0.0000027000",
      "s" : "sell",
      "i" : "CRO_BTC",
      "m" : "4611686018439761251"
    }, {
      "d" : "1756460163882192361",
      "t" : 1756460163882,
      "tn" : 1756460163882192361,
      "q" : "441",
      "p" : "0.0000027000",
      "s" : "sell",
      "i" : "CRO_BTC",
      "m" : "4611686018439761250"
    }, {
      "d" : "1756460163880780904",
      "t" : 1756460163880,
      "tn" : 1756460163880780904,
      "q" : "1813",
      "p" : "0.0000027000",
      "s" : "sell",
      "i" : "CRO_BTC",
      "m" : "4611686018439761249"
    }, {
      "d" : "1756460161579999692",
      "t" : 1756460161579,
      "tn" : 1756460161579999692,
      "q" : "1606",
      "p" : "0.0000027000",
      "s" : "sell",
      "i" : "CRO_BTC",
      "m" : "4611686018439761248"
    }, {
      "d" : "1756460161427956174",
      "t" : 1756460161427,
      "tn" : 1756460161427956174,
      "q" : "603",
      "p" : "0.0000027000",
      "s" : "sell",
      "i" : "CRO_BTC",
      "m" : "4611686018439761247"
    }, {
      "d" : "1756460129550425963",
      "t" : 1756460129550,
      "tn" : 1756460129550425963,
      "q" : "6",
      "p" : "0.0000026987",
      "s" : "buy",
      "i" : "CRO_BTC",
      "m" : "4611686018439761246"
    }, {
      "d" : "1756460120074832087",
      "t" : 1756460120074,
      "tn" : 1756460120074832087,
      "q" : "7",
      "p" : "0.0000026963",
      "s" : "buy",
      "i" : "CRO_BTC",
      "m" : "4611686018439761245"
    }, {
      "d" : "1756460120074829741",
      "t" : 1756460120074,
      "tn" : 1756460120074829741,
      "q" : "7",
      "p" : "0.0000026962",
      "s" : "buy",
      "i" : "CRO_BTC",
      "m" : "4611686018439761244"
    }, {
      "d" : "1756460105358552127",
      "t" : 1756460105358,
      "tn" : 1756460105358552127,
      "q" : "652",
      "p" : "0.0000026920",
      "s" : "buy",
      "i" : "CRO_BTC",
      "m" : "4611686018439761243"
    }, {
      "d" : "1756460105207122591",
      "t" : 1756460105207,
      "tn" : 1756460105207122591,
      "q" : "653",
      "p" : "0.0000026900",
      "s" : "buy",
      "i" : "CRO_BTC",
      "m" : "4611686018439761242"
    }, {
      "d" : "1756460105205037826",
      "t" : 1756460105205,
      "tn" : 1756460105205037826,
      "q" : "1665",
      "p" : "0.0000026887",
      "s" : "buy",
      "i" : "CRO_BTC",
      "m" : "4611686018439761241"
    }, {
      "d" : "1756460105203712039",
      "t" : 1756460105203,
      "tn" : 1756460105203712039,
      "q" : "1222",
      "p" : "0.0000026887",
      "s" : "buy",
      "i" : "CRO_BTC",
      "m" : "4611686018439761240"
    }, {
      "d" : "1756460104317261309",
      "t" : 1756460104317,
      "tn" : 1756460104317261309,
      "q" : "10",
      "p" : "0.0000026871",
      "s" : "buy",
      "i" : "CRO_BTC",
      "m" : "4611686018439761239"
    }, {
      "d" : "1756460041798367212",
      "t" : 1756460041798,
      "tn" : 1756460041798367212,
      "q" : "1547",
      "p" : "0.0000026833",
      "s" : "sell",
      "i" : "CRO_BTC",
      "m" : "4611686018439761238"
    }, {
      "d" : "1756460041738654985",
      "t" : 1756460041738,
      "tn" : 1756460041738654985,
      "q" : "1196",
      "p" : "0.0000026846",
      "s" : "sell",
      "i" : "CRO_BTC",
      "m" : "4611686018439761237"
    }, {
      "d" : "1756460041738492051",
      "t" : 1756460041738,
      "tn" : 1756460041738492051,
      "q" : "947",
      "p" : "0.0000026846",
      "s" : "sell",
      "i" : "CRO_BTC",
      "m" : "4611686018439761236"
    }, {
      "d" : "1756460041737973816",
      "t" : 1756460041737,
      "tn" : 1756460041737973816,
      "q" : "671",
      "p" : "0.0000026853",
      "s" : "sell",
      "i" : "CRO_BTC",
      "m" : "4611686018439761235"
    }, {
      "d" : "1756460041685786430",
      "t" : 1756460041685,
      "tn" : 1756460041685786430,
      "q" : "7",
      "p" : "0.0000026884",
      "s" : "sell",
      "i" : "CRO_BTC",
      "m" : "4611686018439761234"
    }, {
      "d" : "1756460011533897254",
      "t" : 1756460011533,
      "tn" : 1756460011533897254,
      "q" : "2246",
      "p" : "0.0000026892",
      "s" : "sell",
      "i" : "CRO_BTC",
      "m" : "4611686018439761233"
    }, {
      "d" : "1756460011531962050",
      "t" : 1756460011531,
      "tn" : 1756460011531962050,
      "q" : "684",
      "p" : "0.0000026892",
      "s" : "sell",
      "i" : "CRO_BTC",
      "m" : "4611686018439761232"
    }, {
      "d" : "1756460011508778486",
      "t" : 1756460011508,
      "tn" : 1756460011508778486,
      "q" : "7",
      "p" : "0.0000026901",
      "s" : "sell",
      "i" : "CRO_BTC",
      "m" : "4611686018439761231"
    }, {
      "d" : "1756460011508775938",
      "t" : 1756460011508,
      "tn" : 1756460011508775938,
      "q" : "671",
      "p" : "0.0000026907",
      "s" : "sell",
      "i" : "CRO_BTC",
      "m" : "4611686018439761230"
    }, {
      "d" : "1756459994878421311",
      "t" : 1756459994878,
      "tn" : 1756459994878421311,
      "q" : "507",
      "p" : "0.0000026911",
      "s" : "buy",
      "i" : "CRO_BTC",
      "m" : "4611686018439761229"
    }, {
      "d" : "1756459994772763727",
      "t" : 1756459994772,
      "tn" : 1756459994772763727,
      "q" : "653",
      "p" : "0.0000026886",
      "s" : "buy",
      "i" : "CRO_BTC",
      "m" : "4611686018439761228"
    }, {
      "d" : "1756459986633338744",
      "t" : 1756459986633,
      "tn" : 1756459986633338744,
      "q" : "41",
      "p" : "0.0000026838",
      "s" : "sell",
      "i" : "CRO_BTC",
      "m" : "4611686018439761227"
    }, {
      "d" : "1756459986614965657",
      "t" : 1756459986614,
      "tn" : 1756459986614965657,
      "q" : "13",
      "p" : "0.0000026842",
      "s" : "sell",
      "i" : "CRO_BTC",
      "m" : "4611686018439761226"
    }, {
      "d" : "1756459985372625186",
      "t" : 1756459985372,
      "tn" : 1756459985372625186,
      "q" : "1822",
      "p" : "0.0000026861",
      "s" : "sell",
      "i" : "CRO_BTC",
      "m" : "4611686018439761225"
    }, {
      "d" : "1756459984845816347",
      "t" : 1756459984845,
      "tn" : 1756459984845816347,
      "q" : "1001",
      "p" : "0.0000026897",
      "s" : "sell",
      "i" : "CRO_BTC",
      "m" : "4611686018439761224"
    }, {
      "d" : "1756459984845815120",
      "t" : 1756459984845,
      "tn" : 1756459984845815120,
      "q" : "671",
      "p" : "0.0000026909",
      "s" : "sell",
      "i" : "CRO_BTC",
      "m" : "4611686018439761223"
    } ]
  }
}