{
  "id" : -1,
  "method" : "public/get-trades",
  "code" : 0,
  "result" : {
    "data" : [ {
      "d" : "1756455249570501731",
      "t" : 1756455249570,
      "tn" : 1756455249570501731,
      "q" : "490",
      "p" : "0.042640",
      "s" : "sell",
      "i" : "CROB_USD",
      "m" : "4611686018428229820"
    }, {
      "d" : "1756431380861022116",
      "t" : 1756431380861,
      "tn" : 1756431380861022116,
      "q" : "1200",
      "p" : "0.046921",
      "s" : "sell",
      "i" : "CROB_USD",
      "m" : "4611686018428229819"
    }, {
      "d" : "1756431380861018539",
      "t" : 1756431380861,
      "tn" : 1756431380861018539,
      "q" : "560",
      "p" : "0.046922",
      "s" : "sell",
      "i" : "CROB_USD",
      "m" : "4611686018428229818"
    }, {
      "d" : "1756426737308362539",
      "t" : 1756426737308,
      "tn" : 1756426737308362539,
      "q" : "410",
      "p" : "0.048805",
      "s" : "buy",
      "i" : "CROB_USD",
      "m" : "4611686018428229817"
    }, {
      "d" : "1756426737301010426",
      "t" : 1756426737301,
      "tn" : 1756426737301010426,
      "q" : "1230",
      "p" : "0.048805",
      "s" : "buy",
      "i" : "CROB_USD",
      "m" : "4611686018428229816"
    }, {
      "d" : "1756426726779723483",
      "t" : 1756426726779,
      "tn" : 1756426726779723483,
      "q" : "18440",
      "p" : "0.048805",
      "s" : "buy",
      "i" : "CROB_USD",
      "m" : "4611686018428229815"
    }, {
      "d" : "1756426718603542447",
      "t" : 1756426718603,
      "tn" : 1756426718603542447,
      "q" : "3070",
      "p" : "0.048805",
      "s" : "buy",
      "i" : "CROB_USD",
      "m" : "4611686018428229814"
    }, {
      "d" : "1756426700246245521",
      "t" : 1756426700246,
      "tn" : 1756426700246245521,
      "q" : "6150",
      "p" : "0.048805",
      "s" : "buy",
      "i" : "CROB_USD",
      "m" : "4611686018428229813"
    }, {
      "d" : "1756426380266960117",
      "t" : 1756426380266,
      "tn" : 1756426380266960117,
      "q" : "220",
      "p" : "0.048699",
      "s" : "sell",
      "i" : "CROB_USD",
      "m" : "4611686018428229812"
    }, {
      "d" : "1756422307667000010",
      "t" : 1756422307667,
      "tn" : 1756422307667000010,
      "q" : "200",
      "p" : "0.050000",
      "s" : "buy",
      "i" : "CROB_USD",
      "m" : "4611686018428229811"
    }, {
      "d" : "1756422307662052775",
      "t" : 1756422307662,
      "tn" : 1756422307662052775,
      "q" : "400",
      "p" : "0.050000",
      "s" : "buy",
      "i" : "CROB_USD",
      "m" : "4611686018428229810"
    }, {
      "d" : "1756422261945885217",
      "t" : 1756422261945,
      "tn" : 1756422261945885217,
      "q" : "1800",
      "p" : "0.050000",
      "s" : "buy",
      "i" : "CROB_USD",
      "m" : "4611686018428229809"
    }, {
      "d" : "1756422240968267689",
      "t" : 1756422240968,
      "tn" : 1756422240968267689,
      "q" : "30",
      "p" : "0.048876",
      "s" : "buy",
      "i" : "CROB_USD",
      "m" : "4611686018428229808"
    }, {
      "d" : "1756420111207244035",
      "t" : 1756420111207,
      "tn" : 1756420111207244035,
      "q" : "420",
      "p" : "0.047106",
      "s" : "sell",
      "i" : "CROB_USD",
      "m" : "4611686018428229807"
    }, {
      "d" : "1756419762562974328",
      "t" : 1756419762562,
      "tn" : 1756419762562974328,
      "q" : "420",
      "p" : "0.047390",
      "s" : "buy",
      "i" : "CROB_USD",
      "m" : "4611686018428229806"
    }, {
      "d" : "1756419762550186029",
      "t" : 1756419762550,
      "tn" : 1756419762550186029,
      "q" : "840",
      "p" : "0.047390",
      "s" : "sell",
      "i" : "CROB_USD",
      "m" : "4611686018428229805"
    }, {
      "d" : "1756417387855798934",
      "t" : 1756417387855,
      "tn" : 1756417387855798934,
      "q" : "1240",
      "p" : "0.046414",
      "s" : "buy",
      "i" : "CROB_USD",
      "m" : "4611686018428229804"
    }, {
      "d" : "1756417387852621005",
      "t" : 1756417387852,
      "tn" : 1756417387852621005,
      "q" : "1940",
      "p" : "0.046414",
      "s" : "buy",
      "i" : "CROB_USD",
      "m" : "4611686018428229803"
    }, {
      "d" : "1756417282813685347",
      "t" : 1756417282813,
      "tn" : 1756417282813685347,
      "q" : "50",
      "p" : "0.045000",
      "s" : "buy",
      "i" : "CROB_USD",
      "m" : "4611686018428229802"
    }, {
      "d" : "1756409530343900180",
      "t" : 1756409530343,
      "tn" : 1756409530343900180,
      "q" : "440",
      "p" : "0.045256",
      "s" : "sell",
      "i" : "CROB_USD",
      "m" : "4611686018428229801"
    }, {
      "d" : "1756409530333987883",
      "t" : 1756409530333,
      "tn" : 1756409530333987883,
      "q" : "1330",
      "p" : "0.045256",
      "s" : "sell",
      "i" : "CROB_USD",
      "m" : "4611686018428229800"
    }, {
      "d" : "1756400327104011267",
      "t" : 1756400327104,
      "tn" : 1756400327104011267,
      "q" : "2000",
      "p" : "0.042794",
      "s" : "sell",
      "i" : "CROB_USD",
      "m" : "4611686018428229799"
    }, {
      "d" : "1756399899763481957",
      "t" : 1756399899763,
      "tn" : 1756399899763481957,
      "q" : "420",
      "p" : "0.043006",
      "s" : "sell",
      "i" : "CROB_USD",
      "m" : "4611686018428229798"
    }, {
      "d" : "1756399487721485355",
      "t" : 1756399487721,
      "tn" : 1756399487721485355,
      "q" : "200",
      "p" : "0.045548",
      "s" : "sell",
      "i" : "CROB_USD",
      "m" : "4611686018428229797"
    }, {
      "d" : "1756399487716588124",
      "t" : 1756399487716,
      "tn" : 1756399487716588124,
      "q" : "880",
      "p" : "0.045548",
      "s" : "sell",
      "i" : "CROB_USD",
      "m" : "4611686018428229796"
    }, {
      "d" : "1756399181225730431",
      "t" : 1756399181225,
      "tn" : 1756399181225730431,
      "q" : "140",
      "p" : "0.047128",
      "s" : "buy",
      "i" : "CROB_USD",
      "m" : "4611686018428229795"
    }, {
      "d" : "1756399181225726946",
      "t" : 1756399181225,
      "tn" : 1756399181225726946,
      "q" : "280",
      "p" : "0.046371",
      "s" : "buy",
      "i" : "CROB_USD",
      "m" : "4611686018428229794"
    }, {
      "d" : "1756397365021830292",
      "t" : 1756397365021,
      "tn" : 1756397365021830292,
      "q" : "1080",
      "p" : "0.046370",
      "s" : "sell",
      "i" : "CROB_USD",
      "m" : "4611686018428229793"
    }, {
      "d" : "1756394304060256743",
      "t" : 1756394304060,
      "tn" : 1756394304060256743,
      "q" : "860",
      "p" : "0.046371",
      "s" : "buy",
      "i" : "CROB_USD",
      "m" : "4611686018428229792"
    }, {
      "d" : "1756394292046763110",
      "t" : 1756394292046,
      "tn" : 1756394292046763110,
      "q" : "3230",
      "p" : "0.046371",
      "s" : "buy",
      "i" : "CROB_USD",
      "m" : "4611686018428229791"
    }, {
      "d" : "1756394259572376602",
      "t" : 1756394259572,
      "tn" : 1756394259572376602,
      "q" : "150",
      "p" : "0.045989",
      "s" : "buy",
      "i" : "CROB_USD",
      "m" : "4611686018428229790"
    }, {
      "d" : "1756394259570902865",
      "t" : 1756394259570,
      "tn" : 1756394259570902865,
      "q" : "870",
      "p" : "0.045989",
      "s" : "buy",
      "i" : "CROB_USD",
      "m" : "4611686018428229789"
    }, {
      "d" : "1756394251671961948",
      "t" : 1756394251671,
      "tn" : 1756394251671961948,
      "q" : "3260",
      "p" : "0.045989",
      "s" : "buy",
      "i" : "CROB_USD",
      "m" : "4611686018428229788"
    }, {
      "d" : "1756394224649136396",
      "t" : 1756394224649,
      "tn" : 1756394224649136396,
      "q" : "430",
      "p" : "0.045989",
      "s" : "buy",
      "i" : "CROB_USD",
      "m" : "4611686018428229787"
    }, {
      "d" : "1756394224639310473",
      "t" : 1756394224639,
      "tn" : 1756394224639310473,
      "q" : "430",
      "p" : "0.045989",
      "s" : "buy",
      "i" : "CROB_USD",
      "m" : "4611686018428229786"
    }, {
      "d" : "1756394224630553427",
      "t" : 1756394224630,
      "tn" : 1756394224630553427,
      "q" : "1300",
      "p" : "0.045989",
      "s" : "buy",
      "i" : "CROB_USD",
      "m" : "4611686018428229785"
    }, {
      "d" : "1756394216620983748",
      "t" : 1756394216620,
      "tn" : 1756394216620983748,
      "q" : "13050",
      "p" : "0.045989",
      "s" : "buy",
      "i" : "CROB_USD",
      "m" : "4611686018428229784"
    }, {
      "d" : "1756394208591661770",
      "t" : 1756394208591,
      "tn" : 1756394208591661770,
      "q" : "19570",
      "p" : "0.045989",
      "s" : "buy",
      "i" : "CROB_USD",
      "m" : "4611686018428229783"
    }, {
      "d" : "1756394208581806783",
      "t" : 1756394208581,
      "tn" : 1756394208581806783,
      "q" : "9960",
      "p" : "0.046073",
      "s" : "sell",
      "i" : "CROB_USD",
      "m" : "4611686018428229782"
    }, {
      "d" : "1756392038001096848",
      "t" : 1756392038001,
      "tn" : 1756392038001096848,
      "q" : "2160",
      "p" : "0.045485",
      "s" : "sell",
      "i" : "CROB_USD",
      "m" : "4611686018428229781"
    }, {
      "d" : "1756391667808453951",
      "t" : 1756391667808,
      "tn" : 1756391667808453951,
      "q" : "320",
      "p" : "0.047932",
      "s" : "sell",
      "i" : "CROB_USD",
      "m" : "4611686018428229780"
    }, {
      "d" : "1756391667808451528",
      "t" : 1756391667808,
      "tn" : 1756391667808451528,
      "q" : "30",
      "p" : "0.049000",
      "s" : "sell",
      "i" : "CROB_USD",
      "m" : "4611686018428229779"
    }, {
      "d" : "1756391455853085904",
      "t" : 1756391455853,
      "tn" : 1756391455853085904,
      "q" : "60",
      "p" : "0.049754",
      "s" : "buy",
      "i" : "CROB_USD",
      "m" : "4611686018428229778"
    }, {
      "d" : "1756387400028919552",
      "t" : 1756387400028,
      "tn" : 1756387400028919552,
      "q" : "950",
      "p" : "0.054780",
      "s" : "sell",
      "i" : "CROB_USD",
      "m" : "4611686018428229777"
    }, {
      "d" : "1756384026181350457",
      "t" : 1756384026181,
      "tn" : 1756384026181350457,
      "q" : "360",
      "p" : "0.054543",
      "s" : "buy",
      "i" : "CROB_USD",
      "m" : "4611686018428229776"
    }, {
      "d" : "1756381843267348786",
      "t" : 1756381843267,
      "tn" : 1756381843267348786,
      "q" : "370",
      "p" : "0.052973",
      "s" : "buy",
      "i" : "CROB_USD",
      "m" : "4611686018428229775"
    }, {
      "d" : "1756381843262583272",
      "t" : 1756381843262,
      "tn" : 1756381843262583272,
      "q" : "1340",
      "p" : "0.052973",
      "s" : "buy",
      "i" : "CROB_USD",
      "m" : "4611686018428229774"
    }, {
      "d" : "1756381843262580499",
      "t" : 1756381843262,
      "tn" : 1756381843262580499,
      "q" : "360",
      "p" : "0.052796",
      "s" : "buy",
      "i" : "CROB_USD",
      "m" : "4611686018428229773"
    }, {
      "d" : "1756381464964106490",
      "t" : 1756381464964,
      "tn" : 1756381464964106490,
      "q" : "3330",
      "p" : "0.051431",
      "s" : "sell",
      "i" : "CROB_USD",
      "m" : "4611686018428229772"
    }, {
      "d" : "1756381464964104290",
      "t" : 1756381464964,
      "tn" : 1756381464964104290,
      "q" : "3900",
      "p" : "0.051432",
      "s" : "sell",
      "i" : "CROB_USD",
      "m" : "4611686018428229771"
    }, {
      "d" : "1756381464964100648",
      "t" : 1756381464964,
      "tn" : 1756381464964100648,
      "q" : "320",
      "p" : "0.051800",
      "s" : "sell",
      "i" : "CROB_USD",
      "m" : "4611686018428229770"
    }, {
      "d" : "1756380611135567829",
      "t" : 1756380611135,
      "tn" : 1756380611135567829,
      "q" : "1800",
      "p" : "0.052457",
      "s" : "buy",
      "i" : "CROB_USD",
      "m" : "4611686018428229769"
    }, {
      "d" : "1756380611135564618",
      "t" : 1756380611135,
      "tn" : 1756380611135564618,
      "q" : "110",
      "p" : "0.052124",
      "s" : "buy",
      "i" : "CROB_USD",
      "m" : "4611686018428229768"
    }, {
      "d" : "1756380557078963114",
      "t" : 1756380557078,
      "tn" : 1756380557078963113,
      "q" : "1610",
      "p" : "0.051800",
      "s" : "sell",
      "i" : "CROB_USD",
      "m" : "4611686018428229767"
    }, {
      "d" : "1756380557078963113",
      "t" : 1756380557078,
      "tn" : 1756380557078963113,
      "q" : "380",
      "p" : "0.051800",
      "s" : "sell",
      "i" : "CROB_USD",
      "m" : "4611686018428229767"
    }, {
      "d" : "1756377648505553932",
      "t" : 1756377648505,
      "tn" : 1756377648505553932,
      "q" : "60",
      "p" : "0.051840",
      "s" : "sell",
      "i" : "CROB_USD",
      "m" : "4611686018428229766"
    }, {
      "d" : "1756377440022075605",
      "t" : 1756377440022,
      "tn" : 1756377440022075605,
      "q" : "390",
      "p" : "0.051840",
      "s" : "sell",
      "i" : "CROB_USD",
      "m" : "4611686018428229765"
    }, {
      "d" : "1756377440010313891",
      "t" : 1756377440010,
      "tn" : 1756377440010313891,
      "q" : "1160",
      "p" : "0.051840",
      "s" : "sell",
      "i" : "CROB_USD",
      "m" : "4611686018428229764"
    }, {
      "d" : "1756377428846773096",
      "t" : 1756377428846,
      "tn" : 1756377428846773096,
      "q" : "2680",
      "p" : "0.051840",
      "s" : "sell",
      "i" : "CROB_USD",
      "m" : "4611686018428229763"
    }, {
      "d" : "1756377428846770699",
      "t" : 1756377428846,
      "tn" : 1756377428846770699,
      "q" : "210",
      "p" : "0.052000",
      "s" : "sell",
      "i" : "CROB_USD",
      "m" : "4611686018428229762"
    }, {
      "d" : "1756377415559259081",
      "t" : 1756377415559,
      "tn" : 1756377415559259081,
      "q" : "380",
      "p" : "0.052000",
      "s" : "sell",
      "i" : "CROB_USD",
      "m" : "4611686018428229761"
    }, {
      "d" : "1756375596320414617",
      "t" : 1756375596320,
      "tn" : 1756375596320414617,
      "q" : "50",
      "p" : "0.051964",
      "s" : "sell",
      "i" : "CROB_USD",
      "m" : "4611686018428229760"
    } ]
  }
}