{
  "id" : -1,
  "method" : "public/get-trades",
  "code" : 0,
  "result" : {
    "data" : [ {
      "d" : "1756460377957013201",
      "t" : 1756460377957,
      "tn" : 1756460377957013201,
      "q" : "174",
      "p" : "0.031342",
      "s" : "buy",
      "i" : "CROID_USD",
      "m" : "4611686018428734617"
    }, {
      "d" : "1756460239848178032",
      "t" : 1756460239848,
      "tn" : 1756460239848178032,
      "q" : "487",
      "p" : "0.031461",
      "s" : "buy",
      "i" : "CROID_USD",
      "m" : "4611686018428734616"
    }, {
      "d" : "1756459928357063701",
      "t" : 1756459928357,
      "tn" : 1756459928357063701,
      "q" : "95",
      "p" : "0.031471",
      "s" : "buy",
      "i" : "CROID_USD",
      "m" : "4611686018428734615"
    }, {
      "d" : "1756459069907865840",
      "t" : 1756459069907,
      "tn" : 1756459069907865840,
      "q" : "127",
      "p" : "0.030821",
      "s" : "buy",
      "i" : "CROID_USD",
      "m" : "4611686018428734614"
    }, {
      "d" : "1756458899026231121",
      "t" : 1756458899026,
      "tn" : 1756458899026231121,
      "q" : "214",
      "p" : "0.030766",
      "s" : "buy",
      "i" : "CROID_USD",
      "m" : "4611686018428734613"
    }, {
      "d" : "1756458527533732631",
      "t" : 1756458527533,
      "tn" : 1756458527533732631,
      "q" : "533",
      "p" : "0.030752",
      "s" : "buy",
      "i" : "CROID_USD",
      "m" : "4611686018428734612"
    }, {
      "d" : "1756458478672313523",
      "t" : 1756458478672,
      "tn" : 1756458478672313523,
      "q" : "917",
      "p" : "0.030603",
      "s" : "sell",
      "i" : "CROID_USD",
      "m" : "4611686018428734611"
    }, {
      "d" : "1756458357182874421",
      "t" : 1756458357182,
      "tn" : 1756458357182874421,
      "q" : "225",
      "p" : "0.030802",
      "s" : "buy",
      "i" : "CROID_USD",
      "m" : "4611686018428734610"
    }, {
      "d" : "1756458153173335712",
      "t" : 1756458153173,
      "tn" : 1756458153173335712,
      "q" : "256",
      "p" : "0.030842",
      "s" : "buy",
      "i" : "CROID_USD",
      "m" : "4611686018428734609"
    }, {
      "d" : "1756458102977628147",
      "t" : 1756458102977,
      "tn" : 1756458102977628147,
      "q" : "191",
      "p" : "0.030851",
      "s" : "buy",
      "i" : "CROID_USD",
      "m" : "4611686018428734608"
    }, {
      "d" : "1756458004275770405",
      "t" : 1756458004275,
      "tn" : 1756458004275770405,
      "q" : "124",
      "p" : "0.030977",
      "s" : "buy",
      "i" : "CROID_USD",
      "m" : "4611686018428734607"
    }, {
      "d" : "1756457780453834151",
      "t" : 1756457780453,
      "tn" : 1756457780453834151,
      "q" : "4671",
      "p" : "0.031034",
      "s" : "sell",
      "i" : "CROID_USD",
      "m" : "4611686018428734606"
    }, {
      "d" : "1756457682297855865",
      "t" : 1756457682297,
      "tn" : 1756457682297855865,
      "q" : "370",
      "p" : "0.031184",
      "s" : "buy",
      "i" : "CROID_USD",
      "m" : "4611686018428734605"
    }, {
      "d" : "1756457604036235429",
      "t" : 1756457604036,
      "tn" : 1756457604036235429,
      "q" : "151",
      "p" : "0.031183",
      "s" : "buy",
      "i" : "CROID_USD",
      "m" : "4611686018428734604"
    }, {
      "d" : "1756457573011266503",
      "t" : 1756457573011,
      "tn" : 1756457573011266503,
      "q" : "835",
      "p" : "0.031039",
      "s" : "sell",
      "i" : "CROID_USD",
      "m" : "4611686018428734603"
    }, {
      "d" : "1756457403910513039",
      "t" : 1756457403910,
      "tn" : 1756457403910513039,
      "q" : "126",
      "p" : "0.031189",
      "s" : "buy",
      "i" : "CROID_USD",
      "m" : "4611686018428734602"
    }, {
      "d" : "1756457297473453894",
      "t" : 1756457297473,
      "tn" : 1756457297473453894,
      "q" : "125",
      "p" : "0.031237",
      "s" : "buy",
      "i" : "CROID_USD",
      "m" : "4611686018428734601"
    }, {
      "d" : "1756456435745036785",
      "t" : 1756456435745,
      "tn" : 1756456435745036785,
      "q" : "136",
      "p" : "0.031100",
      "s" : "sell",
      "i" : "CROID_USD",
      "m" : "4611686018428734600"
    }, {
      "d" : "1756456287290447069",
      "t" : 1756456287290,
      "tn" : 1756456287290447069,
      "q" : "2034",
      "p" : "0.031105",
      "s" : "sell",
      "i" : "CROID_USD",
      "m" : "4611686018428734599"
    }, {
      "d" : "1756455901248510845",
      "t" : 1756455901248,
      "tn" : 1756455901248510845,
      "q" : "595",
      "p" : "0.031120",
      "s" : "sell",
      "i" : "CROID_USD",
      "m" : "4611686018428734598"
    }, {
      "d" : "1756455901056804375",
      "t" : 1756455901056,
      "tn" : 1756455901056804375,
      "q" : "322",
      "p" : "0.031121",
      "s" : "sell",
      "i" : "CROID_USD",
      "m" : "4611686018428734597"
    }, {
      "d" : "1756455846857663053",
      "t" : 1756455846857,
      "tn" : 1756455846857663053,
      "q" : "85",
      "p" : "0.031270",
      "s" : "buy",
      "i" : "CROID_USD",
      "m" : "4611686018428734596"
    }, {
      "d" : "1756455774430844061",
      "t" : 1756455774430,
      "tn" : 1756455774430844061,
      "q" : "408",
      "p" : "0.031270",
      "s" : "buy",
      "i" : "CROID_USD",
      "m" : "4611686018428734595"
    }, {
      "d" : "1756455774207401807",
      "t" : 1756455774207,
      "tn" : 1756455774207401807,
      "q" : "321",
      "p" : "0.031269",
      "s" : "buy",
      "i" : "CROID_USD",
      "m" : "4611686018428734594"
    }, {
      "d" : "1756455766125112309",
      "t" : 1756455766125,
      "tn" : 1756455766125112309,
      "q" : "424",
      "p" : "0.031120",
      "s" : "sell",
      "i" : "CROID_USD",
      "m" : "4611686018428734593"
    }, {
      "d" : "1756455336248464485",
      "t" : 1756455336248,
      "tn" : 1756455336248464485,
      "q" : "90",
      "p" : "0.031295",
      "s" : "sell",
      "i" : "CROID_USD",
      "m" : "4611686018428734592"
    }, {
      "d" : "1756454701056315747",
      "t" : 1756454701056,
      "tn" : 1756454701056315747,
      "q" : "144",
      "p" : "0.031794",
      "s" : "buy",
      "i" : "CROID_USD",
      "m" : "4611686018428734591"
    }, {
      "d" : "1756454567953952002",
      "t" : 1756454567953,
      "tn" : 1756454567953952002,
      "q" : "188",
      "p" : "0.031715",
      "s" : "sell",
      "i" : "CROID_USD",
      "m" : "4611686018428734590"
    }, {
      "d" : "1756454184582481060",
      "t" : 1756454184582,
      "tn" : 1756454184582481060,
      "q" : "232",
      "p" : "0.031785",
      "s" : "sell",
      "i" : "CROID_USD",
      "m" : "4611686018428734589"
    }, {
      "d" : "1756454134204519971",
      "t" : 1756454134204,
      "tn" : 1756454134204519971,
      "q" : "1511",
      "p" : "0.031771",
      "s" : "sell",
      "i" : "CROID_USD",
      "m" : "4611686018428734588"
    }, {
      "d" : "1756453488492989226",
      "t" : 1756453488492,
      "tn" : 1756453488492989226,
      "q" : "107",
      "p" : "0.031760",
      "s" : "buy",
      "i" : "CROID_USD",
      "m" : "4611686018428734587"
    }, {
      "d" : "1756452778083199453",
      "t" : 1756452778083,
      "tn" : 1756452778083199453,
      "q" : "4667",
      "p" : "0.031365",
      "s" : "sell",
      "i" : "CROID_USD",
      "m" : "4611686018428734586"
    }, {
      "d" : "1756452775536910200",
      "t" : 1756452775536,
      "tn" : 1756452775536910200,
      "q" : "6172",
      "p" : "0.031421",
      "s" : "sell",
      "i" : "CROID_USD",
      "m" : "4611686018428734585"
    }, {
      "d" : "1756452517064295302",
      "t" : 1756452517064,
      "tn" : 1756452517064295302,
      "q" : "146",
      "p" : "0.031426",
      "s" : "buy",
      "i" : "CROID_USD",
      "m" : "4611686018428734584"
    }, {
      "d" : "1756452498869913644",
      "t" : 1756452498869,
      "tn" : 1756452498869913644,
      "q" : "2949",
      "p" : "0.031257",
      "s" : "sell",
      "i" : "CROID_USD",
      "m" : "4611686018428734583"
    }, {
      "d" : "1756452253069393520",
      "t" : 1756452253069,
      "tn" : 1756452253069393520,
      "q" : "424",
      "p" : "0.031542",
      "s" : "buy",
      "i" : "CROID_USD",
      "m" : "4611686018428734582"
    }, {
      "d" : "1756451825919851584",
      "t" : 1756451825919,
      "tn" : 1756451825919851584,
      "q" : "131",
      "p" : "0.031577",
      "s" : "sell",
      "i" : "CROID_USD",
      "m" : "4611686018428734581"
    }, {
      "d" : "1756451460996982476",
      "t" : 1756451460996,
      "tn" : 1756451460996982476,
      "q" : "1058",
      "p" : "0.031842",
      "s" : "buy",
      "i" : "CROID_USD",
      "m" : "4611686018428734580"
    }, {
      "d" : "1756451342606532110",
      "t" : 1756451342606,
      "tn" : 1756451342606532110,
      "q" : "314",
      "p" : "0.031903",
      "s" : "sell",
      "i" : "CROID_USD",
      "m" : "4611686018428734579"
    }, {
      "d" : "1756451342599233093",
      "t" : 1756451342599,
      "tn" : 1756451342599233093,
      "q" : "313",
      "p" : "0.031902",
      "s" : "sell",
      "i" : "CROID_USD",
      "m" : "4611686018428734578"
    }, {
      "d" : "1756451342599231036",
      "t" : 1756451342599,
      "tn" : 1756451342599231036,
      "q" : "314",
      "p" : "0.031903",
      "s" : "sell",
      "i" : "CROID_USD",
      "m" : "4611686018428734577"
    }, {
      "d" : "1756451131314510964",
      "t" : 1756451131314,
      "tn" : 1756451131314510964,
      "q" : "165",
      "p" : "0.031843",
      "s" : "sell",
      "i" : "CROID_USD",
      "m" : "4611686018428734576"
    }, {
      "d" : "1756451040079629975",
      "t" : 1756451040079,
      "tn" : 1756451040079629975,
      "q" : "529",
      "p" : "0.031692",
      "s" : "buy",
      "i" : "CROID_USD",
      "m" : "4611686018428734575"
    }, {
      "d" : "1756451039873812006",
      "t" : 1756451039873,
      "tn" : 1756451039873812006,
      "q" : "631",
      "p" : "0.031691",
      "s" : "sell",
      "i" : "CROID_USD",
      "m" : "4611686018428734574"
    }, {
      "d" : "1756451039866579421",
      "t" : 1756451039866,
      "tn" : 1756451039866579421,
      "q" : "317",
      "p" : "0.031691",
      "s" : "buy",
      "i" : "CROID_USD",
      "m" : "4611686018428734573"
    }, {
      "d" : "1756451021550873046",
      "t" : 1756451021550,
      "tn" : 1756451021550873046,
      "q" : "318",
      "p" : "0.031543",
      "s" : "sell",
      "i" : "CROID_USD",
      "m" : "4611686018428734572"
    }, {
      "d" : "1756450248129347889",
      "t" : 1756450248129,
      "tn" : 1756450248129347889,
      "q" : "2497",
      "p" : "0.031900",
      "s" : "buy",
      "i" : "CROID_USD",
      "m" : "4611686018428734571"
    }, {
      "d" : "1756449589425161295",
      "t" : 1756449589425,
      "tn" : 1756449589425161295,
      "q" : "266",
      "p" : "0.031720",
      "s" : "buy",
      "i" : "CROID_USD",
      "m" : "4611686018428734570"
    }, {
      "d" : "1756449508791356821",
      "t" : 1756449508791,
      "tn" : 1756449508791356821,
      "q" : "157",
      "p" : "0.031780",
      "s" : "buy",
      "i" : "CROID_USD",
      "m" : "4611686018428734569"
    }, {
      "d" : "1756449016032492930",
      "t" : 1756449016032,
      "tn" : 1756449016032492930,
      "q" : "2074",
      "p" : "0.032034",
      "s" : "buy",
      "i" : "CROID_USD",
      "m" : "4611686018428734568"
    }, {
      "d" : "1756448714913342698",
      "t" : 1756448714913,
      "tn" : 1756448714913342698,
      "q" : "179",
      "p" : "0.031884",
      "s" : "sell",
      "i" : "CROID_USD",
      "m" : "4611686018428734567"
    }, {
      "d" : "1756448661471012504",
      "t" : 1756448661471,
      "tn" : 1756448661471012504,
      "q" : "4686",
      "p" : "0.031937",
      "s" : "buy",
      "i" : "CROID_USD",
      "m" : "4611686018428734566"
    }, {
      "d" : "1756448661223560110",
      "t" : 1756448661223,
      "tn" : 1756448661223560110,
      "q" : "314",
      "p" : "0.031936",
      "s" : "buy",
      "i" : "CROID_USD",
      "m" : "4611686018428734565"
    }, {
      "d" : "1756448352456419638",
      "t" : 1756448352456,
      "tn" : 1756448352456419638,
      "q" : "830",
      "p" : "0.032082",
      "s" : "sell",
      "i" : "CROID_USD",
      "m" : "4611686018428734564"
    }, {
      "d" : "1756448191634128013",
      "t" : 1756448191634,
      "tn" : 1756448191634128013,
      "q" : "187",
      "p" : "0.032087",
      "s" : "sell",
      "i" : "CROID_USD",
      "m" : "4611686018428734563"
    }, {
      "d" : "1756447958453379068",
      "t" : 1756447958453,
      "tn" : 1756447958453379068,
      "q" : "403",
      "p" : "0.032327",
      "s" : "buy",
      "i" : "CROID_USD",
      "m" : "4611686018428734562"
    }, {
      "d" : "1756447461724478964",
      "t" : 1756447461724,
      "tn" : 1756447461724478964,
      "q" : "4807",
      "p" : "0.032270",
      "s" : "sell",
      "i" : "CROID_USD",
      "m" : "4611686018428734561"
    }, {
      "d" : "1756447413864980712",
      "t" : 1756447413864,
      "tn" : 1756447413864980712,
      "q" : "113",
      "p" : "0.032434",
      "s" : "buy",
      "i" : "CROID_USD",
      "m" : "4611686018428734560"
    }, {
      "d" : "1756447364120371216",
      "t" : 1756447364120,
      "tn" : 1756447364120371216,
      "q" : "863",
      "p" : "0.032434",
      "s" : "buy",
      "i" : "CROID_USD",
      "m" : "4611686018428734559"
    }, {
      "d" : "1756447244480810098",
      "t" : 1756447244480,
      "tn" : 1756447244480810098,
      "q" : "275",
      "p" : "0.032449",
      "s" : "buy",
      "i" : "CROID_USD",
      "m" : "4611686018428734558"
    }, {
      "d" : "1756446232103755036",
      "t" : 1756446232103,
      "tn" : 1756446232103755036,
      "q" : "330",
      "p" : "0.032294",
      "s" : "sell",
      "i" : "CROID_USD",
      "m" : "4611686018428734557"
    }, {
      "d" : "1756446231891266084",
      "t" : 1756446231891,
      "tn" : 1756446231891266084,
      "q" : "310",
      "p" : "0.032295",
      "s" : "sell",
      "i" : "CROID_USD",
      "m" : "4611686018428734556"
    }, {
      "d" : "1756446107286358177",
      "t" : 1756446107286,
      "tn" : 1756446107286358177,
      "q" : "187",
      "p" : "0.032468",
      "s" : "buy",
      "i" : "CROID_USD",
      "m" : "4611686018428734555"
    }, {
      "d" : "1756445936159750453",
      "t" : 1756445936159,
      "tn" : 1756445936159750453,
      "q" : "1795",
      "p" : "0.032343",
      "s" : "buy",
      "i" : "CROID_USD",
      "m" : "4611686018428734554"
    }, {
      "d" : "1756445231729267404",
      "t" : 1756445231729,
      "tn" : 1756445231729267404,
      "q" : "122",
      "p" : "0.032517",
      "s" : "buy",
      "i" : "CROID_USD",
      "m" : "4611686018428734553"
    }, {
      "d" : "1756445089942050178",
      "t" : 1756445089942,
      "tn" : 1756445089942050178,
      "q" : "561",
      "p" : "0.032563",
      "s" : "buy",
      "i" : "CROID_USD",
      "m" : "4611686018428734552"
    }, {
      "d" : "1756444951317903103",
      "t" : 1756444951317,
      "tn" : 1756444951317903103,
      "q" : "84",
      "p" : "0.032562",
      "s" : "buy",
      "i" : "CROID_USD",
      "m" : "4611686018428734551"
    }, {
      "d" : "1756444599263844241",
      "t" : 1756444599263,
      "tn" : 1756444599263844241,
      "q" : "6097",
      "p" : "0.032466",
      "s" : "sell",
      "i" : "CROID_USD",
      "m" : "4611686018428734550"
    }, {
      "d" : "1756444587497052192",
      "t" : 1756444587497,
      "tn" : 1756444587497052192,
      "q" : "719",
      "p" : "0.032621",
      "s" : "buy",
      "i" : "CROID_USD",
      "m" : "4611686018428734549"
    }, {
      "d" : "1756444534073285873",
      "t" : 1756444534073,
      "tn" : 1756444534073285873,
      "q" : "3108",
      "p" : "0.032512",
      "s" : "sell",
      "i" : "CROID_USD",
      "m" : "4611686018428734548"
    }, {
      "d" : "1756444450883746639",
      "t" : 1756444450883,
      "tn" : 1756444450883746639,
      "q" : "169",
      "p" : "0.032662",
      "s" : "buy",
      "i" : "CROID_USD",
      "m" : "4611686018428734547"
    }, {
      "d" : "1756444006862248125",
      "t" : 1756444006862,
      "tn" : 1756444006862248125,
      "q" : "1852",
      "p" : "0.032398",
      "s" : "sell",
      "i" : "CROID_USD",
      "m" : "4611686018428734546"
    }, {
      "d" : "1756443965027370439",
      "t" : 1756443965027,
      "tn" : 1756443965027370439,
      "q" : "801",
      "p" : "0.032458",
      "s" : "sell",
      "i" : "CROID_USD",
      "m" : "4611686018428734545"
    }, {
      "d" : "1756443964837895342",
      "t" : 1756443964837,
      "tn" : 1756443964837895342,
      "q" : "309",
      "p" : "0.032459",
      "s" : "sell",
      "i" : "CROID_USD",
      "m" : "4611686018428734544"
    }, {
      "d" : "1756443407435216580",
      "t" : 1756443407435,
      "tn" : 1756443407435216580,
      "q" : "10719",
      "p" : "0.032535",
      "s" : "buy",
      "i" : "CROID_USD",
      "m" : "4611686018428734543"
    }, {
      "d" : "1756443407255795112",
      "t" : 1756443407255,
      "tn" : 1756443407255795112,
      "q" : "6172",
      "p" : "0.032440",
      "s" : "buy",
      "i" : "CROID_USD",
      "m" : "4611686018428734542"
    }, {
      "d" : "1756443115779609460",
      "t" : 1756443115779,
      "tn" : 1756443115779609460,
      "q" : "245",
      "p" : "0.032200",
      "s" : "buy",
      "i" : "CROID_USD",
      "m" : "4611686018428734541"
    }, {
      "d" : "1756442973571213344",
      "t" : 1756442973571,
      "tn" : 1756442973571213344,
      "q" : "2810",
      "p" : "0.032034",
      "s" : "buy",
      "i" : "CROID_USD",
      "m" : "4611686018428734540"
    }, {
      "d" : "1756442937379282851",
      "t" : 1756442937379,
      "tn" : 1756442937379282851,
      "q" : "123",
      "p" : "0.032019",
      "s" : "buy",
      "i" : "CROID_USD",
      "m" : "4611686018428734539"
    }, {
      "d" : "1756442769101440669",
      "t" : 1756442769101,
      "tn" : 1756442769101440669,
      "q" : "1037",
      "p" : "0.031949",
      "s" : "buy",
      "i" : "CROID_USD",
      "m" : "4611686018428734538"
    }, {
      "d" : "1756442299161897126",
      "t" : 1756442299161,
      "tn" : 1756442299161897126,
      "q" : "167",
      "p" : "0.031604",
      "s" : "buy",
      "i" : "CROID_USD",
      "m" : "4611686018428734537"
    }, {
      "d" : "1756442298963666109",
      "t" : 1756442298963,
      "tn" : 1756442298963666109,
      "q" : "318",
      "p" : "0.031603",
      "s" : "buy",
      "i" : "CROID_USD",
      "m" : "4611686018428734536"
    }, {
      "d" : "1756441687941277995",
      "t" : 1756441687941,
      "tn" : 1756441687941277995,
      "q" : "15677",
      "p" : "0.031195",
      "s" : "sell",
      "i" : "CROID_USD",
      "m" : "4611686018428734535"
    }, {
      "d" : "1756441685132269384",
      "t" : 1756441685132,
      "tn" : 1756441685132269384,
      "q" : "8183",
      "p" : "0.031230",
      "s" : "sell",
      "i" : "CROID_USD",
      "m" : "4611686018428734534"
    }, {
      "d" : "1756441682277270654",
      "t" : 1756441682277,
      "tn" : 1756441682277270654,
      "q" : "6172",
      "p" : "0.031360",
      "s" : "sell",
      "i" : "CROID_USD",
      "m" : "4611686018428734533"
    }, {
      "d" : "1756441680069482988",
      "t" : 1756441680069,
      "tn" : 1756441680069482988,
      "q" : "319",
      "p" : "0.031431",
      "s" : "sell",
      "i" : "CROID_USD",
      "m" : "4611686018428734532"
    }, {
      "d" : "1756441438310810981",
      "t" : 1756441438310,
      "tn" : 1756441438310810981,
      "q" : "3665",
      "p" : "0.031783",
      "s" : "buy",
      "i" : "CROID_USD",
      "m" : "4611686018428734531"
    }, {
      "d" : "1756441380049384930",
      "t" : 1756441380049,
      "tn" : 1756441380049384930,
      "q" : "152",
      "p" : "0.031653",
      "s" : "sell",
      "i" : "CROID_USD",
      "m" : "4611686018428734530"
    }, {
      "d" : "1756441192800106450",
      "t" : 1756441192800,
      "tn" : 1756441192800106450,
      "q" : "3191",
      "p" : "0.031680",
      "s" : "sell",
      "i" : "CROID_USD",
      "m" : "4611686018428734529"
    }, {
      "d" : "1756441082832332957",
      "t" : 1756441082832,
      "tn" : 1756441082832332957,
      "q" : "7163",
      "p" : "0.031770",
      "s" : "buy",
      "i" : "CROID_USD",
      "m" : "4611686018428734528"
    }, {
      "d" : "1756441080021467187",
      "t" : 1756441080021,
      "tn" : 1756441080021467187,
      "q" : "6172",
      "p" : "0.031669",
      "s" : "buy",
      "i" : "CROID_USD",
      "m" : "4611686018428734527"
    }, {
      "d" : "1756441077045969425",
      "t" : 1756441077045,
      "tn" : 1756441077045969425,
      "q" : "318",
      "p" : "0.031593",
      "s" : "buy",
      "i" : "CROID_USD",
      "m" : "4611686018428734526"
    }, {
      "d" : "1756441027522487137",
      "t" : 1756441027522,
      "tn" : 1756441027522487137,
      "q" : "284",
      "p" : "0.031462",
      "s" : "buy",
      "i" : "CROID_USD",
      "m" : "4611686018428734525"
    }, {
      "d" : "1756440988093170306",
      "t" : 1756440988093,
      "tn" : 1756440988093170306,
      "q" : "136",
      "p" : "0.031382",
      "s" : "buy",
      "i" : "CROID_USD",
      "m" : "4611686018428734524"
    }, {
      "d" : "1756440921521129451",
      "t" : 1756440921521,
      "tn" : 1756440921521129451,
      "q" : "638",
      "p" : "0.031332",
      "s" : "buy",
      "i" : "CROID_USD",
      "m" : "4611686018428734523"
    }, {
      "d" : "1756440767048552250",
      "t" : 1756440767048,
      "tn" : 1756440767048552250,
      "q" : "525",
      "p" : "0.031207",
      "s" : "buy",
      "i" : "CROID_USD",
      "m" : "4611686018428734522"
    }, {
      "d" : "1756440703037314550",
      "t" : 1756440703037,
      "tn" : 1756440703037314550,
      "q" : "135",
      "p" : "0.031059",
      "s" : "sell",
      "i" : "CROID_USD",
      "m" : "4611686018428734521"
    }, {
      "d" : "1756440652874829086",
      "t" : 1756440652874,
      "tn" : 1756440652874829086,
      "q" : "712",
      "p" : "0.031085",
      "s" : "sell",
      "i" : "CROID_USD",
      "m" : "4611686018428734520"
    }, {
      "d" : "1756440604876269496",
      "t" : 1756440604876,
      "tn" : 1756440604876269496,
      "q" : "223",
      "p" : "0.031213",
      "s" : "buy",
      "i" : "CROID_USD",
      "m" : "4611686018428734519"
    }, {
      "d" : "1756440459960288174",
      "t" : 1756440459960,
      "tn" : 1756440459960288174,
      "q" : "1226",
      "p" : "0.031208",
      "s" : "buy",
      "i" : "CROID_USD",
      "m" : "4611686018428734518"
    }, {
      "d" : "1756440326691377715",
      "t" : 1756440326691,
      "tn" : 1756440326691377715,
      "q" : "745",
      "p" : "0.031389",
      "s" : "buy",
      "i" : "CROID_USD",
      "m" : "4611686018428734517"
    }, {
      "d" : "1756440262216858037",
      "t" : 1756440262216,
      "tn" : 1756440262216858037,
      "q" : "244",
      "p" : "0.031448",
      "s" : "buy",
      "i" : "CROID_USD",
      "m" : "4611686018428734516"
    }, {
      "d" : "1756440213431930004",
      "t" : 1756440213431,
      "tn" : 1756440213431930004,
      "q" : "90",
      "p" : "0.031578",
      "s" : "buy",
      "i" : "CROID_USD",
      "m" : "4611686018428734515"
    }, {
      "d" : "1756440203826804554",
      "t" : 1756440203826,
      "tn" : 1756440203826804554,
      "q" : "210",
      "p" : "0.031604",
      "s" : "buy",
      "i" : "CROID_USD",
      "m" : "4611686018428734514"
    }, {
      "d" : "1756439968890769213",
      "t" : 1756439968890,
      "tn" : 1756439968890769213,
      "q" : "500",
      "p" : "0.031430",
      "s" : "sell",
      "i" : "CROID_USD",
      "m" : "4611686018428734513"
    }, {
      "d" : "1756439924124861525",
      "t" : 1756439924124,
      "tn" : 1756439924124861525,
      "q" : "184",
      "p" : "0.031573",
      "s" : "buy",
      "i" : "CROID_USD",
      "m" : "4611686018428734512"
    }, {
      "d" : "1756439810859166766",
      "t" : 1756439810859,
      "tn" : 1756439810859166766,
      "q" : "1483",
      "p" : "0.031569",
      "s" : "buy",
      "i" : "CROID_USD",
      "m" : "4611686018428734511"
    }, {
      "d" : "1756439740028967451",
      "t" : 1756439740028,
      "tn" : 1756439740028967451,
      "q" : "1349",
      "p" : "0.031406",
      "s" : "sell",
      "i" : "CROID_USD",
      "m" : "4611686018428734510"
    }, {
      "d" : "1756439736817068313",
      "t" : 1756439736817,
      "tn" : 1756439736817068313,
      "q" : "4768",
      "p" : "0.031456",
      "s" : "sell",
      "i" : "CROID_USD",
      "m" : "4611686018428734509"
    }, {
      "d" : "1756439733843700309",
      "t" : 1756439733843,
      "tn" : 1756439733843700309,
      "q" : "9246",
      "p" : "0.031545",
      "s" : "sell",
      "i" : "CROID_USD",
      "m" : "4611686018428734508"
    }, {
      "d" : "1756439730894822828",
      "t" : 1756439730894,
      "tn" : 1756439730894822828,
      "q" : "6172",
      "p" : "0.031652",
      "s" : "sell",
      "i" : "CROID_USD",
      "m" : "4611686018428734507"
    }, {
      "d" : "1756439647175591074",
      "t" : 1756439647175,
      "tn" : 1756439647175591074,
      "q" : "439",
      "p" : "0.031712",
      "s" : "sell",
      "i" : "CROID_USD",
      "m" : "4611686018428734506"
    }, {
      "d" : "1756439646986949277",
      "t" : 1756439646986,
      "tn" : 1756439646986949277,
      "q" : "316",
      "p" : "0.031713",
      "s" : "sell",
      "i" : "CROID_USD",
      "m" : "4611686018428734505"
    }, {
      "d" : "1756439561554940377",
      "t" : 1756439561554,
      "tn" : 1756439561554940377,
      "q" : "246",
      "p" : "0.031997",
      "s" : "buy",
      "i" : "CROID_USD",
      "m" : "4611686018428734504"
    }, {
      "d" : "1756439483912125039",
      "t" : 1756439483912,
      "tn" : 1756439483912125039,
      "q" : "120",
      "p" : "0.032022",
      "s" : "buy",
      "i" : "CROID_USD",
      "m" : "4611686018428734503"
    }, {
      "d" : "1756439205432433617",
      "t" : 1756439205432,
      "tn" : 1756439205432433617,
      "q" : "235",
      "p" : "0.032102",
      "s" : "sell",
      "i" : "CROID_USD",
      "m" : "4611686018428734502"
    }, {
      "d" : "1756438901846551024",
      "t" : 1756438901846,
      "tn" : 1756438901846551024,
      "q" : "705",
      "p" : "0.032361",
      "s" : "buy",
      "i" : "CROID_USD",
      "m" : "4611686018428734501"
    }, {
      "d" : "1756438778339166059",
      "t" : 1756438778339,
      "tn" : 1756438778339166059,
      "q" : "163",
      "p" : "0.032291",
      "s" : "buy",
      "i" : "CROID_USD",
      "m" : "4611686018428734500"
    }, {
      "d" : "1756438661018244021",
      "t" : 1756438661018,
      "tn" : 1756438661018244021,
      "q" : "310",
      "p" : "0.032360",
      "s" : "buy",
      "i" : "CROID_USD",
      "m" : "4611686018428734499"
    }, {
      "d" : "1756438561863771603",
      "t" : 1756438561863,
      "tn" : 1756438561863771603,
      "q" : "1547",
      "p" : "0.032312",
      "s" : "sell",
      "i" : "CROID_USD",
      "m" : "4611686018428734498"
    }, {
      "d" : "1756438561863769571",
      "t" : 1756438561863,
      "tn" : 1756438561863769571,
      "q" : "310",
      "p" : "0.032313",
      "s" : "sell",
      "i" : "CROID_USD",
      "m" : "4611686018428734497"
    }, {
      "d" : "1756438553854282295",
      "t" : 1756438553854,
      "tn" : 1756438553854282295,
      "q" : "2773",
      "p" : "0.032459",
      "s" : "sell",
      "i" : "CROID_USD",
      "m" : "4611686018428734496"
    }, {
      "d" : "1756438544843696093",
      "t" : 1756438544843,
      "tn" : 1756438544843696093,
      "q" : "2773",
      "p" : "0.032459",
      "s" : "sell",
      "i" : "CROID_USD",
      "m" : "4611686018428734495"
    }, {
      "d" : "1756438534831472883",
      "t" : 1756438534831,
      "tn" : 1756438534831472883,
      "q" : "1848",
      "p" : "0.032459",
      "s" : "sell",
      "i" : "CROID_USD",
      "m" : "4611686018428734494"
    }, {
      "d" : "1756438526133217297",
      "t" : 1756438526133,
      "tn" : 1756438526133217297,
      "q" : "1848",
      "p" : "0.032459",
      "s" : "sell",
      "i" : "CROID_USD",
      "m" : "4611686018428734493"
    }, {
      "d" : "1756438281712810942",
      "t" : 1756438281712,
      "tn" : 1756438281712810942,
      "q" : "301",
      "p" : "0.032657",
      "s" : "buy",
      "i" : "CROID_USD",
      "m" : "4611686018428734492"
    }, {
      "d" : "1756437931329608654",
      "t" : 1756437931329,
      "tn" : 1756437931329608654,
      "q" : "320",
      "p" : "0.032637",
      "s" : "buy",
      "i" : "CROID_USD",
      "m" : "4611686018428734491"
    }, {
      "d" : "1756437898094334667",
      "t" : 1756437898094,
      "tn" : 1756437898094334667,
      "q" : "145",
      "p" : "0.032636",
      "s" : "buy",
      "i" : "CROID_USD",
      "m" : "4611686018428734490"
    }, {
      "d" : "1756437723726741474",
      "t" : 1756437723726,
      "tn" : 1756437723726741474,
      "q" : "1845",
      "p" : "0.032518",
      "s" : "sell",
      "i" : "CROID_USD",
      "m" : "4611686018428734489"
    }, {
      "d" : "1756437713625221838",
      "t" : 1756437713625,
      "tn" : 1756437713625221838,
      "q" : "2769",
      "p" : "0.032499",
      "s" : "sell",
      "i" : "CROID_USD",
      "m" : "4611686018428734488"
    }, {
      "d" : "1756437487205761780",
      "t" : 1756437487205,
      "tn" : 1756437487205761780,
      "q" : "86",
      "p" : "0.032688",
      "s" : "buy",
      "i" : "CROID_USD",
      "m" : "4611686018428734487"
    }, {
      "d" : "1756437444341002460",
      "t" : 1756437444341,
      "tn" : 1756437444341002460,
      "q" : "307",
      "p" : "0.032579",
      "s" : "sell",
      "i" : "CROID_USD",
      "m" : "4611686018428734486"
    }, {
      "d" : "1756437444341000494",
      "t" : 1756437444341,
      "tn" : 1756437444341000494,
      "q" : "307",
      "p" : "0.032580",
      "s" : "sell",
      "i" : "CROID_USD",
      "m" : "4611686018428734485"
    }, {
      "d" : "1756437425697165432",
      "t" : 1756437425697,
      "tn" : 1756437425697165432,
      "q" : "370",
      "p" : "0.032789",
      "s" : "buy",
      "i" : "CROID_USD",
      "m" : "4611686018428734484"
    }, {
      "d" : "1756437425451616245",
      "t" : 1756437425451,
      "tn" : 1756437425451616245,
      "q" : "306",
      "p" : "0.032788",
      "s" : "buy",
      "i" : "CROID_USD",
      "m" : "4611686018428734483"
    }, {
      "d" : "1756437420004250368",
      "t" : 1756437420004,
      "tn" : 1756437420004250368,
      "q" : "2444",
      "p" : "0.032730",
      "s" : "sell",
      "i" : "CROID_USD",
      "m" : "4611686018428734482"
    }, {
      "d" : "1756437420004248081",
      "t" : 1756437420004,
      "tn" : 1756437420004248081,
      "q" : "306",
      "p" : "0.032731",
      "s" : "sell",
      "i" : "CROID_USD",
      "m" : "4611686018428734481"
    }, {
      "d" : "1756437308369000928",
      "t" : 1756437308369,
      "tn" : 1756437308369000928,
      "q" : "219",
      "p" : "0.033086",
      "s" : "buy",
      "i" : "CROID_USD",
      "m" : "4611686018428734480"
    }, {
      "d" : "1756437293387974863",
      "t" : 1756437293387,
      "tn" : 1756437293387974863,
      "q" : "2244",
      "p" : "0.032939",
      "s" : "buy",
      "i" : "CROID_USD",
      "m" : "4611686018428734479"
    }, {
      "d" : "1756437210335397488",
      "t" : 1756437210335,
      "tn" : 1756437210335397488,
      "q" : "2736",
      "p" : "0.032900",
      "s" : "sell",
      "i" : "CROID_USD",
      "m" : "4611686018428734478"
    }, {
      "d" : "1756437191649614491",
      "t" : 1756437191649,
      "tn" : 1756437191649614491,
      "q" : "608",
      "p" : "0.032911",
      "s" : "sell",
      "i" : "CROID_USD",
      "m" : "4611686018428734477"
    }, {
      "d" : "1756437191540333565",
      "t" : 1756437191540,
      "tn" : 1756437191540333565,
      "q" : "765",
      "p" : "0.033055",
      "s" : "buy",
      "i" : "CROID_USD",
      "m" : "4611686018428734476"
    }, {
      "d" : "1756437160647253709",
      "t" : 1756437160647,
      "tn" : 1756437160647253709,
      "q" : "1216",
      "p" : "0.032895",
      "s" : "sell",
      "i" : "CROID_USD",
      "m" : "4611686018428734475"
    }, {
      "d" : "1756437160637456113",
      "t" : 1756437160637,
      "tn" : 1756437160637456113,
      "q" : "911",
      "p" : "0.032911",
      "s" : "sell",
      "i" : "CROID_USD",
      "m" : "4611686018428734474"
    }, {
      "d" : "1756437160637453806",
      "t" : 1756437160637,
      "tn" : 1756437160637453806,
      "q" : "304",
      "p" : "0.032912",
      "s" : "sell",
      "i" : "CROID_USD",
      "m" : "4611686018428734473"
    }, {
      "d" : "1756437126643003329",
      "t" : 1756437126643,
      "tn" : 1756437126643003329,
      "q" : "303",
      "p" : "0.033110",
      "s" : "buy",
      "i" : "CROID_USD",
      "m" : "4611686018428734472"
    }, {
      "d" : "1756437110211509086",
      "t" : 1756437110211,
      "tn" : 1756437110211509086,
      "q" : "2729",
      "p" : "0.032978",
      "s" : "sell",
      "i" : "CROID_USD",
      "m" : "4611686018428734471"
    }, {
      "d" : "1756437101601952721",
      "t" : 1756437101601,
      "tn" : 1756437101601952721,
      "q" : "102",
      "p" : "0.033123",
      "s" : "buy",
      "i" : "CROID_USD",
      "m" : "4611686018428734470"
    }, {
      "d" : "1756437101351165209",
      "t" : 1756437101351,
      "tn" : 1756437101351165209,
      "q" : "1811",
      "p" : "0.033122",
      "s" : "sell",
      "i" : "CROID_USD",
      "m" : "4611686018428734469"
    }, {
      "d" : "1756437101346459754",
      "t" : 1756437101346,
      "tn" : 1756437101346459754,
      "q" : "303",
      "p" : "0.033122",
      "s" : "buy",
      "i" : "CROID_USD",
      "m" : "4611686018428734468"
    } ]
  }
}