{
  "id" : -1,
  "method" : "public/get-trades",
  "code" : 0,
  "result" : {
    "data" : [ {
      "d" : "1756460648943279789",
      "t" : 1756460648943,
      "tn" : 1756460648943279789,
      "q" : "10",
      "p" : "0.29349",
      "s" : "sell",
      "i" : "CROUSD-PERP",
      "m" : "4611686018435387496"
    }, {
      "d" : "1756460648943277516",
      "t" : 1756460648943,
      "tn" : 1756460648943277516,
      "q" : "10",
      "p" : "0.29353",
      "s" : "sell",
      "i" : "CROUSD-PERP",
      "m" : "4611686018435387495"
    }, {
      "d" : "1756460643657675856",
      "t" : 1756460643657,
      "tn" : 1756460643657675856,
      "q" : "2200",
      "p" : "0.29341",
      "s" : "sell",
      "i" : "CROUSD-PERP",
      "m" : "4611686018435387494"
    }, {
      "d" : "1756460643657673774",
      "t" : 1756460643657,
      "tn" : 1756460643657673774,
      "q" : "1040",
      "p" : "0.29342",
      "s" : "sell",
      "i" : "CROUSD-PERP",
      "m" : "4611686018435387493"
    }, {
      "d" : "1756460643657671911",
      "t" : 1756460643657,
      "tn" : 1756460643657671911,
      "q" : "1700",
      "p" : "0.29347",
      "s" : "sell",
      "i" : "CROUSD-PERP",
      "m" : "4611686018435387492"
    }, {
      "d" : "1756460643657668879",
      "t" : 1756460643657,
      "tn" : 1756460643657668879,
      "q" : "2490",
      "p" : "0.29352",
      "s" : "sell",
      "i" : "CROUSD-PERP",
      "m" : "4611686018435387491"
    }, {
      "d" : "1756460643657666580",
      "t" : 1756460643657,
      "tn" : 1756460643657666580,
      "q" : "750",
      "p" : "0.29353",
      "s" : "sell",
      "i" : "CROUSD-PERP",
      "m" : "4611686018435387490"
    }, {
      "d" : "1756460643657664197",
      "t" : 1756460643657,
      "tn" : 1756460643657664197,
      "q" : "850",
      "p" : "0.29354",
      "s" : "sell",
      "i" : "CROUSD-PERP",
      "m" : "4611686018435387489"
    }, {
      "d" : "1756460643657661776",
      "t" : 1756460643657,
      "tn" : 1756460643657661776,
      "q" : "10",
      "p" : "0.29358",
      "s" : "sell",
      "i" : "CROUSD-PERP",
      "m" : "4611686018435387488"
    }, {
      "d" : "1756460594183728707",
      "t" : 1756460594183,
      "tn" : 1756460594183728707,
      "q" : "3740",
      "p" : "0.29355",
      "s" : "sell",
      "i" : "CROUSD-PERP",
      "m" : "4611686018435387487"
    }, {
      "d" : "1756460594183683268",
      "t" : 1756460594183,
      "tn" : 1756460594183683268,
      "q" : "1250",
      "p" : "0.29355",
      "s" : "sell",
      "i" : "CROUSD-PERP",
      "m" : "4611686018435387486"
    }, {
      "d" : "1756460594181824665",
      "t" : 1756460594181,
      "tn" : 1756460594181824665,
      "q" : "10",
      "p" : "0.29336",
      "s" : "buy",
      "i" : "CROUSD-PERP",
      "m" : "4611686018435387485"
    }, {
      "d" : "1756460581174385820",
      "t" : 1756460581174,
      "tn" : 1756460581174385820,
      "q" : "1500",
      "p" : "0.29354",
      "s" : "sell",
      "i" : "CROUSD-PERP",
      "m" : "4611686018435387484"
    }, {
      "d" : "1756460581173870121",
      "t" : 1756460581173,
      "tn" : 1756460581173870121,
      "q" : "160",
      "p" : "0.29354",
      "s" : "sell",
      "i" : "CROUSD-PERP",
      "m" : "4611686018435387483"
    }, {
      "d" : "1756460576114599581",
      "t" : 1756460576114,
      "tn" : 1756460576114599580,
      "q" : "10",
      "p" : "0.29363",
      "s" : "sell",
      "i" : "CROUSD-PERP",
      "m" : "4611686018435387482"
    }, {
      "d" : "1756460576114599580",
      "t" : 1756460576114,
      "tn" : 1756460576114599580,
      "q" : "10",
      "p" : "0.29363",
      "s" : "sell",
      "i" : "CROUSD-PERP",
      "m" : "4611686018435387482"
    }, {
      "d" : "1756460560361761395",
      "t" : 1756460560361,
      "tn" : 1756460560361761395,
      "q" : "1700",
      "p" : "0.29377",
      "s" : "sell",
      "i" : "CROUSD-PERP",
      "m" : "4611686018435387481"
    }, {
      "d" : "1756460560361758292",
      "t" : 1756460560361,
      "tn" : 1756460560361758292,
      "q" : "10",
      "p" : "0.29382",
      "s" : "sell",
      "i" : "CROUSD-PERP",
      "m" : "4611686018435387480"
    }, {
      "d" : "1756460560361756866",
      "t" : 1756460560361,
      "tn" : 1756460560361756866,
      "q" : "380",
      "p" : "0.29383",
      "s" : "sell",
      "i" : "CROUSD-PERP",
      "m" : "4611686018435387479"
    }, {
      "d" : "1756460560360779553",
      "t" : 1756460560360,
      "tn" : 1756460560360779553,
      "q" : "470",
      "p" : "0.29383",
      "s" : "sell",
      "i" : "CROUSD-PERP",
      "m" : "4611686018435387478"
    }, {
      "d" : "1756460560360777410",
      "t" : 1756460560360,
      "tn" : 1756460560360777410,
      "q" : "10",
      "p" : "0.29385",
      "s" : "sell",
      "i" : "CROUSD-PERP",
      "m" : "4611686018435387477"
    }, {
      "d" : "1756460555798922963",
      "t" : 1756460555798,
      "tn" : 1756460555798922963,
      "q" : "200",
      "p" : "0.29390",
      "s" : "sell",
      "i" : "CROUSD-PERP",
      "m" : "4611686018435387476"
    }, {
      "d" : "1756460555791818990",
      "t" : 1756460555791,
      "tn" : 1756460555791818990,
      "q" : "10",
      "p" : "0.29397",
      "s" : "sell",
      "i" : "CROUSD-PERP",
      "m" : "4611686018435387475"
    }, {
      "d" : "1756460555726403568",
      "t" : 1756460555726,
      "tn" : 1756460555726403568,
      "q" : "10",
      "p" : "0.29400",
      "s" : "sell",
      "i" : "CROUSD-PERP",
      "m" : "4611686018435387474"
    }, {
      "d" : "1756460555720060785",
      "t" : 1756460555720,
      "tn" : 1756460555720060785,
      "q" : "200",
      "p" : "0.29402",
      "s" : "sell",
      "i" : "CROUSD-PERP",
      "m" : "4611686018435387473"
    }, {
      "d" : "1756460555720059357",
      "t" : 1756460555720,
      "tn" : 1756460555720059357,
      "q" : "10",
      "p" : "0.29403",
      "s" : "sell",
      "i" : "CROUSD-PERP",
      "m" : "4611686018435387472"
    }, {
      "d" : "1756460541776276798",
      "t" : 1756460541776,
      "tn" : 1756460541776276798,
      "q" : "770",
      "p" : "0.29438",
      "s" : "sell",
      "i" : "CROUSD-PERP",
      "m" : "4611686018435387471"
    }, {
      "d" : "1756460541775470972",
      "t" : 1756460541775,
      "tn" : 1756460541775470972,
      "q" : "10",
      "p" : "0.29445",
      "s" : "sell",
      "i" : "CROUSD-PERP",
      "m" : "4611686018435387470"
    }, {
      "d" : "1756460524794650581",
      "t" : 1756460524794,
      "tn" : 1756460524794650581,
      "q" : "10",
      "p" : "0.29360",
      "s" : "buy",
      "i" : "CROUSD-PERP",
      "m" : "4611686018435387469"
    }, {
      "d" : "1756460493325672614",
      "t" : 1756460493325,
      "tn" : 1756460493325672614,
      "q" : "10",
      "p" : "0.29351",
      "s" : "buy",
      "i" : "CROUSD-PERP",
      "m" : "4611686018435387468"
    }, {
      "d" : "1756460492123870649",
      "t" : 1756460492123,
      "tn" : 1756460492123870648,
      "q" : "10",
      "p" : "0.29358",
      "s" : "sell",
      "i" : "CROUSD-PERP",
      "m" : "4611686018435387467"
    }, {
      "d" : "1756460492123870648",
      "t" : 1756460492123,
      "tn" : 1756460492123870648,
      "q" : "10",
      "p" : "0.29358",
      "s" : "sell",
      "i" : "CROUSD-PERP",
      "m" : "4611686018435387467"
    }, {
      "d" : "1756460488294852821",
      "t" : 1756460488294,
      "tn" : 1756460488294852821,
      "q" : "1130",
      "p" : "0.29395",
      "s" : "buy",
      "i" : "CROUSD-PERP",
      "m" : "4611686018435387466"
    }, {
      "d" : "1756460488291289507",
      "t" : 1756460488291,
      "tn" : 1756460488291289507,
      "q" : "750",
      "p" : "0.29369",
      "s" : "buy",
      "i" : "CROUSD-PERP",
      "m" : "4611686018435387465"
    }, {
      "d" : "1756460488291256728",
      "t" : 1756460488291,
      "tn" : 1756460488291256728,
      "q" : "750",
      "p" : "0.29369",
      "s" : "buy",
      "i" : "CROUSD-PERP",
      "m" : "4611686018435387464"
    }, {
      "d" : "1756460488291254547",
      "t" : 1756460488291,
      "tn" : 1756460488291254547,
      "q" : "1980",
      "p" : "0.29369",
      "s" : "buy",
      "i" : "CROUSD-PERP",
      "m" : "4611686018435387463"
    }, {
      "d" : "1756460488288282218",
      "t" : 1756460488288,
      "tn" : 1756460488288282217,
      "q" : "2540",
      "p" : "0.29378",
      "s" : "buy",
      "i" : "CROUSD-PERP",
      "m" : "4611686018435387462"
    }, {
      "d" : "1756460488288282217",
      "t" : 1756460488288,
      "tn" : 1756460488288282217,
      "q" : "1040",
      "p" : "0.29378",
      "s" : "buy",
      "i" : "CROUSD-PERP",
      "m" : "4611686018435387462"
    }, {
      "d" : "1756460488288274506",
      "t" : 1756460488288,
      "tn" : 1756460488288274506,
      "q" : "760",
      "p" : "0.29377",
      "s" : "buy",
      "i" : "CROUSD-PERP",
      "m" : "4611686018435387461"
    }, {
      "d" : "1756460488288269098",
      "t" : 1756460488288,
      "tn" : 1756460488288269097,
      "q" : "10",
      "p" : "0.29370",
      "s" : "buy",
      "i" : "CROUSD-PERP",
      "m" : "4611686018435387460"
    }, {
      "d" : "1756460488288269097",
      "t" : 1756460488288,
      "tn" : 1756460488288269097,
      "q" : "1700",
      "p" : "0.29370",
      "s" : "buy",
      "i" : "CROUSD-PERP",
      "m" : "4611686018435387460"
    }, {
      "d" : "1756460488288267614",
      "t" : 1756460488288,
      "tn" : 1756460488288267614,
      "q" : "10",
      "p" : "0.29354",
      "s" : "buy",
      "i" : "CROUSD-PERP",
      "m" : "4611686018435387459"
    }, {
      "d" : "1756460479170730499",
      "t" : 1756460479170,
      "tn" : 1756460479170730498,
      "q" : "10",
      "p" : "0.29376",
      "s" : "sell",
      "i" : "CROUSD-PERP",
      "m" : "4611686018435387458"
    }, {
      "d" : "1756460479170730498",
      "t" : 1756460479170,
      "tn" : 1756460479170730498,
      "q" : "1220",
      "p" : "0.29376",
      "s" : "sell",
      "i" : "CROUSD-PERP",
      "m" : "4611686018435387458"
    }, {
      "d" : "1756460479168779792",
      "t" : 1756460479168,
      "tn" : 1756460479168779792,
      "q" : "2260",
      "p" : "0.29376",
      "s" : "sell",
      "i" : "CROUSD-PERP",
      "m" : "4611686018435387457"
    }, {
      "d" : "1756460477580587768",
      "t" : 1756460477580,
      "tn" : 1756460477580587768,
      "q" : "670",
      "p" : "0.29385",
      "s" : "buy",
      "i" : "CROUSD-PERP",
      "m" : "4611686018435387456"
    }, {
      "d" : "1756460477554195049",
      "t" : 1756460477554,
      "tn" : 1756460477554195049,
      "q" : "670",
      "p" : "0.29377",
      "s" : "buy",
      "i" : "CROUSD-PERP",
      "m" : "4611686018435387455"
    }, {
      "d" : "1756460477529748060",
      "t" : 1756460477529,
      "tn" : 1756460477529748060,
      "q" : "670",
      "p" : "0.29379",
      "s" : "buy",
      "i" : "CROUSD-PERP",
      "m" : "4611686018435387454"
    }, {
      "d" : "1756460477529746325",
      "t" : 1756460477529,
      "tn" : 1756460477529746325,
      "q" : "3480",
      "p" : "0.29372",
      "s" : "buy",
      "i" : "CROUSD-PERP",
      "m" : "4611686018435387453"
    }, {
      "d" : "1756460477529744205",
      "t" : 1756460477529,
      "tn" : 1756460477529744205,
      "q" : "1040",
      "p" : "0.29371",
      "s" : "buy",
      "i" : "CROUSD-PERP",
      "m" : "4611686018435387452"
    }, {
      "d" : "1756460477517992971",
      "t" : 1756460477517,
      "tn" : 1756460477517992971,
      "q" : "20",
      "p" : "0.29341",
      "s" : "buy",
      "i" : "CROUSD-PERP",
      "m" : "4611686018435387451"
    }, {
      "d" : "1756460477516735440",
      "t" : 1756460477516,
      "tn" : 1756460477516735440,
      "q" : "10",
      "p" : "0.29337",
      "s" : "buy",
      "i" : "CROUSD-PERP",
      "m" : "4611686018435387450"
    }, {
      "d" : "1756460477515066882",
      "t" : 1756460477515,
      "tn" : 1756460477515066882,
      "q" : "1700",
      "p" : "0.29317",
      "s" : "buy",
      "i" : "CROUSD-PERP",
      "m" : "4611686018435387449"
    }, {
      "d" : "1756460477515066219",
      "t" : 1756460477515,
      "tn" : 1756460477515066219,
      "q" : "10",
      "p" : "0.29300",
      "s" : "buy",
      "i" : "CROUSD-PERP",
      "m" : "4611686018435387448"
    }, {
      "d" : "1756460451063966791",
      "t" : 1756460451063,
      "tn" : 1756460451063966791,
      "q" : "2480",
      "p" : "0.29284",
      "s" : "sell",
      "i" : "CROUSD-PERP",
      "m" : "4611686018435387447"
    }, {
      "d" : "1756460436043979354",
      "t" : 1756460436043,
      "tn" : 1756460436043979354,
      "q" : "10",
      "p" : "0.29259",
      "s" : "sell",
      "i" : "CROUSD-PERP",
      "m" : "4611686018435387446"
    }, {
      "d" : "1756460426625255689",
      "t" : 1756460426625,
      "tn" : 1756460426625255689,
      "q" : "300",
      "p" : "0.29258",
      "s" : "sell",
      "i" : "CROUSD-PERP",
      "m" : "4611686018435387445"
    }, {
      "d" : "1756460426625254251",
      "t" : 1756460426625,
      "tn" : 1756460426625254251,
      "q" : "10",
      "p" : "0.29267",
      "s" : "sell",
      "i" : "CROUSD-PERP",
      "m" : "4611686018435387444"
    }, {
      "d" : "1756460424619356644",
      "t" : 1756460424619,
      "tn" : 1756460424619356644,
      "q" : "1150",
      "p" : "0.29279",
      "s" : "sell",
      "i" : "CROUSD-PERP",
      "m" : "4611686018435387443"
    }, {
      "d" : "1756460424615803227",
      "t" : 1756460424615,
      "tn" : 1756460424615803227,
      "q" : "10",
      "p" : "0.29289",
      "s" : "sell",
      "i" : "CROUSD-PERP",
      "m" : "4611686018435387442"
    }, {
      "d" : "1756460424615802368",
      "t" : 1756460424615,
      "tn" : 1756460424615802368,
      "q" : "10",
      "p" : "0.29292",
      "s" : "sell",
      "i" : "CROUSD-PERP",
      "m" : "4611686018435387441"
    }, {
      "d" : "1756460417612287479",
      "t" : 1756460417612,
      "tn" : 1756460417612287479,
      "q" : "10",
      "p" : "0.29310",
      "s" : "buy",
      "i" : "CROUSD-PERP",
      "m" : "4611686018435387440"
    }, {
      "d" : "1756460410984506135",
      "t" : 1756460410984,
      "tn" : 1756460410984506135,
      "q" : "1620",
      "p" : "0.29300",
      "s" : "buy",
      "i" : "CROUSD-PERP",
      "m" : "4611686018435387439"
    }, {
      "d" : "1756460410982790110",
      "t" : 1756460410982,
      "tn" : 1756460410982790110,
      "q" : "220",
      "p" : "0.29300",
      "s" : "buy",
      "i" : "CROUSD-PERP",
      "m" : "4611686018435387438"
    }, {
      "d" : "1756460410979959761",
      "t" : 1756460410979,
      "tn" : 1756460410979959761,
      "q" : "750",
      "p" : "0.29300",
      "s" : "buy",
      "i" : "CROUSD-PERP",
      "m" : "4611686018435387437"
    }, {
      "d" : "1756460410979472889",
      "t" : 1756460410979,
      "tn" : 1756460410979472889,
      "q" : "750",
      "p" : "0.29300",
      "s" : "buy",
      "i" : "CROUSD-PERP",
      "m" : "4611686018435387436"
    }, {
      "d" : "1756460410975582834",
      "t" : 1756460410975,
      "tn" : 1756460410975582834,
      "q" : "720",
      "p" : "0.29300",
      "s" : "buy",
      "i" : "CROUSD-PERP",
      "m" : "4611686018435387435"
    }, {
      "d" : "1756460410972687490",
      "t" : 1756460410972,
      "tn" : 1756460410972687490,
      "q" : "570",
      "p" : "0.29300",
      "s" : "buy",
      "i" : "CROUSD-PERP",
      "m" : "4611686018435387434"
    }, {
      "d" : "1756460410898802450",
      "t" : 1756460410898,
      "tn" : 1756460410898802450,
      "q" : "430",
      "p" : "0.29300",
      "s" : "buy",
      "i" : "CROUSD-PERP",
      "m" : "4611686018435387433"
    }, {
      "d" : "1756460398843489388",
      "t" : 1756460398843,
      "tn" : 1756460398843489388,
      "q" : "100",
      "p" : "0.29258",
      "s" : "buy",
      "i" : "CROUSD-PERP",
      "m" : "4611686018435387432"
    }, {
      "d" : "1756460398843456692",
      "t" : 1756460398843,
      "tn" : 1756460398843456692,
      "q" : "850",
      "p" : "0.29258",
      "s" : "buy",
      "i" : "CROUSD-PERP",
      "m" : "4611686018435387431"
    }, {
      "d" : "1756460398842984353",
      "t" : 1756460398842,
      "tn" : 1756460398842984353,
      "q" : "650",
      "p" : "0.29258",
      "s" : "buy",
      "i" : "CROUSD-PERP",
      "m" : "4611686018435387430"
    }, {
      "d" : "1756460398840812801",
      "t" : 1756460398840,
      "tn" : 1756460398840812801,
      "q" : "10",
      "p" : "0.29241",
      "s" : "buy",
      "i" : "CROUSD-PERP",
      "m" : "4611686018435387429"
    }, {
      "d" : "1756460393769773065",
      "t" : 1756460393769,
      "tn" : 1756460393769773065,
      "q" : "10",
      "p" : "0.29265",
      "s" : "sell",
      "i" : "CROUSD-PERP",
      "m" : "4611686018435387428"
    }, {
      "d" : "1756460392238920154",
      "t" : 1756460392238,
      "tn" : 1756460392238920154,
      "q" : "880",
      "p" : "0.29263",
      "s" : "buy",
      "i" : "CROUSD-PERP",
      "m" : "4611686018435387427"
    }, {
      "d" : "1756460384546128032",
      "t" : 1756460384546,
      "tn" : 1756460384546128032,
      "q" : "10",
      "p" : "0.29265",
      "s" : "sell",
      "i" : "CROUSD-PERP",
      "m" : "4611686018435387426"
    }, {
      "d" : "1756460368118680954",
      "t" : 1756460368118,
      "tn" : 1756460368118680954,
      "q" : "10",
      "p" : "0.29248",
      "s" : "buy",
      "i" : "CROUSD-PERP",
      "m" : "4611686018435387425"
    }, {
      "d" : "1756460365012107605",
      "t" : 1756460365012,
      "tn" : 1756460365012107605,
      "q" : "100",
      "p" : "0.29257",
      "s" : "sell",
      "i" : "CROUSD-PERP",
      "m" : "4611686018435387424"
    }, {
      "d" : "1756460365012098882",
      "t" : 1756460365012,
      "tn" : 1756460365012098882,
      "q" : "750",
      "p" : "0.29257",
      "s" : "sell",
      "i" : "CROUSD-PERP",
      "m" : "4611686018435387423"
    }, {
      "d" : "1756460365011179326",
      "t" : 1756460365011,
      "tn" : 1756460365011179326,
      "q" : "10",
      "p" : "0.29268",
      "s" : "sell",
      "i" : "CROUSD-PERP",
      "m" : "4611686018435387422"
    }, {
      "d" : "1756460357627518943",
      "t" : 1756460357627,
      "tn" : 1756460357627518943,
      "q" : "10",
      "p" : "0.29289",
      "s" : "buy",
      "i" : "CROUSD-PERP",
      "m" : "4611686018435387421"
    }, {
      "d" : "1756460343266801429",
      "t" : 1756460343266,
      "tn" : 1756460343266801429,
      "q" : "2740",
      "p" : "0.29344",
      "s" : "sell",
      "i" : "CROUSD-PERP",
      "m" : "4611686018435387420"
    }, {
      "d" : "1756460342276799904",
      "t" : 1756460342276,
      "tn" : 1756460342276799904,
      "q" : "290",
      "p" : "0.29335",
      "s" : "buy",
      "i" : "CROUSD-PERP",
      "m" : "4611686018435387419"
    }, {
      "d" : "1756460342199373853",
      "t" : 1756460342199,
      "tn" : 1756460342199373853,
      "q" : "540",
      "p" : "0.29331",
      "s" : "buy",
      "i" : "CROUSD-PERP",
      "m" : "4611686018435387418"
    }, {
      "d" : "1756460342199372155",
      "t" : 1756460342199,
      "tn" : 1756460342199372155,
      "q" : "10",
      "p" : "0.29324",
      "s" : "buy",
      "i" : "CROUSD-PERP",
      "m" : "4611686018435387417"
    }, {
      "d" : "1756460340790237007",
      "t" : 1756460340790,
      "tn" : 1756460340790237007,
      "q" : "10",
      "p" : "0.29283",
      "s" : "buy",
      "i" : "CROUSD-PERP",
      "m" : "4611686018435387416"
    }, {
      "d" : "1756460340788955859",
      "t" : 1756460340788,
      "tn" : 1756460340788955859,
      "q" : "200",
      "p" : "0.29283",
      "s" : "buy",
      "i" : "CROUSD-PERP",
      "m" : "4611686018435387415"
    }, {
      "d" : "1756460340788954300",
      "t" : 1756460340788,
      "tn" : 1756460340788954300,
      "q" : "10",
      "p" : "0.29264",
      "s" : "buy",
      "i" : "CROUSD-PERP",
      "m" : "4611686018435387414"
    }, {
      "d" : "1756460337115443761",
      "t" : 1756460337115,
      "tn" : 1756460337115443761,
      "q" : "560",
      "p" : "0.29295",
      "s" : "sell",
      "i" : "CROUSD-PERP",
      "m" : "4611686018435387413"
    }, {
      "d" : "1756460337098973193",
      "t" : 1756460337098,
      "tn" : 1756460337098973193,
      "q" : "360",
      "p" : "0.29295",
      "s" : "sell",
      "i" : "CROUSD-PERP",
      "m" : "4611686018435387412"
    }, {
      "d" : "1756460337097111834",
      "t" : 1756460337097,
      "tn" : 1756460337097111834,
      "q" : "1090",
      "p" : "0.29295",
      "s" : "sell",
      "i" : "CROUSD-PERP",
      "m" : "4611686018435387411"
    }, {
      "d" : "1756460337095545701",
      "t" : 1756460337095,
      "tn" : 1756460337095545701,
      "q" : "40",
      "p" : "0.29298",
      "s" : "sell",
      "i" : "CROUSD-PERP",
      "m" : "4611686018435387410"
    }, {
      "d" : "1756460337092293254",
      "t" : 1756460337092,
      "tn" : 1756460337092293254,
      "q" : "730",
      "p" : "0.29298",
      "s" : "sell",
      "i" : "CROUSD-PERP",
      "m" : "4611686018435387409"
    }, {
      "d" : "1756460334186057901",
      "t" : 1756460334186,
      "tn" : 1756460334186057901,
      "q" : "300",
      "p" : "0.29313",
      "s" : "sell",
      "i" : "CROUSD-PERP",
      "m" : "4611686018435387408"
    }, {
      "d" : "1756460333922988238",
      "t" : 1756460333922,
      "tn" : 1756460333922988238,
      "q" : "1000",
      "p" : "0.29333",
      "s" : "sell",
      "i" : "CROUSD-PERP",
      "m" : "4611686018435387407"
    }, {
      "d" : "1756460333921372961",
      "t" : 1756460333921,
      "tn" : 1756460333921372961,
      "q" : "10",
      "p" : "0.29345",
      "s" : "sell",
      "i" : "CROUSD-PERP",
      "m" : "4611686018435387406"
    }, {
      "d" : "1756460333920152268",
      "t" : 1756460333920,
      "tn" : 1756460333920152268,
      "q" : "10",
      "p" : "0.29340",
      "s" : "sell",
      "i" : "CROUSD-PERP",
      "m" : "4611686018435387405"
    }, {
      "d" : "1756460326760243187",
      "t" : 1756460326760,
      "tn" : 1756460326760243187,
      "q" : "790",
      "p" : "0.29358",
      "s" : "sell",
      "i" : "CROUSD-PERP",
      "m" : "4611686018435387404"
    }, {
      "d" : "1756460326453755615",
      "t" : 1756460326453,
      "tn" : 1756460326453755615,
      "q" : "210",
      "p" : "0.29358",
      "s" : "sell",
      "i" : "CROUSD-PERP",
      "m" : "4611686018435387403"
    }, {
      "d" : "1756460326453753412",
      "t" : 1756460326453,
      "tn" : 1756460326453753412,
      "q" : "10",
      "p" : "0.29366",
      "s" : "sell",
      "i" : "CROUSD-PERP",
      "m" : "4611686018435387402"
    }, {
      "d" : "1756460325118680947",
      "t" : 1756460325118,
      "tn" : 1756460325118680947,
      "q" : "300",
      "p" : "0.29376",
      "s" : "sell",
      "i" : "CROUSD-PERP",
      "m" : "4611686018435387401"
    }, {
      "d" : "1756460323211927955",
      "t" : 1756460323211,
      "tn" : 1756460323211927955,
      "q" : "560",
      "p" : "0.29377",
      "s" : "sell",
      "i" : "CROUSD-PERP",
      "m" : "4611686018435387400"
    }, {
      "d" : "1756460321582378675",
      "t" : 1756460321582,
      "tn" : 1756460321582378675,
      "q" : "10",
      "p" : "0.29398",
      "s" : "sell",
      "i" : "CROUSD-PERP",
      "m" : "4611686018435387399"
    }, {
      "d" : "1756460319324961287",
      "t" : 1756460319324,
      "tn" : 1756460319324961287,
      "q" : "270",
      "p" : "0.29400",
      "s" : "buy",
      "i" : "CROUSD-PERP",
      "m" : "4611686018435387398"
    }, {
      "d" : "1756460319320469867",
      "t" : 1756460319320,
      "tn" : 1756460319320469867,
      "q" : "260",
      "p" : "0.29400",
      "s" : "buy",
      "i" : "CROUSD-PERP",
      "m" : "4611686018435387397"
    }, {
      "d" : "1756460319318151593",
      "t" : 1756460319318,
      "tn" : 1756460319318151593,
      "q" : "750",
      "p" : "0.29400",
      "s" : "buy",
      "i" : "CROUSD-PERP",
      "m" : "4611686018435387396"
    }, {
      "d" : "1756460319317528313",
      "t" : 1756460319317,
      "tn" : 1756460319317528313,
      "q" : "180",
      "p" : "0.29400",
      "s" : "buy",
      "i" : "CROUSD-PERP",
      "m" : "4611686018435387395"
    }, {
      "d" : "1756460319314386211",
      "t" : 1756460319314,
      "tn" : 1756460319314386211,
      "q" : "850",
      "p" : "0.29400",
      "s" : "buy",
      "i" : "CROUSD-PERP",
      "m" : "4611686018435387394"
    }, {
      "d" : "1756460319313661233",
      "t" : 1756460319313,
      "tn" : 1756460319313661233,
      "q" : "1500",
      "p" : "0.29400",
      "s" : "buy",
      "i" : "CROUSD-PERP",
      "m" : "4611686018435387393"
    }, {
      "d" : "1756460319310847494",
      "t" : 1756460319310,
      "tn" : 1756460319310847494,
      "q" : "750",
      "p" : "0.29400",
      "s" : "buy",
      "i" : "CROUSD-PERP",
      "m" : "4611686018435387392"
    }, {
      "d" : "1756460319309773534",
      "t" : 1756460319309,
      "tn" : 1756460319309773534,
      "q" : "1650",
      "p" : "0.29400",
      "s" : "buy",
      "i" : "CROUSD-PERP",
      "m" : "4611686018435387391"
    }, {
      "d" : "1756460319309102780",
      "t" : 1756460319309,
      "tn" : 1756460319309102780,
      "q" : "600",
      "p" : "0.29399",
      "s" : "buy",
      "i" : "CROUSD-PERP",
      "m" : "4611686018435387390"
    }, {
      "d" : "1756460319309093537",
      "t" : 1756460319309,
      "tn" : 1756460319309093537,
      "q" : "1100",
      "p" : "0.29399",
      "s" : "buy",
      "i" : "CROUSD-PERP",
      "m" : "4611686018435387389"
    }, {
      "d" : "1756460319166808935",
      "t" : 1756460319166,
      "tn" : 1756460319166808935,
      "q" : "660",
      "p" : "0.29376",
      "s" : "buy",
      "i" : "CROUSD-PERP",
      "m" : "4611686018435387388"
    }, {
      "d" : "1756460314982706386",
      "t" : 1756460314982,
      "tn" : 1756460314982706386,
      "q" : "10",
      "p" : "0.29384",
      "s" : "sell",
      "i" : "CROUSD-PERP",
      "m" : "4611686018435387387"
    }, {
      "d" : "1756460308623567696",
      "t" : 1756460308623,
      "tn" : 1756460308623567696,
      "q" : "1360",
      "p" : "0.29381",
      "s" : "buy",
      "i" : "CROUSD-PERP",
      "m" : "4611686018435387386"
    }, {
      "d" : "1756460308623559260",
      "t" : 1756460308623,
      "tn" : 1756460308623559260,
      "q" : "340",
      "p" : "0.29381",
      "s" : "buy",
      "i" : "CROUSD-PERP",
      "m" : "4611686018435387385"
    }, {
      "d" : "1756460308623147302",
      "t" : 1756460308623,
      "tn" : 1756460308623147302,
      "q" : "10",
      "p" : "0.29380",
      "s" : "buy",
      "i" : "CROUSD-PERP",
      "m" : "4611686018435387384"
    }, {
      "d" : "1756460307692223090",
      "t" : 1756460307692,
      "tn" : 1756460307692223090,
      "q" : "270",
      "p" : "0.29377",
      "s" : "sell",
      "i" : "CROUSD-PERP",
      "m" : "4611686018435387383"
    }, {
      "d" : "1756460306682800346",
      "t" : 1756460306682,
      "tn" : 1756460306682800346,
      "q" : "10",
      "p" : "0.29403",
      "s" : "sell",
      "i" : "CROUSD-PERP",
      "m" : "4611686018435387382"
    }, {
      "d" : "1756460305152656171",
      "t" : 1756460305152,
      "tn" : 1756460305152656171,
      "q" : "10",
      "p" : "0.29416",
      "s" : "sell",
      "i" : "CROUSD-PERP",
      "m" : "4611686018435387381"
    }, {
      "d" : "1756460304479366689",
      "t" : 1756460304479,
      "tn" : 1756460304479366689,
      "q" : "1690",
      "p" : "0.29423",
      "s" : "buy",
      "i" : "CROUSD-PERP",
      "m" : "4611686018435387380"
    }, {
      "d" : "1756460302765106186",
      "t" : 1756460302765,
      "tn" : 1756460302765106186,
      "q" : "10",
      "p" : "0.29423",
      "s" : "buy",
      "i" : "CROUSD-PERP",
      "m" : "4611686018435387379"
    }, {
      "d" : "1756460302765042871",
      "t" : 1756460302765,
      "tn" : 1756460302765042871,
      "q" : "1680",
      "p" : "0.29423",
      "s" : "buy",
      "i" : "CROUSD-PERP",
      "m" : "4611686018435387378"
    }, {
      "d" : "1756460302765041510",
      "t" : 1756460302765,
      "tn" : 1756460302765041510,
      "q" : "10",
      "p" : "0.29418",
      "s" : "buy",
      "i" : "CROUSD-PERP",
      "m" : "4611686018435387377"
    }, {
      "d" : "1756460302729555791",
      "t" : 1756460302729,
      "tn" : 1756460302729555791,
      "q" : "350",
      "p" : "0.29420",
      "s" : "buy",
      "i" : "CROUSD-PERP",
      "m" : "4611686018435387376"
    }, {
      "d" : "1756460302729547835",
      "t" : 1756460302729,
      "tn" : 1756460302729547835,
      "q" : "2210",
      "p" : "0.29420",
      "s" : "buy",
      "i" : "CROUSD-PERP",
      "m" : "4611686018435387375"
    }, {
      "d" : "1756460302650571498",
      "t" : 1756460302650,
      "tn" : 1756460302650571498,
      "q" : "1690",
      "p" : "0.29410",
      "s" : "buy",
      "i" : "CROUSD-PERP",
      "m" : "4611686018435387374"
    }, {
      "d" : "1756460302650570206",
      "t" : 1756460302650,
      "tn" : 1756460302650570206,
      "q" : "10",
      "p" : "0.29406",
      "s" : "buy",
      "i" : "CROUSD-PERP",
      "m" : "4611686018435387373"
    }, {
      "d" : "1756460297182504359",
      "t" : 1756460297182,
      "tn" : 1756460297182504359,
      "q" : "10",
      "p" : "0.29392",
      "s" : "buy",
      "i" : "CROUSD-PERP",
      "m" : "4611686018435387372"
    }, {
      "d" : "1756460280332598286",
      "t" : 1756460280332,
      "tn" : 1756460280332598286,
      "q" : "10",
      "p" : "0.29425",
      "s" : "sell",
      "i" : "CROUSD-PERP",
      "m" : "4611686018435387371"
    }, {
      "d" : "1756460279674572738",
      "t" : 1756460279674,
      "tn" : 1756460279674572738,
      "q" : "10",
      "p" : "0.29423",
      "s" : "buy",
      "i" : "CROUSD-PERP",
      "m" : "4611686018435387370"
    }, {
      "d" : "1756460239451654025",
      "t" : 1756460239451,
      "tn" : 1756460239451654025,
      "q" : "10",
      "p" : "0.29455",
      "s" : "buy",
      "i" : "CROUSD-PERP",
      "m" : "4611686018435387369"
    }, {
      "d" : "1756460237276792084",
      "t" : 1756460237276,
      "tn" : 1756460237276792084,
      "q" : "2340",
      "p" : "0.29482",
      "s" : "buy",
      "i" : "CROUSD-PERP",
      "m" : "4611686018435387368"
    }, {
      "d" : "1756460237276789914",
      "t" : 1756460237276,
      "tn" : 1756460237276789914,
      "q" : "820",
      "p" : "0.29481",
      "s" : "buy",
      "i" : "CROUSD-PERP",
      "m" : "4611686018435387367"
    }, {
      "d" : "1756460237276787358",
      "t" : 1756460237276,
      "tn" : 1756460237276787358,
      "q" : "3480",
      "p" : "0.29480",
      "s" : "buy",
      "i" : "CROUSD-PERP",
      "m" : "4611686018435387366"
    }, {
      "d" : "1756460237276784956",
      "t" : 1756460237276,
      "tn" : 1756460237276784955,
      "q" : "1040",
      "p" : "0.29479",
      "s" : "buy",
      "i" : "CROUSD-PERP",
      "m" : "4611686018435387365"
    }, {
      "d" : "1756460237276784955",
      "t" : 1756460237276,
      "tn" : 1756460237276784955,
      "q" : "850",
      "p" : "0.29479",
      "s" : "buy",
      "i" : "CROUSD-PERP",
      "m" : "4611686018435387365"
    }, {
      "d" : "1756460237276780919",
      "t" : 1756460237276,
      "tn" : 1756460237276780919,
      "q" : "670",
      "p" : "0.29478",
      "s" : "buy",
      "i" : "CROUSD-PERP",
      "m" : "4611686018435387364"
    }, {
      "d" : "1756460237276777780",
      "t" : 1756460237276,
      "tn" : 1756460237276777780,
      "q" : "10",
      "p" : "0.29472",
      "s" : "buy",
      "i" : "CROUSD-PERP",
      "m" : "4611686018435387363"
    }, {
      "d" : "1756460237276775320",
      "t" : 1756460237276,
      "tn" : 1756460237276775320,
      "q" : "1690",
      "p" : "0.29456",
      "s" : "buy",
      "i" : "CROUSD-PERP",
      "m" : "4611686018435387362"
    }, {
      "d" : "1756460237276772615",
      "t" : 1756460237276,
      "tn" : 1756460237276772615,
      "q" : "10",
      "p" : "0.29443",
      "s" : "buy",
      "i" : "CROUSD-PERP",
      "m" : "4611686018435387361"
    }, {
      "d" : "1756460235448734243",
      "t" : 1756460235448,
      "tn" : 1756460235448734242,
      "q" : "1740",
      "p" : "0.29479",
      "s" : "buy",
      "i" : "CROUSD-PERP",
      "m" : "4611686018435387360"
    }, {
      "d" : "1756460235448734242",
      "t" : 1756460235448,
      "tn" : 1756460235448734242,
      "q" : "370",
      "p" : "0.29479",
      "s" : "buy",
      "i" : "CROUSD-PERP",
      "m" : "4611686018435387360"
    }, {
      "d" : "1756460235448728334",
      "t" : 1756460235448,
      "tn" : 1756460235448728334,
      "q" : "890",
      "p" : "0.29478",
      "s" : "buy",
      "i" : "CROUSD-PERP",
      "m" : "4611686018435387359"
    }, {
      "d" : "1756460235448725938",
      "t" : 1756460235448,
      "tn" : 1756460235448725938,
      "q" : "3480",
      "p" : "0.29476",
      "s" : "buy",
      "i" : "CROUSD-PERP",
      "m" : "4611686018435387358"
    }, {
      "d" : "1756460235448723394",
      "t" : 1756460235448,
      "tn" : 1756460235448723394,
      "q" : "1150",
      "p" : "0.29475",
      "s" : "buy",
      "i" : "CROUSD-PERP",
      "m" : "4611686018435387357"
    }, {
      "d" : "1756460235448721087",
      "t" : 1756460235448,
      "tn" : 1756460235448721087,
      "q" : "670",
      "p" : "0.29474",
      "s" : "buy",
      "i" : "CROUSD-PERP",
      "m" : "4611686018435387356"
    }, {
      "d" : "1756460235448718581",
      "t" : 1756460235448,
      "tn" : 1756460235448718581,
      "q" : "1690",
      "p" : "0.29469",
      "s" : "buy",
      "i" : "CROUSD-PERP",
      "m" : "4611686018435387355"
    }, {
      "d" : "1756460235448715216",
      "t" : 1756460235448,
      "tn" : 1756460235448715216,
      "q" : "10",
      "p" : "0.29455",
      "s" : "buy",
      "i" : "CROUSD-PERP",
      "m" : "4611686018435387354"
    } ]
  }
}