{
  "id" : -1,
  "method" : "public/get-trades",
  "code" : 0,
  "result" : {
    "data" : [ {
      "d" : "1756460560328020916",
      "t" : 1756460560328,
      "tn" : 1756460560328020916,
      "q" : "1.5",
      "p" : "0.7524",
      "s" : "sell",
      "i" : "CRV_USD",
      "m" : "4611686018430722263"
    }, {
      "d" : "1756460556543378270",
      "t" : 1756460556543,
      "tn" : 1756460556543378270,
      "q" : "1.5",
      "p" : "0.7525",
      "s" : "sell",
      "i" : "CRV_USD",
      "m" : "4611686018430722262"
    }, {
      "d" : "1756460549019430877",
      "t" : 1756460549019,
      "tn" : 1756460549019430877,
      "q" : "1.5",
      "p" : "0.7527",
      "s" : "sell",
      "i" : "CRV_USD",
      "m" : "4611686018430722261"
    }, {
      "d" : "1756460545531164259",
      "t" : 1756460545531,
      "tn" : 1756460545531164259,
      "q" : "1.5",
      "p" : "0.7528",
      "s" : "sell",
      "i" : "CRV_USD",
      "m" : "4611686018430722260"
    }, {
      "d" : "1756460545088968619",
      "t" : 1756460545088,
      "tn" : 1756460545088968619,
      "q" : "1.5",
      "p" : "0.7528",
      "s" : "sell",
      "i" : "CRV_USD",
      "m" : "4611686018430722259"
    }, {
      "d" : "1756460541584010596",
      "t" : 1756460541584,
      "tn" : 1756460541584010596,
      "q" : "1.5",
      "p" : "0.7528",
      "s" : "sell",
      "i" : "CRV_USD",
      "m" : "4611686018430722258"
    }, {
      "d" : "1756460537418121062",
      "t" : 1756460537418,
      "tn" : 1756460537418121062,
      "q" : "1.5",
      "p" : "0.7528",
      "s" : "sell",
      "i" : "CRV_USD",
      "m" : "4611686018430722257"
    }, {
      "d" : "1756460534004078148",
      "t" : 1756460534004,
      "tn" : 1756460534004078148,
      "q" : "1.5",
      "p" : "0.7528",
      "s" : "sell",
      "i" : "CRV_USD",
      "m" : "4611686018430722256"
    }, {
      "d" : "1756460531034020942",
      "t" : 1756460531034,
      "tn" : 1756460531034020942,
      "q" : "1.5",
      "p" : "0.7527",
      "s" : "sell",
      "i" : "CRV_USD",
      "m" : "4611686018430722255"
    }, {
      "d" : "1756460530952094728",
      "t" : 1756460530952,
      "tn" : 1756460530952094728,
      "q" : "1.5",
      "p" : "0.7528",
      "s" : "sell",
      "i" : "CRV_USD",
      "m" : "4611686018430722254"
    }, {
      "d" : "1756460512680305689",
      "t" : 1756460512680,
      "tn" : 1756460512680305689,
      "q" : "1.5",
      "p" : "0.7523",
      "s" : "sell",
      "i" : "CRV_USD",
      "m" : "4611686018430722253"
    }, {
      "d" : "1756460512659663607",
      "t" : 1756460512659,
      "tn" : 1756460512659663607,
      "q" : "1.5",
      "p" : "0.7525",
      "s" : "sell",
      "i" : "CRV_USD",
      "m" : "4611686018430722252"
    }, {
      "d" : "1756460491953017882",
      "t" : 1756460491953,
      "tn" : 1756460491953017882,
      "q" : "1.5",
      "p" : "0.7528",
      "s" : "sell",
      "i" : "CRV_USD",
      "m" : "4611686018430722251"
    }, {
      "d" : "1756460484753440478",
      "t" : 1756460484753,
      "tn" : 1756460484753440478,
      "q" : "1.5",
      "p" : "0.7529",
      "s" : "sell",
      "i" : "CRV_USD",
      "m" : "4611686018430722250"
    }, {
      "d" : "1756460481473965288",
      "t" : 1756460481473,
      "tn" : 1756460481473965288,
      "q" : "1.5",
      "p" : "0.7531",
      "s" : "sell",
      "i" : "CRV_USD",
      "m" : "4611686018430722249"
    }, {
      "d" : "1756460480046061357",
      "t" : 1756460480046,
      "tn" : 1756460480046061357,
      "q" : "1.5",
      "p" : "0.7532",
      "s" : "sell",
      "i" : "CRV_USD",
      "m" : "4611686018430722248"
    }, {
      "d" : "1756460465988068478",
      "t" : 1756460465988,
      "tn" : 1756460465988068478,
      "q" : "1.5",
      "p" : "0.7528",
      "s" : "sell",
      "i" : "CRV_USD",
      "m" : "4611686018430722247"
    }, {
      "d" : "1756460464707966470",
      "t" : 1756460464707,
      "tn" : 1756460464707966470,
      "q" : "1.5",
      "p" : "0.7529",
      "s" : "sell",
      "i" : "CRV_USD",
      "m" : "4611686018430722246"
    }, {
      "d" : "1756460436264190026",
      "t" : 1756460436264,
      "tn" : 1756460436264190026,
      "q" : "1.5",
      "p" : "0.7523",
      "s" : "sell",
      "i" : "CRV_USD",
      "m" : "4611686018430722245"
    }, {
      "d" : "1756460430015049395",
      "t" : 1756460430015,
      "tn" : 1756460430015049395,
      "q" : "1.5",
      "p" : "0.7522",
      "s" : "sell",
      "i" : "CRV_USD",
      "m" : "4611686018430722244"
    }, {
      "d" : "1756460426044333865",
      "t" : 1756460426044,
      "tn" : 1756460426044333865,
      "q" : "1.5",
      "p" : "0.7522",
      "s" : "sell",
      "i" : "CRV_USD",
      "m" : "4611686018430722243"
    }, {
      "d" : "1756460424799064501",
      "t" : 1756460424799,
      "tn" : 1756460424799064501,
      "q" : "1.5",
      "p" : "0.7524",
      "s" : "sell",
      "i" : "CRV_USD",
      "m" : "4611686018430722242"
    }, {
      "d" : "1756460422097736525",
      "t" : 1756460422097,
      "tn" : 1756460422097736525,
      "q" : "1.5",
      "p" : "0.7526",
      "s" : "sell",
      "i" : "CRV_USD",
      "m" : "4611686018430722241"
    }, {
      "d" : "1756460420601059664",
      "t" : 1756460420601,
      "tn" : 1756460420601059664,
      "q" : "1.5",
      "p" : "0.7526",
      "s" : "sell",
      "i" : "CRV_USD",
      "m" : "4611686018430722240"
    }, {
      "d" : "1756460418871226251",
      "t" : 1756460418871,
      "tn" : 1756460418871226251,
      "q" : "1.5",
      "p" : "0.7527",
      "s" : "sell",
      "i" : "CRV_USD",
      "m" : "4611686018430722239"
    }, {
      "d" : "1756460414795174244",
      "t" : 1756460414795,
      "tn" : 1756460414795174244,
      "q" : "1.5",
      "p" : "0.7528",
      "s" : "sell",
      "i" : "CRV_USD",
      "m" : "4611686018430722238"
    }, {
      "d" : "1756460414787233629",
      "t" : 1756460414787,
      "tn" : 1756460414787233629,
      "q" : "1.5",
      "p" : "0.7528",
      "s" : "sell",
      "i" : "CRV_USD",
      "m" : "4611686018430722237"
    }, {
      "d" : "1756460414593649843",
      "t" : 1756460414593,
      "tn" : 1756460414593649843,
      "q" : "1.5",
      "p" : "0.7529",
      "s" : "sell",
      "i" : "CRV_USD",
      "m" : "4611686018430722236"
    }, {
      "d" : "1756460414588324015",
      "t" : 1756460414588,
      "tn" : 1756460414588324015,
      "q" : "1.5",
      "p" : "0.7529",
      "s" : "sell",
      "i" : "CRV_USD",
      "m" : "4611686018430722235"
    }, {
      "d" : "1756460414586383031",
      "t" : 1756460414586,
      "tn" : 1756460414586383031,
      "q" : "1.5",
      "p" : "0.7529",
      "s" : "sell",
      "i" : "CRV_USD",
      "m" : "4611686018430722234"
    }, {
      "d" : "1756460414343118539",
      "t" : 1756460414343,
      "tn" : 1756460414343118539,
      "q" : "1.5",
      "p" : "0.7531",
      "s" : "sell",
      "i" : "CRV_USD",
      "m" : "4611686018430722233"
    }, {
      "d" : "1756460413590946349",
      "t" : 1756460413590,
      "tn" : 1756460413590946349,
      "q" : "1.5",
      "p" : "0.7531",
      "s" : "sell",
      "i" : "CRV_USD",
      "m" : "4611686018430722232"
    }, {
      "d" : "1756460404962217063",
      "t" : 1756460404962,
      "tn" : 1756460404962217063,
      "q" : "1.5",
      "p" : "0.7528",
      "s" : "sell",
      "i" : "CRV_USD",
      "m" : "4611686018430722231"
    }, {
      "d" : "1756460359201058958",
      "t" : 1756460359201,
      "tn" : 1756460359201058958,
      "q" : "1.5",
      "p" : "0.7516",
      "s" : "sell",
      "i" : "CRV_USD",
      "m" : "4611686018430722230"
    }, {
      "d" : "1756460356740270454",
      "t" : 1756460356740,
      "tn" : 1756460356740270454,
      "q" : "1.5",
      "p" : "0.7517",
      "s" : "sell",
      "i" : "CRV_USD",
      "m" : "4611686018430722229"
    }, {
      "d" : "1756460338832107543",
      "t" : 1756460338832,
      "tn" : 1756460338832107543,
      "q" : "1.5",
      "p" : "0.7517",
      "s" : "sell",
      "i" : "CRV_USD",
      "m" : "4611686018430722228"
    }, {
      "d" : "1756460333031401996",
      "t" : 1756460333031,
      "tn" : 1756460333031401996,
      "q" : "1.5",
      "p" : "0.7516",
      "s" : "sell",
      "i" : "CRV_USD",
      "m" : "4611686018430722227"
    }, {
      "d" : "1756460327236368784",
      "t" : 1756460327236,
      "tn" : 1756460327236368784,
      "q" : "1.5",
      "p" : "0.7518",
      "s" : "sell",
      "i" : "CRV_USD",
      "m" : "4611686018430722226"
    }, {
      "d" : "1756460315993137583",
      "t" : 1756460315993,
      "tn" : 1756460315993137583,
      "q" : "1.5",
      "p" : "0.7520",
      "s" : "sell",
      "i" : "CRV_USD",
      "m" : "4611686018430722225"
    }, {
      "d" : "1756460314763383348",
      "t" : 1756460314763,
      "tn" : 1756460314763383348,
      "q" : "1.5",
      "p" : "0.7522",
      "s" : "sell",
      "i" : "CRV_USD",
      "m" : "4611686018430722224"
    }, {
      "d" : "1756460309008072428",
      "t" : 1756460309008,
      "tn" : 1756460309008072428,
      "q" : "1.5",
      "p" : "0.7525",
      "s" : "sell",
      "i" : "CRV_USD",
      "m" : "4611686018430722223"
    }, {
      "d" : "1756460306361501655",
      "t" : 1756460306361,
      "tn" : 1756460306361501655,
      "q" : "1.5",
      "p" : "0.7526",
      "s" : "sell",
      "i" : "CRV_USD",
      "m" : "4611686018430722222"
    }, {
      "d" : "1756460306351104820",
      "t" : 1756460306351,
      "tn" : 1756460306351104820,
      "q" : "1.5",
      "p" : "0.7527",
      "s" : "sell",
      "i" : "CRV_USD",
      "m" : "4611686018430722221"
    }, {
      "d" : "1756460302588159784",
      "t" : 1756460302588,
      "tn" : 1756460302588159784,
      "q" : "1.5",
      "p" : "0.7528",
      "s" : "sell",
      "i" : "CRV_USD",
      "m" : "4611686018430722220"
    }, {
      "d" : "1756460302550870697",
      "t" : 1756460302550,
      "tn" : 1756460302550870697,
      "q" : "1.5",
      "p" : "0.7529",
      "s" : "sell",
      "i" : "CRV_USD",
      "m" : "4611686018430722219"
    }, {
      "d" : "1756460302539313267",
      "t" : 1756460302539,
      "tn" : 1756460302539313267,
      "q" : "1.5",
      "p" : "0.7529",
      "s" : "sell",
      "i" : "CRV_USD",
      "m" : "4611686018430722218"
    }, {
      "d" : "1756460302101050337",
      "t" : 1756460302101,
      "tn" : 1756460302101050337,
      "q" : "1.5",
      "p" : "0.7531",
      "s" : "sell",
      "i" : "CRV_USD",
      "m" : "4611686018430722217"
    }, {
      "d" : "1756460299112290336",
      "t" : 1756460299112,
      "tn" : 1756460299112290336,
      "q" : "1.5",
      "p" : "0.7532",
      "s" : "sell",
      "i" : "CRV_USD",
      "m" : "4611686018430722216"
    }, {
      "d" : "1756460299098469618",
      "t" : 1756460299098,
      "tn" : 1756460299098469618,
      "q" : "1.5",
      "p" : "0.7533",
      "s" : "sell",
      "i" : "CRV_USD",
      "m" : "4611686018430722215"
    }, {
      "d" : "1756460282826193668",
      "t" : 1756460282826,
      "tn" : 1756460282826193668,
      "q" : "1.5",
      "p" : "0.7532",
      "s" : "sell",
      "i" : "CRV_USD",
      "m" : "4611686018430722214"
    }, {
      "d" : "1756460281905006715",
      "t" : 1756460281905,
      "tn" : 1756460281905006715,
      "q" : "1.5",
      "p" : "0.7530",
      "s" : "sell",
      "i" : "CRV_USD",
      "m" : "4611686018430722213"
    }, {
      "d" : "1756460258589047326",
      "t" : 1756460258589,
      "tn" : 1756460258589047326,
      "q" : "1.5",
      "p" : "0.7529",
      "s" : "sell",
      "i" : "CRV_USD",
      "m" : "4611686018430722212"
    }, {
      "d" : "1756460227037217525",
      "t" : 1756460227037,
      "tn" : 1756460227037217525,
      "q" : "1.5",
      "p" : "0.7523",
      "s" : "sell",
      "i" : "CRV_USD",
      "m" : "4611686018430722211"
    }, {
      "d" : "1756460224260361917",
      "t" : 1756460224260,
      "tn" : 1756460224260361917,
      "q" : "1.5",
      "p" : "0.7524",
      "s" : "sell",
      "i" : "CRV_USD",
      "m" : "4611686018430722210"
    }, {
      "d" : "1756460212711430511",
      "t" : 1756460212711,
      "tn" : 1756460212711430511,
      "q" : "1.5",
      "p" : "0.7522",
      "s" : "sell",
      "i" : "CRV_USD",
      "m" : "4611686018430722209"
    }, {
      "d" : "1756460208050454462",
      "t" : 1756460208050,
      "tn" : 1756460208050454462,
      "q" : "1.5",
      "p" : "0.7523",
      "s" : "sell",
      "i" : "CRV_USD",
      "m" : "4611686018430722208"
    }, {
      "d" : "1756460203721436932",
      "t" : 1756460203721,
      "tn" : 1756460203721436932,
      "q" : "1.5",
      "p" : "0.7527",
      "s" : "sell",
      "i" : "CRV_USD",
      "m" : "4611686018430722207"
    }, {
      "d" : "1756460203142141019",
      "t" : 1756460203142,
      "tn" : 1756460203142141019,
      "q" : "1.5",
      "p" : "0.7528",
      "s" : "sell",
      "i" : "CRV_USD",
      "m" : "4611686018430722206"
    }, {
      "d" : "1756460201599353719",
      "t" : 1756460201599,
      "tn" : 1756460201599353719,
      "q" : "1.5",
      "p" : "0.7529",
      "s" : "sell",
      "i" : "CRV_USD",
      "m" : "4611686018430722205"
    }, {
      "d" : "1756460196828562722",
      "t" : 1756460196828,
      "tn" : 1756460196828562722,
      "q" : "1.5",
      "p" : "0.7532",
      "s" : "sell",
      "i" : "CRV_USD",
      "m" : "4611686018430722204"
    }, {
      "d" : "1756460192687958507",
      "t" : 1756460192687,
      "tn" : 1756460192687958507,
      "q" : "1.5",
      "p" : "0.7534",
      "s" : "sell",
      "i" : "CRV_USD",
      "m" : "4611686018430722203"
    }, {
      "d" : "1756460192686345698",
      "t" : 1756460192686,
      "tn" : 1756460192686345698,
      "q" : "1.5",
      "p" : "0.7534",
      "s" : "sell",
      "i" : "CRV_USD",
      "m" : "4611686018430722202"
    }, {
      "d" : "1756460191415463557",
      "t" : 1756460191415,
      "tn" : 1756460191415463557,
      "q" : "1.5",
      "p" : "0.7535",
      "s" : "sell",
      "i" : "CRV_USD",
      "m" : "4611686018430722201"
    }, {
      "d" : "1756460176039562888",
      "t" : 1756460176039,
      "tn" : 1756460176039562888,
      "q" : "1.5",
      "p" : "0.7526",
      "s" : "sell",
      "i" : "CRV_USD",
      "m" : "4611686018430722200"
    }, {
      "d" : "1756460175283252644",
      "t" : 1756460175283,
      "tn" : 1756460175283252644,
      "q" : "1.5",
      "p" : "0.7527",
      "s" : "sell",
      "i" : "CRV_USD",
      "m" : "4611686018430722199"
    }, {
      "d" : "1756460173530483196",
      "t" : 1756460173530,
      "tn" : 1756460173530483196,
      "q" : "1.5",
      "p" : "0.7529",
      "s" : "sell",
      "i" : "CRV_USD",
      "m" : "4611686018430722198"
    }, {
      "d" : "1756460170569423342",
      "t" : 1756460170569,
      "tn" : 1756460170569423342,
      "q" : "1.5",
      "p" : "0.7530",
      "s" : "sell",
      "i" : "CRV_USD",
      "m" : "4611686018430722197"
    }, {
      "d" : "1756460169159131988",
      "t" : 1756460169159,
      "tn" : 1756460169159131988,
      "q" : "1.5",
      "p" : "0.7530",
      "s" : "sell",
      "i" : "CRV_USD",
      "m" : "4611686018430722196"
    }, {
      "d" : "1756460164530162045",
      "t" : 1756460164530,
      "tn" : 1756460164530162045,
      "q" : "1.5",
      "p" : "0.7534",
      "s" : "sell",
      "i" : "CRV_USD",
      "m" : "4611686018430722195"
    }, {
      "d" : "1756460162044084955",
      "t" : 1756460162044,
      "tn" : 1756460162044084955,
      "q" : "1.5",
      "p" : "0.7535",
      "s" : "sell",
      "i" : "CRV_USD",
      "m" : "4611686018430722194"
    }, {
      "d" : "1756460159007127325",
      "t" : 1756460159007,
      "tn" : 1756460159007127325,
      "q" : "1.5",
      "p" : "0.7536",
      "s" : "sell",
      "i" : "CRV_USD",
      "m" : "4611686018430722193"
    }, {
      "d" : "1756460157788481201",
      "t" : 1756460157788,
      "tn" : 1756460157788481201,
      "q" : "1.5",
      "p" : "0.7536",
      "s" : "sell",
      "i" : "CRV_USD",
      "m" : "4611686018430722192"
    }, {
      "d" : "1756460138420560758",
      "t" : 1756460138420,
      "tn" : 1756460138420560758,
      "q" : "1.5",
      "p" : "0.7537",
      "s" : "sell",
      "i" : "CRV_USD",
      "m" : "4611686018430722191"
    }, {
      "d" : "1756460102788620686",
      "t" : 1756460102788,
      "tn" : 1756460102788620686,
      "q" : "1.5",
      "p" : "0.7536",
      "s" : "sell",
      "i" : "CRV_USD",
      "m" : "4611686018430722190"
    }, {
      "d" : "1756460092856108112",
      "t" : 1756460092856,
      "tn" : 1756460092856108112,
      "q" : "12.9",
      "p" : "0.7535",
      "s" : "sell",
      "i" : "CRV_USD",
      "m" : "4611686018430722189"
    }, {
      "d" : "1756460092854142928",
      "t" : 1756460092854,
      "tn" : 1756460092854142927,
      "q" : "44.4",
      "p" : "0.7535",
      "s" : "sell",
      "i" : "CRV_USD",
      "m" : "4611686018430722188"
    }, {
      "d" : "1756460092854142927",
      "t" : 1756460092854,
      "tn" : 1756460092854142927,
      "q" : "1.5",
      "p" : "0.7535",
      "s" : "sell",
      "i" : "CRV_USD",
      "m" : "4611686018430722188"
    }, {
      "d" : "1756460089930529149",
      "t" : 1756460089930,
      "tn" : 1756460089930529149,
      "q" : "1.5",
      "p" : "0.7535",
      "s" : "sell",
      "i" : "CRV_USD",
      "m" : "4611686018430722187"
    }, {
      "d" : "1756460081613095913",
      "t" : 1756460081613,
      "tn" : 1756460081613095913,
      "q" : "1.5",
      "p" : "0.7533",
      "s" : "sell",
      "i" : "CRV_USD",
      "m" : "4611686018430722186"
    }, {
      "d" : "1756460061691194562",
      "t" : 1756460061691,
      "tn" : 1756460061691194562,
      "q" : "1.5",
      "p" : "0.7532",
      "s" : "sell",
      "i" : "CRV_USD",
      "m" : "4611686018430722185"
    }, {
      "d" : "1756460061676161554",
      "t" : 1756460061676,
      "tn" : 1756460061676161554,
      "q" : "1.5",
      "p" : "0.7533",
      "s" : "sell",
      "i" : "CRV_USD",
      "m" : "4611686018430722184"
    }, {
      "d" : "1756460061666955091",
      "t" : 1756460061666,
      "tn" : 1756460061666955091,
      "q" : "1.5",
      "p" : "0.7534",
      "s" : "sell",
      "i" : "CRV_USD",
      "m" : "4611686018430722183"
    }, {
      "d" : "1756460053061455182",
      "t" : 1756460053061,
      "tn" : 1756460053061455182,
      "q" : "1.5",
      "p" : "0.7536",
      "s" : "sell",
      "i" : "CRV_USD",
      "m" : "4611686018430722182"
    }, {
      "d" : "1756460052532049572",
      "t" : 1756460052532,
      "tn" : 1756460052532049572,
      "q" : "1.5",
      "p" : "0.7537",
      "s" : "sell",
      "i" : "CRV_USD",
      "m" : "4611686018430722181"
    }, {
      "d" : "1756460040208437088",
      "t" : 1756460040208,
      "tn" : 1756460040208437088,
      "q" : "1.5",
      "p" : "0.7539",
      "s" : "sell",
      "i" : "CRV_USD",
      "m" : "4611686018430722180"
    }, {
      "d" : "1756460027530942885",
      "t" : 1756460027530,
      "tn" : 1756460027530942885,
      "q" : "1.5",
      "p" : "0.7540",
      "s" : "sell",
      "i" : "CRV_USD",
      "m" : "4611686018430722179"
    }, {
      "d" : "1756460013924823467",
      "t" : 1756460013924,
      "tn" : 1756460013924823467,
      "q" : "1.5",
      "p" : "0.7538",
      "s" : "sell",
      "i" : "CRV_USD",
      "m" : "4611686018430722178"
    }, {
      "d" : "1756459996251119528",
      "t" : 1756459996251,
      "tn" : 1756459996251119528,
      "q" : "1.5",
      "p" : "0.7543",
      "s" : "sell",
      "i" : "CRV_USD",
      "m" : "4611686018430722177"
    }, {
      "d" : "1756459987538385337",
      "t" : 1756459987538,
      "tn" : 1756459987538385337,
      "q" : "1.5",
      "p" : "0.7545",
      "s" : "sell",
      "i" : "CRV_USD",
      "m" : "4611686018430722176"
    }, {
      "d" : "1756459984189079381",
      "t" : 1756459984189,
      "tn" : 1756459984189079381,
      "q" : "1.5",
      "p" : "0.7545",
      "s" : "sell",
      "i" : "CRV_USD",
      "m" : "4611686018430722175"
    }, {
      "d" : "1756459945153302672",
      "t" : 1756459945153,
      "tn" : 1756459945153302672,
      "q" : "1.5",
      "p" : "0.7538",
      "s" : "sell",
      "i" : "CRV_USD",
      "m" : "4611686018430722174"
    }, {
      "d" : "1756459944930558459",
      "t" : 1756459944930,
      "tn" : 1756459944930558459,
      "q" : "1.5",
      "p" : "0.7540",
      "s" : "sell",
      "i" : "CRV_USD",
      "m" : "4611686018430722173"
    }, {
      "d" : "1756459939964550104",
      "t" : 1756459939964,
      "tn" : 1756459939964550104,
      "q" : "1.5",
      "p" : "0.7544",
      "s" : "sell",
      "i" : "CRV_USD",
      "m" : "4611686018430722172"
    }, {
      "d" : "1756459939954603854",
      "t" : 1756459939954,
      "tn" : 1756459939954603854,
      "q" : "1.5",
      "p" : "0.7544",
      "s" : "sell",
      "i" : "CRV_USD",
      "m" : "4611686018430722171"
    }, {
      "d" : "1756459939947063576",
      "t" : 1756459939947,
      "tn" : 1756459939947063576,
      "q" : "1.5",
      "p" : "0.7546",
      "s" : "sell",
      "i" : "CRV_USD",
      "m" : "4611686018430722170"
    }, {
      "d" : "1756459934778639265",
      "t" : 1756459934778,
      "tn" : 1756459934778639265,
      "q" : "1.5",
      "p" : "0.7549",
      "s" : "sell",
      "i" : "CRV_USD",
      "m" : "4611686018430722169"
    }, {
      "d" : "1756459926372352486",
      "t" : 1756459926372,
      "tn" : 1756459926372352486,
      "q" : "1.5",
      "p" : "0.7550",
      "s" : "sell",
      "i" : "CRV_USD",
      "m" : "4611686018430722168"
    }, {
      "d" : "1756459908835366376",
      "t" : 1756459908835,
      "tn" : 1756459908835366376,
      "q" : "1.5",
      "p" : "0.7548",
      "s" : "sell",
      "i" : "CRV_USD",
      "m" : "4611686018430722167"
    }, {
      "d" : "1756459908495089273",
      "t" : 1756459908495,
      "tn" : 1756459908495089273,
      "q" : "1.5",
      "p" : "0.7549",
      "s" : "sell",
      "i" : "CRV_USD",
      "m" : "4611686018430722166"
    }, {
      "d" : "1756459908369363033",
      "t" : 1756459908369,
      "tn" : 1756459908369363033,
      "q" : "1.5",
      "p" : "0.7550",
      "s" : "sell",
      "i" : "CRV_USD",
      "m" : "4611686018430722165"
    }, {
      "d" : "1756459905141271711",
      "t" : 1756459905141,
      "tn" : 1756459905141271711,
      "q" : "1.5",
      "p" : "0.7551",
      "s" : "sell",
      "i" : "CRV_USD",
      "m" : "4611686018430722164"
    }, {
      "d" : "1756459904838448893",
      "t" : 1756459904838,
      "tn" : 1756459904838448893,
      "q" : "1.5",
      "p" : "0.7552",
      "s" : "sell",
      "i" : "CRV_USD",
      "m" : "4611686018430722163"
    }, {
      "d" : "1756459900246333001",
      "t" : 1756459900246,
      "tn" : 1756459900246333001,
      "q" : "1.5",
      "p" : "0.7554",
      "s" : "sell",
      "i" : "CRV_USD",
      "m" : "4611686018430722162"
    }, {
      "d" : "1756459896731990507",
      "t" : 1756459896731,
      "tn" : 1756459896731990507,
      "q" : "1.5",
      "p" : "0.7556",
      "s" : "sell",
      "i" : "CRV_USD",
      "m" : "4611686018430722161"
    }, {
      "d" : "1756459887231015879",
      "t" : 1756459887231,
      "tn" : 1756459887231015879,
      "q" : "1.5",
      "p" : "0.7556",
      "s" : "sell",
      "i" : "CRV_USD",
      "m" : "4611686018430722160"
    }, {
      "d" : "1756459887215534973",
      "t" : 1756459887215,
      "tn" : 1756459887215534973,
      "q" : "1.5",
      "p" : "0.7557",
      "s" : "sell",
      "i" : "CRV_USD",
      "m" : "4611686018430722159"
    }, {
      "d" : "1756459885141395159",
      "t" : 1756459885141,
      "tn" : 1756459885141395159,
      "q" : "1.5",
      "p" : "0.7558",
      "s" : "sell",
      "i" : "CRV_USD",
      "m" : "4611686018430722158"
    }, {
      "d" : "1756459875683403088",
      "t" : 1756459875683,
      "tn" : 1756459875683403088,
      "q" : "1.5",
      "p" : "0.7560",
      "s" : "sell",
      "i" : "CRV_USD",
      "m" : "4611686018430722157"
    }, {
      "d" : "1756459875051656415",
      "t" : 1756459875051,
      "tn" : 1756459875051656415,
      "q" : "1.5",
      "p" : "0.7562",
      "s" : "sell",
      "i" : "CRV_USD",
      "m" : "4611686018430722156"
    }, {
      "d" : "1756459873818315638",
      "t" : 1756459873818,
      "tn" : 1756459873818315638,
      "q" : "1.5",
      "p" : "0.7563",
      "s" : "sell",
      "i" : "CRV_USD",
      "m" : "4611686018430722155"
    }, {
      "d" : "1756459872736255496",
      "t" : 1756459872736,
      "tn" : 1756459872736255496,
      "q" : "1.5",
      "p" : "0.7564",
      "s" : "sell",
      "i" : "CRV_USD",
      "m" : "4611686018430722154"
    }, {
      "d" : "1756459869967499428",
      "t" : 1756459869967,
      "tn" : 1756459869967499428,
      "q" : "1.5",
      "p" : "0.7564",
      "s" : "sell",
      "i" : "CRV_USD",
      "m" : "4611686018430722153"
    }, {
      "d" : "1756459869877357278",
      "t" : 1756459869877,
      "tn" : 1756459869877357278,
      "q" : "1.5",
      "p" : "0.7564",
      "s" : "sell",
      "i" : "CRV_USD",
      "m" : "4611686018430722152"
    }, {
      "d" : "1756459846365440494",
      "t" : 1756459846365,
      "tn" : 1756459846365440494,
      "q" : "1.5",
      "p" : "0.7563",
      "s" : "sell",
      "i" : "CRV_USD",
      "m" : "4611686018430722151"
    }, {
      "d" : "1756459846220579971",
      "t" : 1756459846220,
      "tn" : 1756459846220579971,
      "q" : "1.5",
      "p" : "0.7564",
      "s" : "sell",
      "i" : "CRV_USD",
      "m" : "4611686018430722150"
    }, {
      "d" : "1756459831786967742",
      "t" : 1756459831786,
      "tn" : 1756459831786967742,
      "q" : "1.5",
      "p" : "0.7560",
      "s" : "sell",
      "i" : "CRV_USD",
      "m" : "4611686018430722149"
    }, {
      "d" : "1756459814585104526",
      "t" : 1756459814585,
      "tn" : 1756459814585104526,
      "q" : "1.5",
      "p" : "0.7555",
      "s" : "sell",
      "i" : "CRV_USD",
      "m" : "4611686018430722148"
    }, {
      "d" : "1756459813541357855",
      "t" : 1756459813541,
      "tn" : 1756459813541357855,
      "q" : "1.5",
      "p" : "0.7557",
      "s" : "sell",
      "i" : "CRV_USD",
      "m" : "4611686018430722147"
    }, {
      "d" : "1756459812681426724",
      "t" : 1756459812681,
      "tn" : 1756459812681426724,
      "q" : "1.5",
      "p" : "0.7557",
      "s" : "sell",
      "i" : "CRV_USD",
      "m" : "4611686018430722146"
    }, {
      "d" : "1756459808540494674",
      "t" : 1756459808540,
      "tn" : 1756459808540494674,
      "q" : "1.5",
      "p" : "0.7558",
      "s" : "sell",
      "i" : "CRV_USD",
      "m" : "4611686018430722145"
    }, {
      "d" : "1756459807032512419",
      "t" : 1756459807032,
      "tn" : 1756459807032512419,
      "q" : "1.5",
      "p" : "0.7560",
      "s" : "sell",
      "i" : "CRV_USD",
      "m" : "4611686018430722144"
    }, {
      "d" : "1756459802094126153",
      "t" : 1756459802094,
      "tn" : 1756459802094126153,
      "q" : "1.5",
      "p" : "0.7560",
      "s" : "sell",
      "i" : "CRV_USD",
      "m" : "4611686018430722143"
    }, {
      "d" : "1756459799957084243",
      "t" : 1756459799957,
      "tn" : 1756459799957084243,
      "q" : "1.5",
      "p" : "0.7560",
      "s" : "sell",
      "i" : "CRV_USD",
      "m" : "4611686018430722142"
    }, {
      "d" : "1756459788656086303",
      "t" : 1756459788656,
      "tn" : 1756459788656086303,
      "q" : "1.5",
      "p" : "0.7559",
      "s" : "sell",
      "i" : "CRV_USD",
      "m" : "4611686018430722141"
    }, {
      "d" : "1756459753680112269",
      "t" : 1756459753680,
      "tn" : 1756459753680112269,
      "q" : "1.5",
      "p" : "0.7555",
      "s" : "sell",
      "i" : "CRV_USD",
      "m" : "4611686018430722140"
    }, {
      "d" : "1756459734594940765",
      "t" : 1756459734594,
      "tn" : 1756459734594940765,
      "q" : "1.5",
      "p" : "0.7550",
      "s" : "sell",
      "i" : "CRV_USD",
      "m" : "4611686018430722139"
    }, {
      "d" : "1756459733567125181",
      "t" : 1756459733567,
      "tn" : 1756459733567125181,
      "q" : "1.5",
      "p" : "0.7550",
      "s" : "sell",
      "i" : "CRV_USD",
      "m" : "4611686018430722138"
    }, {
      "d" : "1756459715142069007",
      "t" : 1756459715142,
      "tn" : 1756459715142069007,
      "q" : "1.5",
      "p" : "0.7552",
      "s" : "sell",
      "i" : "CRV_USD",
      "m" : "4611686018430722137"
    }, {
      "d" : "1756459712330184079",
      "t" : 1756459712330,
      "tn" : 1756459712330184079,
      "q" : "1.5",
      "p" : "0.7552",
      "s" : "sell",
      "i" : "CRV_USD",
      "m" : "4611686018430722136"
    }, {
      "d" : "1756459710360350273",
      "t" : 1756459710360,
      "tn" : 1756459710360350273,
      "q" : "1.5",
      "p" : "0.7553",
      "s" : "sell",
      "i" : "CRV_USD",
      "m" : "4611686018430722135"
    }, {
      "d" : "1756459681607561836",
      "t" : 1756459681607,
      "tn" : 1756459681607561836,
      "q" : "37.9",
      "p" : "0.7540",
      "s" : "buy",
      "i" : "CRV_USD",
      "m" : "4611686018430722134"
    }, {
      "d" : "1756459681605139537",
      "t" : 1756459681605,
      "tn" : 1756459681605139537,
      "q" : "104.6",
      "p" : "0.7540",
      "s" : "buy",
      "i" : "CRV_USD",
      "m" : "4611686018430722133"
    }, {
      "d" : "1756459681601422205",
      "t" : 1756459681601,
      "tn" : 1756459681601422205,
      "q" : "104.6",
      "p" : "0.7540",
      "s" : "buy",
      "i" : "CRV_USD",
      "m" : "4611686018430722132"
    }, {
      "d" : "1756459681555837959",
      "t" : 1756459681555,
      "tn" : 1756459681555837959,
      "q" : "66.0",
      "p" : "0.7540",
      "s" : "buy",
      "i" : "CRV_USD",
      "m" : "4611686018430722131"
    }, {
      "d" : "1756459680525874471",
      "t" : 1756459680525,
      "tn" : 1756459680525874471,
      "q" : "1.5",
      "p" : "0.7544",
      "s" : "sell",
      "i" : "CRV_USD",
      "m" : "4611686018430722130"
    }, {
      "d" : "1756459665788284207",
      "t" : 1756459665788,
      "tn" : 1756459665788284207,
      "q" : "1.5",
      "p" : "0.7542",
      "s" : "sell",
      "i" : "CRV_USD",
      "m" : "4611686018430722129"
    }, {
      "d" : "1756459662681706305",
      "t" : 1756459662681,
      "tn" : 1756459662681706305,
      "q" : "66.1",
      "p" : "0.7538",
      "s" : "buy",
      "i" : "CRV_USD",
      "m" : "4611686018430722128"
    }, {
      "d" : "1756459659815143493",
      "t" : 1756459659815,
      "tn" : 1756459659815143493,
      "q" : "1.5",
      "p" : "0.7540",
      "s" : "sell",
      "i" : "CRV_USD",
      "m" : "4611686018430722127"
    }, {
      "d" : "1756459348950741074",
      "t" : 1756459348950,
      "tn" : 1756459348950741074,
      "q" : "1.5",
      "p" : "0.7568",
      "s" : "buy",
      "i" : "CRV_USD",
      "m" : "4611686018430722126"
    }, {
      "d" : "1756459317329068683",
      "t" : 1756459317329,
      "tn" : 1756459317329068683,
      "q" : "1.5",
      "p" : "0.7573",
      "s" : "buy",
      "i" : "CRV_USD",
      "m" : "4611686018430722125"
    }, {
      "d" : "1756459231383210713",
      "t" : 1756459231383,
      "tn" : 1756459231383210713,
      "q" : "1.5",
      "p" : "0.7568",
      "s" : "sell",
      "i" : "CRV_USD",
      "m" : "4611686018430722124"
    }, {
      "d" : "1756459217709025632",
      "t" : 1756459217709,
      "tn" : 1756459217709025632,
      "q" : "1.5",
      "p" : "0.7566",
      "s" : "sell",
      "i" : "CRV_USD",
      "m" : "4611686018430722123"
    }, {
      "d" : "1756459216529266569",
      "t" : 1756459216529,
      "tn" : 1756459216529266569,
      "q" : "1.5",
      "p" : "0.7566",
      "s" : "sell",
      "i" : "CRV_USD",
      "m" : "4611686018430722122"
    }, {
      "d" : "1756459213690299340",
      "t" : 1756459213690,
      "tn" : 1756459213690299340,
      "q" : "1.5",
      "p" : "0.7566",
      "s" : "sell",
      "i" : "CRV_USD",
      "m" : "4611686018430722121"
    }, {
      "d" : "1756459212018300721",
      "t" : 1756459212018,
      "tn" : 1756459212018300721,
      "q" : "1.5",
      "p" : "0.7569",
      "s" : "sell",
      "i" : "CRV_USD",
      "m" : "4611686018430722120"
    }, {
      "d" : "1756459211290115098",
      "t" : 1756459211290,
      "tn" : 1756459211290115098,
      "q" : "1.5",
      "p" : "0.7569",
      "s" : "sell",
      "i" : "CRV_USD",
      "m" : "4611686018430722119"
    }, {
      "d" : "1756459208469539611",
      "t" : 1756459208469,
      "tn" : 1756459208469539611,
      "q" : "1.5",
      "p" : "0.7569",
      "s" : "sell",
      "i" : "CRV_USD",
      "m" : "4611686018430722118"
    }, {
      "d" : "1756459198996412400",
      "t" : 1756459198996,
      "tn" : 1756459198996412400,
      "q" : "1.5",
      "p" : "0.7566",
      "s" : "sell",
      "i" : "CRV_USD",
      "m" : "4611686018430722117"
    }, {
      "d" : "1756459195454922777",
      "t" : 1756459195454,
      "tn" : 1756459195454922777,
      "q" : "1.5",
      "p" : "0.7567",
      "s" : "sell",
      "i" : "CRV_USD",
      "m" : "4611686018430722116"
    }, {
      "d" : "1756459191467371152",
      "t" : 1756459191467,
      "tn" : 1756459191467371152,
      "q" : "1.5",
      "p" : "0.7566",
      "s" : "sell",
      "i" : "CRV_USD",
      "m" : "4611686018430722115"
    } ]
  }
}