{
  "id" : -1,
  "method" : "public/get-trades",
  "code" : 0,
  "result" : {
    "data" : [ {
      "d" : "1756460102789010420",
      "t" : 1756460102789,
      "tn" : 1756460102789010420,
      "q" : "1.5",
      "p" : "0.7534",
      "s" : "sell",
      "i" : "CRV_USDT",
      "m" : "4611686018430887106"
    }, {
      "d" : "1756460040458922762",
      "t" : 1756460040458,
      "tn" : 1756460040458922762,
      "q" : "1.5",
      "p" : "0.7536",
      "s" : "sell",
      "i" : "CRV_USDT",
      "m" : "4611686018430887105"
    }, {
      "d" : "1756460013914904002",
      "t" : 1756460013914,
      "tn" : 1756460013914904002,
      "q" : "1.5",
      "p" : "0.7537",
      "s" : "sell",
      "i" : "CRV_USDT",
      "m" : "4611686018430887104"
    }, {
      "d" : "1756460012325783246",
      "t" : 1756460012325,
      "tn" : 1756460012325783246,
      "q" : "1.5",
      "p" : "0.7538",
      "s" : "sell",
      "i" : "CRV_USDT",
      "m" : "4611686018430887103"
    }, {
      "d" : "1756459996251622517",
      "t" : 1756459996251,
      "tn" : 1756459996251622517,
      "q" : "1.5",
      "p" : "0.7541",
      "s" : "sell",
      "i" : "CRV_USDT",
      "m" : "4611686018430887102"
    }, {
      "d" : "1756459994039054561",
      "t" : 1756459994039,
      "tn" : 1756459994039054561,
      "q" : "1.5",
      "p" : "0.7542",
      "s" : "sell",
      "i" : "CRV_USDT",
      "m" : "4611686018430887101"
    }, {
      "d" : "1756459955210817587",
      "t" : 1756459955210,
      "tn" : 1756459955210817587,
      "q" : "1.5",
      "p" : "0.7540",
      "s" : "buy",
      "i" : "CRV_USDT",
      "m" : "4611686018430887100"
    }, {
      "d" : "1756459941477605680",
      "t" : 1756459941477,
      "tn" : 1756459941477605680,
      "q" : "1.5",
      "p" : "0.7539",
      "s" : "sell",
      "i" : "CRV_USDT",
      "m" : "4611686018430887099"
    }, {
      "d" : "1756459934781626065",
      "t" : 1756459934781,
      "tn" : 1756459934781626065,
      "q" : "1.5",
      "p" : "0.7547",
      "s" : "sell",
      "i" : "CRV_USDT",
      "m" : "4611686018430887098"
    }, {
      "d" : "1756459934778630290",
      "t" : 1756459934778,
      "tn" : 1756459934778630290,
      "q" : "23.1",
      "p" : "0.7546",
      "s" : "sell",
      "i" : "CRV_USDT",
      "m" : "4611686018430887097"
    }, {
      "d" : "1756459934778627632",
      "t" : 1756459934778,
      "tn" : 1756459934778627632,
      "q" : "1.5",
      "p" : "0.7548",
      "s" : "sell",
      "i" : "CRV_USDT",
      "m" : "4611686018430887096"
    }, {
      "d" : "1756459908495834399",
      "t" : 1756459908495,
      "tn" : 1756459908495834399,
      "q" : "1.5",
      "p" : "0.7548",
      "s" : "sell",
      "i" : "CRV_USDT",
      "m" : "4611686018430887095"
    }, {
      "d" : "1756459903837930450",
      "t" : 1756459903837,
      "tn" : 1756459903837930450,
      "q" : "1.5",
      "p" : "0.7551",
      "s" : "sell",
      "i" : "CRV_USDT",
      "m" : "4611686018430887094"
    }, {
      "d" : "1756459890201908300",
      "t" : 1756459890201,
      "tn" : 1756459890201908300,
      "q" : "1.5",
      "p" : "0.7554",
      "s" : "sell",
      "i" : "CRV_USDT",
      "m" : "4611686018430887093"
    }, {
      "d" : "1756459876577803235",
      "t" : 1756459876577,
      "tn" : 1756459876577803235,
      "q" : "1.5",
      "p" : "0.7555",
      "s" : "sell",
      "i" : "CRV_USDT",
      "m" : "4611686018430887092"
    }, {
      "d" : "1756459875126882370",
      "t" : 1756459875126,
      "tn" : 1756459875126882370,
      "q" : "1.5",
      "p" : "0.7559",
      "s" : "sell",
      "i" : "CRV_USDT",
      "m" : "4611686018430887091"
    }, {
      "d" : "1756459869863655843",
      "t" : 1756459869863,
      "tn" : 1756459869863655843,
      "q" : "1.5",
      "p" : "0.7563",
      "s" : "sell",
      "i" : "CRV_USDT",
      "m" : "4611686018430887090"
    }, {
      "d" : "1756459865252836255",
      "t" : 1756459865252,
      "tn" : 1756459865252836255,
      "q" : "1.5",
      "p" : "0.7564",
      "s" : "sell",
      "i" : "CRV_USDT",
      "m" : "4611686018430887089"
    }, {
      "d" : "1756459854564808260",
      "t" : 1756459854564,
      "tn" : 1756459854564808260,
      "q" : "1.5",
      "p" : "0.7562",
      "s" : "sell",
      "i" : "CRV_USDT",
      "m" : "4611686018430887088"
    }, {
      "d" : "1756459835952861997",
      "t" : 1756459835952,
      "tn" : 1756459835952861997,
      "q" : "23.1",
      "p" : "0.7565",
      "s" : "buy",
      "i" : "CRV_USDT",
      "m" : "4611686018430887087"
    }, {
      "d" : "1756459348950837645",
      "t" : 1756459348950,
      "tn" : 1756459348950837645,
      "q" : "1.5",
      "p" : "0.7567",
      "s" : "buy",
      "i" : "CRV_USDT",
      "m" : "4611686018430887086"
    }, {
      "d" : "1756459317557402795",
      "t" : 1756459317557,
      "tn" : 1756459317557402795,
      "q" : "1.5",
      "p" : "0.7575",
      "s" : "buy",
      "i" : "CRV_USDT",
      "m" : "4611686018430887085"
    }, {
      "d" : "1756459317328742090",
      "t" : 1756459317328,
      "tn" : 1756459317328742090,
      "q" : "1.5",
      "p" : "0.7572",
      "s" : "buy",
      "i" : "CRV_USDT",
      "m" : "4611686018430887084"
    }, {
      "d" : "1756459296766184957",
      "t" : 1756459296766,
      "tn" : 1756459296766184957,
      "q" : "1.5",
      "p" : "0.7569",
      "s" : "buy",
      "i" : "CRV_USDT",
      "m" : "4611686018430887083"
    }, {
      "d" : "1756459296748812674",
      "t" : 1756459296748,
      "tn" : 1756459296748812674,
      "q" : "1.5",
      "p" : "0.7569",
      "s" : "buy",
      "i" : "CRV_USDT",
      "m" : "4611686018430887082"
    }, {
      "d" : "1756459200357535663",
      "t" : 1756459200357,
      "tn" : 1756459200357535663,
      "q" : "1.5",
      "p" : "0.7562",
      "s" : "sell",
      "i" : "CRV_USDT",
      "m" : "4611686018430887081"
    }, {
      "d" : "1756459191467763675",
      "t" : 1756459191467,
      "tn" : 1756459191467763675,
      "q" : "1.5",
      "p" : "0.7564",
      "s" : "sell",
      "i" : "CRV_USDT",
      "m" : "4611686018430887080"
    }, {
      "d" : "1756459133849679309",
      "t" : 1756459133849,
      "tn" : 1756459133849679309,
      "q" : "1.5",
      "p" : "0.7550",
      "s" : "sell",
      "i" : "CRV_USDT",
      "m" : "4611686018430887079"
    }, {
      "d" : "1756459088526910858",
      "t" : 1756459088526,
      "tn" : 1756459088526910858,
      "q" : "1.5",
      "p" : "0.7557",
      "s" : "buy",
      "i" : "CRV_USDT",
      "m" : "4611686018430887078"
    }, {
      "d" : "1756459083367147204",
      "t" : 1756459083367,
      "tn" : 1756459083367147204,
      "q" : "1.5",
      "p" : "0.7551",
      "s" : "sell",
      "i" : "CRV_USDT",
      "m" : "4611686018430887077"
    }, {
      "d" : "1756459079717837218",
      "t" : 1756459079717,
      "tn" : 1756459079717837218,
      "q" : "1.5",
      "p" : "0.7551",
      "s" : "buy",
      "i" : "CRV_USDT",
      "m" : "4611686018430887076"
    }, {
      "d" : "1756459060552188881",
      "t" : 1756459060552,
      "tn" : 1756459060552188881,
      "q" : "1.5",
      "p" : "0.7545",
      "s" : "buy",
      "i" : "CRV_USDT",
      "m" : "4611686018430887075"
    }, {
      "d" : "1756459049392025587",
      "t" : 1756459049392,
      "tn" : 1756459049392025587,
      "q" : "1.5",
      "p" : "0.7546",
      "s" : "buy",
      "i" : "CRV_USDT",
      "m" : "4611686018430887074"
    }, {
      "d" : "1756458991626538239",
      "t" : 1756458991626,
      "tn" : 1756458991626538239,
      "q" : "1.5",
      "p" : "0.7549",
      "s" : "sell",
      "i" : "CRV_USDT",
      "m" : "4611686018430887073"
    }, {
      "d" : "1756458990187097491",
      "t" : 1756458990187,
      "tn" : 1756458990187097491,
      "q" : "1.5",
      "p" : "0.7549",
      "s" : "sell",
      "i" : "CRV_USDT",
      "m" : "4611686018430887072"
    }, {
      "d" : "1756458988906940380",
      "t" : 1756458988906,
      "tn" : 1756458988906940380,
      "q" : "1.5",
      "p" : "0.7549",
      "s" : "sell",
      "i" : "CRV_USDT",
      "m" : "4611686018430887071"
    }, {
      "d" : "1756458988816296354",
      "t" : 1756458988816,
      "tn" : 1756458988816296354,
      "q" : "1.5",
      "p" : "0.7549",
      "s" : "sell",
      "i" : "CRV_USDT",
      "m" : "4611686018430887070"
    }, {
      "d" : "1756458984732975353",
      "t" : 1756458984732,
      "tn" : 1756458984732975353,
      "q" : "1.5",
      "p" : "0.7549",
      "s" : "sell",
      "i" : "CRV_USDT",
      "m" : "4611686018430887069"
    }, {
      "d" : "1756458984248697361",
      "t" : 1756458984248,
      "tn" : 1756458984248697361,
      "q" : "1.4",
      "p" : "0.7549",
      "s" : "sell",
      "i" : "CRV_USDT",
      "m" : "4611686018430887068"
    }, {
      "d" : "1756458983626906585",
      "t" : 1756458983626,
      "tn" : 1756458983626906585,
      "q" : "1.5",
      "p" : "0.7549",
      "s" : "sell",
      "i" : "CRV_USDT",
      "m" : "4611686018430887067"
    }, {
      "d" : "1756458982740505919",
      "t" : 1756458982740,
      "tn" : 1756458982740505919,
      "q" : "1.4",
      "p" : "0.7549",
      "s" : "sell",
      "i" : "CRV_USDT",
      "m" : "4611686018430887066"
    }, {
      "d" : "1756458730111502602",
      "t" : 1756458730111,
      "tn" : 1756458730111502602,
      "q" : "1.5",
      "p" : "0.7547",
      "s" : "buy",
      "i" : "CRV_USDT",
      "m" : "4611686018430887065"
    }, {
      "d" : "1756458715862871572",
      "t" : 1756458715862,
      "tn" : 1756458715862871572,
      "q" : "1.5",
      "p" : "0.7548",
      "s" : "sell",
      "i" : "CRV_USDT",
      "m" : "4611686018430887064"
    }, {
      "d" : "1756458711756552438",
      "t" : 1756458711756,
      "tn" : 1756458711756552438,
      "q" : "1.5",
      "p" : "0.7547",
      "s" : "buy",
      "i" : "CRV_USDT",
      "m" : "4611686018430887063"
    }, {
      "d" : "1756458711725702712",
      "t" : 1756458711725,
      "tn" : 1756458711725702712,
      "q" : "1.5",
      "p" : "0.7545",
      "s" : "buy",
      "i" : "CRV_USDT",
      "m" : "4611686018430887062"
    }, {
      "d" : "1756458371970242106",
      "t" : 1756458371970,
      "tn" : 1756458371970242105,
      "q" : "142.6",
      "p" : "0.7524",
      "s" : "sell",
      "i" : "CRV_USDT",
      "m" : "4611686018430887061"
    }, {
      "d" : "1756458371970242105",
      "t" : 1756458371970,
      "tn" : 1756458371970242105,
      "q" : "0.1",
      "p" : "0.7524",
      "s" : "sell",
      "i" : "CRV_USDT",
      "m" : "4611686018430887061"
    }, {
      "d" : "1756458369973699639",
      "t" : 1756458369973,
      "tn" : 1756458369973699638,
      "q" : "188.5",
      "p" : "0.7524",
      "s" : "sell",
      "i" : "CRV_USDT",
      "m" : "4611686018430887060"
    }, {
      "d" : "1756458369973699638",
      "t" : 1756458369973,
      "tn" : 1756458369973699638,
      "q" : "167.8",
      "p" : "0.7524",
      "s" : "sell",
      "i" : "CRV_USDT",
      "m" : "4611686018430887060"
    }, {
      "d" : "1756458364725141748",
      "t" : 1756458364725,
      "tn" : 1756458364725141748,
      "q" : "425.5",
      "p" : "0.7524",
      "s" : "sell",
      "i" : "CRV_USDT",
      "m" : "4611686018430887059"
    }, {
      "d" : "1756458309430247537",
      "t" : 1756458309430,
      "tn" : 1756458309430247537,
      "q" : "587.6",
      "p" : "0.7522",
      "s" : "sell",
      "i" : "CRV_USDT",
      "m" : "4611686018430887058"
    }, {
      "d" : "1756458276619669365",
      "t" : 1756458276619,
      "tn" : 1756458276619669365,
      "q" : "1.5",
      "p" : "0.7512",
      "s" : "sell",
      "i" : "CRV_USDT",
      "m" : "4611686018430887057"
    }, {
      "d" : "1756458270495066673",
      "t" : 1756458270495,
      "tn" : 1756458270495066673,
      "q" : "1.5",
      "p" : "0.7510",
      "s" : "buy",
      "i" : "CRV_USDT",
      "m" : "4611686018430887056"
    }, {
      "d" : "1756458252653616158",
      "t" : 1756458252653,
      "tn" : 1756458252653616158,
      "q" : "1.5",
      "p" : "0.7515",
      "s" : "sell",
      "i" : "CRV_USDT",
      "m" : "4611686018430887055"
    }, {
      "d" : "1756458241499056410",
      "t" : 1756458241499,
      "tn" : 1756458241499056410,
      "q" : "1.5",
      "p" : "0.7504",
      "s" : "buy",
      "i" : "CRV_USDT",
      "m" : "4611686018430887054"
    }, {
      "d" : "1756458189991059938",
      "t" : 1756458189991,
      "tn" : 1756458189991059938,
      "q" : "129.7",
      "p" : "0.7526",
      "s" : "buy",
      "i" : "CRV_USDT",
      "m" : "4611686018430887053"
    }, {
      "d" : "1756458189991057284",
      "t" : 1756458189991,
      "tn" : 1756458189991057284,
      "q" : "1.5",
      "p" : "0.7515",
      "s" : "buy",
      "i" : "CRV_USDT",
      "m" : "4611686018430887052"
    }, {
      "d" : "1756458189616213533",
      "t" : 1756458189616,
      "tn" : 1756458189616213533,
      "q" : "1.4",
      "p" : "0.7505",
      "s" : "sell",
      "i" : "CRV_USDT",
      "m" : "4611686018430887051"
    }, {
      "d" : "1756458180781137581",
      "t" : 1756458180781,
      "tn" : 1756458180781137581,
      "q" : "201.0",
      "p" : "0.7500",
      "s" : "sell",
      "i" : "CRV_USDT",
      "m" : "4611686018430887050"
    }, {
      "d" : "1756458179840795381",
      "t" : 1756458179840,
      "tn" : 1756458179840795381,
      "q" : "92.5",
      "p" : "0.7503",
      "s" : "sell",
      "i" : "CRV_USDT",
      "m" : "4611686018430887049"
    }, {
      "d" : "1756458169544704764",
      "t" : 1756458169544,
      "tn" : 1756458169544704764,
      "q" : "1.5",
      "p" : "0.7522",
      "s" : "buy",
      "i" : "CRV_USDT",
      "m" : "4611686018430887048"
    }, {
      "d" : "1756458135041039906",
      "t" : 1756458135041,
      "tn" : 1756458135041039906,
      "q" : "1.5",
      "p" : "0.7541",
      "s" : "sell",
      "i" : "CRV_USDT",
      "m" : "4611686018430887047"
    }, {
      "d" : "1756458132232627054",
      "t" : 1756458132232,
      "tn" : 1756458132232627054,
      "q" : "1.5",
      "p" : "0.7544",
      "s" : "sell",
      "i" : "CRV_USDT",
      "m" : "4611686018430887046"
    }, {
      "d" : "1756458101988749987",
      "t" : 1756458101988,
      "tn" : 1756458101988749987,
      "q" : "1.5",
      "p" : "0.7552",
      "s" : "sell",
      "i" : "CRV_USDT",
      "m" : "4611686018430887045"
    }, {
      "d" : "1756457929564400984",
      "t" : 1756457929564,
      "tn" : 1756457929564400984,
      "q" : "1.5",
      "p" : "0.7554",
      "s" : "buy",
      "i" : "CRV_USDT",
      "m" : "4611686018430887044"
    }, {
      "d" : "1756457929528815171",
      "t" : 1756457929528,
      "tn" : 1756457929528815171,
      "q" : "1.5",
      "p" : "0.7554",
      "s" : "buy",
      "i" : "CRV_USDT",
      "m" : "4611686018430887043"
    }, {
      "d" : "1756457929496967428",
      "t" : 1756457929496,
      "tn" : 1756457929496967428,
      "q" : "1.5",
      "p" : "0.7554",
      "s" : "buy",
      "i" : "CRV_USDT",
      "m" : "4611686018430887042"
    }, {
      "d" : "1756457929364078168",
      "t" : 1756457929364,
      "tn" : 1756457929364078168,
      "q" : "1.5",
      "p" : "0.7554",
      "s" : "buy",
      "i" : "CRV_USDT",
      "m" : "4611686018430887041"
    }, {
      "d" : "1756457929314896064",
      "t" : 1756457929314,
      "tn" : 1756457929314896064,
      "q" : "1.5",
      "p" : "0.7554",
      "s" : "buy",
      "i" : "CRV_USDT",
      "m" : "4611686018430887040"
    }, {
      "d" : "1756457928863976696",
      "t" : 1756457928863,
      "tn" : 1756457928863976696,
      "q" : "1.5",
      "p" : "0.7554",
      "s" : "buy",
      "i" : "CRV_USDT",
      "m" : "4611686018430887039"
    }, {
      "d" : "1756457928762053736",
      "t" : 1756457928762,
      "tn" : 1756457928762053736,
      "q" : "1.5",
      "p" : "0.7554",
      "s" : "buy",
      "i" : "CRV_USDT",
      "m" : "4611686018430887038"
    }, {
      "d" : "1756457928661790968",
      "t" : 1756457928661,
      "tn" : 1756457928661790968,
      "q" : "1.5",
      "p" : "0.7554",
      "s" : "buy",
      "i" : "CRV_USDT",
      "m" : "4611686018430887037"
    }, {
      "d" : "1756457928561662577",
      "t" : 1756457928561,
      "tn" : 1756457928561662577,
      "q" : "1.5",
      "p" : "0.7554",
      "s" : "buy",
      "i" : "CRV_USDT",
      "m" : "4611686018430887036"
    }, {
      "d" : "1756457928526787903",
      "t" : 1756457928526,
      "tn" : 1756457928526787903,
      "q" : "1.5",
      "p" : "0.7554",
      "s" : "buy",
      "i" : "CRV_USDT",
      "m" : "4611686018430887035"
    }, {
      "d" : "1756457928461558511",
      "t" : 1756457928461,
      "tn" : 1756457928461558511,
      "q" : "1.5",
      "p" : "0.7554",
      "s" : "buy",
      "i" : "CRV_USDT",
      "m" : "4611686018430887034"
    }, {
      "d" : "1756457928361371675",
      "t" : 1756457928361,
      "tn" : 1756457928361371675,
      "q" : "1.5",
      "p" : "0.7554",
      "s" : "buy",
      "i" : "CRV_USDT",
      "m" : "4611686018430887033"
    }, {
      "d" : "1756457928224284727",
      "t" : 1756457928224,
      "tn" : 1756457928224284727,
      "q" : "1.5",
      "p" : "0.7554",
      "s" : "buy",
      "i" : "CRV_USDT",
      "m" : "4611686018430887032"
    }, {
      "d" : "1756457925760576269",
      "t" : 1756457925760,
      "tn" : 1756457925760576269,
      "q" : "1.5",
      "p" : "0.7553",
      "s" : "buy",
      "i" : "CRV_USDT",
      "m" : "4611686018430887031"
    }, {
      "d" : "1756457925660235413",
      "t" : 1756457925660,
      "tn" : 1756457925660235413,
      "q" : "1.5",
      "p" : "0.7553",
      "s" : "buy",
      "i" : "CRV_USDT",
      "m" : "4611686018430887030"
    }, {
      "d" : "1756457925530211575",
      "t" : 1756457925530,
      "tn" : 1756457925530211575,
      "q" : "1.5",
      "p" : "0.7553",
      "s" : "buy",
      "i" : "CRV_USDT",
      "m" : "4611686018430887029"
    }, {
      "d" : "1756457921225388013",
      "t" : 1756457921225,
      "tn" : 1756457921225388013,
      "q" : "1.5",
      "p" : "0.7554",
      "s" : "buy",
      "i" : "CRV_USDT",
      "m" : "4611686018430887028"
    }, {
      "d" : "1756457921215430123",
      "t" : 1756457921215,
      "tn" : 1756457921215430123,
      "q" : "1.5",
      "p" : "0.7554",
      "s" : "buy",
      "i" : "CRV_USDT",
      "m" : "4611686018430887027"
    }, {
      "d" : "1756457921185560720",
      "t" : 1756457921185,
      "tn" : 1756457921185560720,
      "q" : "1.5",
      "p" : "0.7554",
      "s" : "buy",
      "i" : "CRV_USDT",
      "m" : "4611686018430887026"
    }, {
      "d" : "1756457921060199362",
      "t" : 1756457921060,
      "tn" : 1756457921060199362,
      "q" : "1.5",
      "p" : "0.7554",
      "s" : "buy",
      "i" : "CRV_USDT",
      "m" : "4611686018430887025"
    }, {
      "d" : "1756457920764615869",
      "t" : 1756457920764,
      "tn" : 1756457920764615869,
      "q" : "1.5",
      "p" : "0.7554",
      "s" : "buy",
      "i" : "CRV_USDT",
      "m" : "4611686018430887024"
    }, {
      "d" : "1756457920659448069",
      "t" : 1756457920659,
      "tn" : 1756457920659448069,
      "q" : "1.5",
      "p" : "0.7554",
      "s" : "buy",
      "i" : "CRV_USDT",
      "m" : "4611686018430887023"
    }, {
      "d" : "1756457920596646712",
      "t" : 1756457920596,
      "tn" : 1756457920596646712,
      "q" : "1.5",
      "p" : "0.7554",
      "s" : "buy",
      "i" : "CRV_USDT",
      "m" : "4611686018430887022"
    }, {
      "d" : "1756457920464134197",
      "t" : 1756457920464,
      "tn" : 1756457920464134197,
      "q" : "1.5",
      "p" : "0.7554",
      "s" : "buy",
      "i" : "CRV_USDT",
      "m" : "4611686018430887021"
    }, {
      "d" : "1756457920363942210",
      "t" : 1756457920363,
      "tn" : 1756457920363942210,
      "q" : "1.5",
      "p" : "0.7554",
      "s" : "buy",
      "i" : "CRV_USDT",
      "m" : "4611686018430887020"
    }, {
      "d" : "1756457920265818984",
      "t" : 1756457920265,
      "tn" : 1756457920265818984,
      "q" : "1.5",
      "p" : "0.7554",
      "s" : "buy",
      "i" : "CRV_USDT",
      "m" : "4611686018430887019"
    }, {
      "d" : "1756457920165681529",
      "t" : 1756457920165,
      "tn" : 1756457920165681529,
      "q" : "1.5",
      "p" : "0.7554",
      "s" : "buy",
      "i" : "CRV_USDT",
      "m" : "4611686018430887018"
    }, {
      "d" : "1756457919864182778",
      "t" : 1756457919864,
      "tn" : 1756457919864182778,
      "q" : "1.5",
      "p" : "0.7554",
      "s" : "buy",
      "i" : "CRV_USDT",
      "m" : "4611686018430887017"
    }, {
      "d" : "1756457919763971198",
      "t" : 1756457919763,
      "tn" : 1756457919763971198,
      "q" : "1.5",
      "p" : "0.7554",
      "s" : "buy",
      "i" : "CRV_USDT",
      "m" : "4611686018430887016"
    }, {
      "d" : "1756457919562141903",
      "t" : 1756457919562,
      "tn" : 1756457919562141903,
      "q" : "1.5",
      "p" : "0.7554",
      "s" : "buy",
      "i" : "CRV_USDT",
      "m" : "4611686018430887015"
    }, {
      "d" : "1756457919527090036",
      "t" : 1756457919527,
      "tn" : 1756457919527090036,
      "q" : "1.5",
      "p" : "0.7554",
      "s" : "buy",
      "i" : "CRV_USDT",
      "m" : "4611686018430887014"
    }, {
      "d" : "1756457919082790862",
      "t" : 1756457919082,
      "tn" : 1756457919082790862,
      "q" : "1.5",
      "p" : "0.7554",
      "s" : "buy",
      "i" : "CRV_USDT",
      "m" : "4611686018430887013"
    }, {
      "d" : "1756457918760329669",
      "t" : 1756457918760,
      "tn" : 1756457918760329669,
      "q" : "1.5",
      "p" : "0.7554",
      "s" : "buy",
      "i" : "CRV_USDT",
      "m" : "4611686018430887012"
    }, {
      "d" : "1756457918565076120",
      "t" : 1756457918565,
      "tn" : 1756457918565076120,
      "q" : "1.5",
      "p" : "0.7554",
      "s" : "buy",
      "i" : "CRV_USDT",
      "m" : "4611686018430887011"
    }, {
      "d" : "1756457918548327827",
      "t" : 1756457918548,
      "tn" : 1756457918548327827,
      "q" : "1.5",
      "p" : "0.7554",
      "s" : "buy",
      "i" : "CRV_USDT",
      "m" : "4611686018430887010"
    }, {
      "d" : "1756457918459922509",
      "t" : 1756457918459,
      "tn" : 1756457918459922509,
      "q" : "1.5",
      "p" : "0.7554",
      "s" : "buy",
      "i" : "CRV_USDT",
      "m" : "4611686018430887009"
    }, {
      "d" : "1756457918264074274",
      "t" : 1756457918264,
      "tn" : 1756457918264074274,
      "q" : "1.5",
      "p" : "0.7554",
      "s" : "buy",
      "i" : "CRV_USDT",
      "m" : "4611686018430887008"
    }, {
      "d" : "1756457918210885474",
      "t" : 1756457918210,
      "tn" : 1756457918210885474,
      "q" : "1.5",
      "p" : "0.7554",
      "s" : "buy",
      "i" : "CRV_USDT",
      "m" : "4611686018430887007"
    }, {
      "d" : "1756457917964082665",
      "t" : 1756457917964,
      "tn" : 1756457917964082665,
      "q" : "1.5",
      "p" : "0.7554",
      "s" : "buy",
      "i" : "CRV_USDT",
      "m" : "4611686018430887006"
    }, {
      "d" : "1756457917763376473",
      "t" : 1756457917763,
      "tn" : 1756457917763376473,
      "q" : "1.5",
      "p" : "0.7554",
      "s" : "buy",
      "i" : "CRV_USDT",
      "m" : "4611686018430887005"
    }, {
      "d" : "1756457917663125002",
      "t" : 1756457917663,
      "tn" : 1756457917663125002,
      "q" : "1.5",
      "p" : "0.7554",
      "s" : "buy",
      "i" : "CRV_USDT",
      "m" : "4611686018430887004"
    }, {
      "d" : "1756457917563017416",
      "t" : 1756457917563,
      "tn" : 1756457917563017416,
      "q" : "1.5",
      "p" : "0.7554",
      "s" : "buy",
      "i" : "CRV_USDT",
      "m" : "4611686018430887003"
    }, {
      "d" : "1756457917528027622",
      "t" : 1756457917528,
      "tn" : 1756457917528027622,
      "q" : "1.5",
      "p" : "0.7554",
      "s" : "buy",
      "i" : "CRV_USDT",
      "m" : "4611686018430887002"
    }, {
      "d" : "1756457917367770364",
      "t" : 1756457917367,
      "tn" : 1756457917367770364,
      "q" : "1.5",
      "p" : "0.7554",
      "s" : "buy",
      "i" : "CRV_USDT",
      "m" : "4611686018430887001"
    }, {
      "d" : "1756457917288625683",
      "t" : 1756457917288,
      "tn" : 1756457917288625683,
      "q" : "1.5",
      "p" : "0.7554",
      "s" : "buy",
      "i" : "CRV_USDT",
      "m" : "4611686018430887000"
    }, {
      "d" : "1756457916962612841",
      "t" : 1756457916962,
      "tn" : 1756457916962612841,
      "q" : "1.5",
      "p" : "0.7554",
      "s" : "buy",
      "i" : "CRV_USDT",
      "m" : "4611686018430886999"
    }, {
      "d" : "1756457916159838047",
      "t" : 1756457916159,
      "tn" : 1756457916159838047,
      "q" : "1.5",
      "p" : "0.7554",
      "s" : "buy",
      "i" : "CRV_USDT",
      "m" : "4611686018430886998"
    }, {
      "d" : "1756457916135098727",
      "t" : 1756457916135,
      "tn" : 1756457916135098727,
      "q" : "1.5",
      "p" : "0.7554",
      "s" : "buy",
      "i" : "CRV_USDT",
      "m" : "4611686018430886997"
    }, {
      "d" : "1756457916042049807",
      "t" : 1756457916042,
      "tn" : 1756457916042049807,
      "q" : "1.5",
      "p" : "0.7554",
      "s" : "buy",
      "i" : "CRV_USDT",
      "m" : "4611686018430886996"
    }, {
      "d" : "1756457908564910956",
      "t" : 1756457908564,
      "tn" : 1756457908564910956,
      "q" : "1.5",
      "p" : "0.7554",
      "s" : "buy",
      "i" : "CRV_USDT",
      "m" : "4611686018430886995"
    }, {
      "d" : "1756457908524914244",
      "t" : 1756457908524,
      "tn" : 1756457908524914244,
      "q" : "1.5",
      "p" : "0.7554",
      "s" : "buy",
      "i" : "CRV_USDT",
      "m" : "4611686018430886994"
    }, {
      "d" : "1756457908460584889",
      "t" : 1756457908460,
      "tn" : 1756457908460584889,
      "q" : "1.5",
      "p" : "0.7554",
      "s" : "buy",
      "i" : "CRV_USDT",
      "m" : "4611686018430886993"
    }, {
      "d" : "1756457908164404307",
      "t" : 1756457908164,
      "tn" : 1756457908164404307,
      "q" : "1.5",
      "p" : "0.7554",
      "s" : "buy",
      "i" : "CRV_USDT",
      "m" : "4611686018430886992"
    }, {
      "d" : "1756457908064271005",
      "t" : 1756457908064,
      "tn" : 1756457908064271005,
      "q" : "1.5",
      "p" : "0.7554",
      "s" : "buy",
      "i" : "CRV_USDT",
      "m" : "4611686018430886991"
    }, {
      "d" : "1756457907963599086",
      "t" : 1756457907963,
      "tn" : 1756457907963599086,
      "q" : "1.5",
      "p" : "0.7554",
      "s" : "buy",
      "i" : "CRV_USDT",
      "m" : "4611686018430886990"
    }, {
      "d" : "1756457907902869271",
      "t" : 1756457907902,
      "tn" : 1756457907902869271,
      "q" : "1.5",
      "p" : "0.7554",
      "s" : "buy",
      "i" : "CRV_USDT",
      "m" : "4611686018430886989"
    }, {
      "d" : "1756457907780844373",
      "t" : 1756457907780,
      "tn" : 1756457907780844373,
      "q" : "1.5",
      "p" : "0.7554",
      "s" : "buy",
      "i" : "CRV_USDT",
      "m" : "4611686018430886988"
    }, {
      "d" : "1756457907667236023",
      "t" : 1756457907667,
      "tn" : 1756457907667236023,
      "q" : "1.5",
      "p" : "0.7554",
      "s" : "buy",
      "i" : "CRV_USDT",
      "m" : "4611686018430886987"
    }, {
      "d" : "1756457907573893036",
      "t" : 1756457907573,
      "tn" : 1756457907573893036,
      "q" : "1.5",
      "p" : "0.7554",
      "s" : "buy",
      "i" : "CRV_USDT",
      "m" : "4611686018430886986"
    }, {
      "d" : "1756457733213681590",
      "t" : 1756457733213,
      "tn" : 1756457733213681590,
      "q" : "1.5",
      "p" : "0.7565",
      "s" : "sell",
      "i" : "CRV_USDT",
      "m" : "4611686018430886985"
    }, {
      "d" : "1756457731729926425",
      "t" : 1756457731729,
      "tn" : 1756457731729926425,
      "q" : "1.5",
      "p" : "0.7565",
      "s" : "buy",
      "i" : "CRV_USDT",
      "m" : "4611686018430886984"
    }, {
      "d" : "1756457711047606501",
      "t" : 1756457711047,
      "tn" : 1756457711047606501,
      "q" : "1.5",
      "p" : "0.7572",
      "s" : "buy",
      "i" : "CRV_USDT",
      "m" : "4611686018430886983"
    }, {
      "d" : "1756457704331869704",
      "t" : 1756457704331,
      "tn" : 1756457704331869704,
      "q" : "3.0",
      "p" : "0.7565",
      "s" : "sell",
      "i" : "CRV_USDT",
      "m" : "4611686018430886982"
    }, {
      "d" : "1756457698336696766",
      "t" : 1756457698336,
      "tn" : 1756457698336696766,
      "q" : "1.5",
      "p" : "0.7564",
      "s" : "buy",
      "i" : "CRV_USDT",
      "m" : "4611686018430886981"
    }, {
      "d" : "1756457654182736865",
      "t" : 1756457654182,
      "tn" : 1756457654182736865,
      "q" : "1.5",
      "p" : "0.7570",
      "s" : "sell",
      "i" : "CRV_USDT",
      "m" : "4611686018430886980"
    }, {
      "d" : "1756457640699712553",
      "t" : 1756457640699,
      "tn" : 1756457640699712553,
      "q" : "1.5",
      "p" : "0.7572",
      "s" : "buy",
      "i" : "CRV_USDT",
      "m" : "4611686018430886979"
    }, {
      "d" : "1756457626243948305",
      "t" : 1756457626243,
      "tn" : 1756457626243948305,
      "q" : "1.5",
      "p" : "0.7571",
      "s" : "buy",
      "i" : "CRV_USDT",
      "m" : "4611686018430886978"
    }, {
      "d" : "1756457568034162232",
      "t" : 1756457568034,
      "tn" : 1756457568034162232,
      "q" : "1.5",
      "p" : "0.7567",
      "s" : "sell",
      "i" : "CRV_USDT",
      "m" : "4611686018430886977"
    }, {
      "d" : "1756457568032183045",
      "t" : 1756457568032,
      "tn" : 1756457568032183045,
      "q" : "1.5",
      "p" : "0.7569",
      "s" : "sell",
      "i" : "CRV_USDT",
      "m" : "4611686018430886976"
    }, {
      "d" : "1756457521386318284",
      "t" : 1756457521386,
      "tn" : 1756457521386318284,
      "q" : "0.6",
      "p" : "0.7585",
      "s" : "buy",
      "i" : "CRV_USDT",
      "m" : "4611686018430886975"
    }, {
      "d" : "1756457521386316209",
      "t" : 1756457521386,
      "tn" : 1756457521386316209,
      "q" : "1.5",
      "p" : "0.7578",
      "s" : "buy",
      "i" : "CRV_USDT",
      "m" : "4611686018430886974"
    }, {
      "d" : "1756457404363010491",
      "t" : 1756457404363,
      "tn" : 1756457404363010491,
      "q" : "1.5",
      "p" : "0.7594",
      "s" : "sell",
      "i" : "CRV_USDT",
      "m" : "4611686018430886973"
    }, {
      "d" : "1756457387632816598",
      "t" : 1756457387632,
      "tn" : 1756457387632816598,
      "q" : "1.5",
      "p" : "0.7590",
      "s" : "buy",
      "i" : "CRV_USDT",
      "m" : "4611686018430886972"
    }, {
      "d" : "1756457292664291143",
      "t" : 1756457292664,
      "tn" : 1756457292664291143,
      "q" : "1.5",
      "p" : "0.7590",
      "s" : "sell",
      "i" : "CRV_USDT",
      "m" : "4611686018430886971"
    }, {
      "d" : "1756457291459959238",
      "t" : 1756457291459,
      "tn" : 1756457291459959238,
      "q" : "131.5",
      "p" : "0.7600",
      "s" : "sell",
      "i" : "CRV_USDT",
      "m" : "4611686018430886970"
    }, {
      "d" : "1756457280397814321",
      "t" : 1756457280397,
      "tn" : 1756457280397814321,
      "q" : "1.5",
      "p" : "0.7603",
      "s" : "sell",
      "i" : "CRV_USDT",
      "m" : "4611686018430886969"
    }, {
      "d" : "1756457256943810701",
      "t" : 1756457256943,
      "tn" : 1756457256943810701,
      "q" : "1.5",
      "p" : "0.7604",
      "s" : "buy",
      "i" : "CRV_USDT",
      "m" : "4611686018430886968"
    }, {
      "d" : "1756456631468537025",
      "t" : 1756456631468,
      "tn" : 1756456631468537025,
      "q" : "1.5",
      "p" : "0.7617",
      "s" : "sell",
      "i" : "CRV_USDT",
      "m" : "4611686018430886967"
    }, {
      "d" : "1756456596884656201",
      "t" : 1756456596884,
      "tn" : 1756456596884656201,
      "q" : "1.5",
      "p" : "0.7620",
      "s" : "buy",
      "i" : "CRV_USDT",
      "m" : "4611686018430886966"
    }, {
      "d" : "1756456574234687314",
      "t" : 1756456574234,
      "tn" : 1756456574234687314,
      "q" : "1.5",
      "p" : "0.7615",
      "s" : "sell",
      "i" : "CRV_USDT",
      "m" : "4611686018430886965"
    }, {
      "d" : "1756456568618826700",
      "t" : 1756456568618,
      "tn" : 1756456568618826700,
      "q" : "1.5",
      "p" : "0.7618",
      "s" : "buy",
      "i" : "CRV_USDT",
      "m" : "4611686018430886964"
    }, {
      "d" : "1756456351763746177",
      "t" : 1756456351763,
      "tn" : 1756456351763746177,
      "q" : "1.5",
      "p" : "0.7640",
      "s" : "buy",
      "i" : "CRV_USDT",
      "m" : "4611686018430886963"
    }, {
      "d" : "1756456081320867483",
      "t" : 1756456081320,
      "tn" : 1756456081320867483,
      "q" : "3.0",
      "p" : "0.7632",
      "s" : "sell",
      "i" : "CRV_USDT",
      "m" : "4611686018430886962"
    }, {
      "d" : "1756456076831014597",
      "t" : 1756456076831,
      "tn" : 1756456076831014597,
      "q" : "1.5",
      "p" : "0.7634",
      "s" : "buy",
      "i" : "CRV_USDT",
      "m" : "4611686018430886961"
    }, {
      "d" : "1756455487605010161",
      "t" : 1756455487605,
      "tn" : 1756455487605010161,
      "q" : "1.5",
      "p" : "0.7635",
      "s" : "sell",
      "i" : "CRV_USDT",
      "m" : "4611686018430886960"
    }, {
      "d" : "1756455483633838030",
      "t" : 1756455483633,
      "tn" : 1756455483633838030,
      "q" : "1.5",
      "p" : "0.7635",
      "s" : "buy",
      "i" : "CRV_USDT",
      "m" : "4611686018430886959"
    } ]
  }
}