{
  "id" : -1,
  "method" : "public/get-trades",
  "code" : 0,
  "result" : {
    "data" : [ {
      "d" : "1756460591000250621",
      "t" : 1756460591000,
      "tn" : 1756460591000250621,
      "q" : "1",
      "p" : "0.7523",
      "s" : "buy",
      "i" : "CRVUSD-PERP",
      "m" : "4611686018432389133"
    }, {
      "d" : "1756460364670604493",
      "t" : 1756460364670,
      "tn" : 1756460364670604493,
      "q" : "1",
      "p" : "0.7513",
      "s" : "buy",
      "i" : "CRVUSD-PERP",
      "m" : "4611686018432389132"
    }, {
      "d" : "1756460172223355234",
      "t" : 1756460172223,
      "tn" : 1756460172223355234,
      "q" : "1",
      "p" : "0.7528",
      "s" : "sell",
      "i" : "CRVUSD-PERP",
      "m" : "4611686018432389131"
    }, {
      "d" : "1756459945062726454",
      "t" : 1756459945062,
      "tn" : 1756459945062726454,
      "q" : "1",
      "p" : "0.7539",
      "s" : "sell",
      "i" : "CRVUSD-PERP",
      "m" : "4611686018432389130"
    }, {
      "d" : "1756459841042999163",
      "t" : 1756459841042,
      "tn" : 1756459841042999163,
      "q" : "1",
      "p" : "0.7563",
      "s" : "buy",
      "i" : "CRVUSD-PERP",
      "m" : "4611686018432389129"
    }, {
      "d" : "1756459814577266822",
      "t" : 1756459814577,
      "tn" : 1756459814577266821,
      "q" : "24",
      "p" : "0.7554",
      "s" : "sell",
      "i" : "CRVUSD-PERP",
      "m" : "4611686018432389128"
    }, {
      "d" : "1756459814577266821",
      "t" : 1756459814577,
      "tn" : 1756459814577266821,
      "q" : "1",
      "p" : "0.7554",
      "s" : "sell",
      "i" : "CRVUSD-PERP",
      "m" : "4611686018432389128"
    }, {
      "d" : "1756459681554369687",
      "t" : 1756459681554,
      "tn" : 1756459681554369687,
      "q" : "66",
      "p" : "0.7544",
      "s" : "buy",
      "i" : "CRVUSD-PERP",
      "m" : "4611686018432389127"
    }, {
      "d" : "1756459681554368272",
      "t" : 1756459681554,
      "tn" : 1756459681554368272,
      "q" : "1",
      "p" : "0.7543",
      "s" : "buy",
      "i" : "CRVUSD-PERP",
      "m" : "4611686018432389126"
    }, {
      "d" : "1756459662680505125",
      "t" : 1756459662680,
      "tn" : 1756459662680505125,
      "q" : "66",
      "p" : "0.7542",
      "s" : "buy",
      "i" : "CRVUSD-PERP",
      "m" : "4611686018432389125"
    }, {
      "d" : "1756459662680503424",
      "t" : 1756459662680,
      "tn" : 1756459662680503424,
      "q" : "1",
      "p" : "0.7541",
      "s" : "buy",
      "i" : "CRVUSD-PERP",
      "m" : "4611686018432389124"
    }, {
      "d" : "1756459565653022563",
      "t" : 1756459565653,
      "tn" : 1756459565653022563,
      "q" : "1",
      "p" : "0.7554",
      "s" : "buy",
      "i" : "CRVUSD-PERP",
      "m" : "4611686018432389123"
    }, {
      "d" : "1756459377763227877",
      "t" : 1756459377763,
      "tn" : 1756459377763227877,
      "q" : "1",
      "p" : "0.7568",
      "s" : "buy",
      "i" : "CRVUSD-PERP",
      "m" : "4611686018432389122"
    }, {
      "d" : "1756458591655756420",
      "t" : 1756458591655,
      "tn" : 1756458591655756420,
      "q" : "1",
      "p" : "0.7527",
      "s" : "buy",
      "i" : "CRVUSD-PERP",
      "m" : "4611686018432389121"
    }, {
      "d" : "1756458591655753276",
      "t" : 1756458591655,
      "tn" : 1756458591655753276,
      "q" : "1",
      "p" : "0.7525",
      "s" : "buy",
      "i" : "CRVUSD-PERP",
      "m" : "4611686018432389120"
    }, {
      "d" : "1756458306725882997",
      "t" : 1756458306725,
      "tn" : 1756458306725882997,
      "q" : "49",
      "p" : "0.7529",
      "s" : "buy",
      "i" : "CRVUSD-PERP",
      "m" : "4611686018432389119"
    }, {
      "d" : "1756458306645153485",
      "t" : 1756458306645,
      "tn" : 1756458306645153485,
      "q" : "50",
      "p" : "0.7528",
      "s" : "buy",
      "i" : "CRVUSD-PERP",
      "m" : "4611686018432389118"
    }, {
      "d" : "1756458189704946318",
      "t" : 1756458189704,
      "tn" : 1756458189704946318,
      "q" : "84",
      "p" : "0.7508",
      "s" : "buy",
      "i" : "CRVUSD-PERP",
      "m" : "4611686018432389117"
    }, {
      "d" : "1756458189704928821",
      "t" : 1756458189704,
      "tn" : 1756458189704928821,
      "q" : "182",
      "p" : "0.7508",
      "s" : "buy",
      "i" : "CRVUSD-PERP",
      "m" : "4611686018432389116"
    }, {
      "d" : "1756458189662616349",
      "t" : 1756458189662,
      "tn" : 1756458189662616349,
      "q" : "66",
      "p" : "0.7506",
      "s" : "buy",
      "i" : "CRVUSD-PERP",
      "m" : "4611686018432389115"
    }, {
      "d" : "1756458189662615109",
      "t" : 1756458189662,
      "tn" : 1756458189662615109,
      "q" : "1",
      "p" : "0.7505",
      "s" : "buy",
      "i" : "CRVUSD-PERP",
      "m" : "4611686018432389114"
    }, {
      "d" : "1756457948542439824",
      "t" : 1756457948542,
      "tn" : 1756457948542439824,
      "q" : "1",
      "p" : "0.7550",
      "s" : "sell",
      "i" : "CRVUSD-PERP",
      "m" : "4611686018432389113"
    }, {
      "d" : "1756457943462086234",
      "t" : 1756457943462,
      "tn" : 1756457943462086234,
      "q" : "1",
      "p" : "0.7555",
      "s" : "sell",
      "i" : "CRVUSD-PERP",
      "m" : "4611686018432389112"
    }, {
      "d" : "1756457943462082620",
      "t" : 1756457943462,
      "tn" : 1756457943462082620,
      "q" : "1",
      "p" : "0.7557",
      "s" : "sell",
      "i" : "CRVUSD-PERP",
      "m" : "4611686018432389111"
    }, {
      "d" : "1756457926738826240",
      "t" : 1756457926738,
      "tn" : 1756457926738826240,
      "q" : "1",
      "p" : "0.7555",
      "s" : "buy",
      "i" : "CRVUSD-PERP",
      "m" : "4611686018432389110"
    }, {
      "d" : "1756457925766823025",
      "t" : 1756457925766,
      "tn" : 1756457925766823025,
      "q" : "1",
      "p" : "0.7555",
      "s" : "buy",
      "i" : "CRVUSD-PERP",
      "m" : "4611686018432389109"
    }, {
      "d" : "1756457876095175218",
      "t" : 1756457876095,
      "tn" : 1756457876095175218,
      "q" : "1",
      "p" : "0.7556",
      "s" : "buy",
      "i" : "CRVUSD-PERP",
      "m" : "4611686018432389108"
    }, {
      "d" : "1756457568033423268",
      "t" : 1756457568033,
      "tn" : 1756457568033423268,
      "q" : "1",
      "p" : "0.7568",
      "s" : "sell",
      "i" : "CRVUSD-PERP",
      "m" : "4611686018432389107"
    }, {
      "d" : "1756457568033421311",
      "t" : 1756457568033,
      "tn" : 1756457568033421311,
      "q" : "1",
      "p" : "0.7570",
      "s" : "sell",
      "i" : "CRVUSD-PERP",
      "m" : "4611686018432389106"
    }, {
      "d" : "1756457291457664523",
      "t" : 1756457291457,
      "tn" : 1756457291457664523,
      "q" : "1",
      "p" : "0.7596",
      "s" : "sell",
      "i" : "CRVUSD-PERP",
      "m" : "4611686018432389105"
    }, {
      "d" : "1756457113836852263",
      "t" : 1756457113836,
      "tn" : 1756457113836852262,
      "q" : "846",
      "p" : "0.7620",
      "s" : "sell",
      "i" : "CRVUSD-PERP",
      "m" : "4611686018432389104"
    }, {
      "d" : "1756457113836852262",
      "t" : 1756457113836,
      "tn" : 1756457113836852262,
      "q" : "1",
      "p" : "0.7620",
      "s" : "sell",
      "i" : "CRVUSD-PERP",
      "m" : "4611686018432389104"
    }, {
      "d" : "1756456861321629473",
      "t" : 1756456861321,
      "tn" : 1756456861321629473,
      "q" : "65",
      "p" : "0.7614",
      "s" : "buy",
      "i" : "CRVUSD-PERP",
      "m" : "4611686018432389103"
    }, {
      "d" : "1756456723900594424",
      "t" : 1756456723900,
      "tn" : 1756456723900594424,
      "q" : "1",
      "p" : "0.7616",
      "s" : "sell",
      "i" : "CRVUSD-PERP",
      "m" : "4611686018432389102"
    }, {
      "d" : "1756456561405173691",
      "t" : 1756456561405,
      "tn" : 1756456561405173691,
      "q" : "28",
      "p" : "0.7615",
      "s" : "sell",
      "i" : "CRVUSD-PERP",
      "m" : "4611686018432389101"
    }, {
      "d" : "1756456561405171299",
      "t" : 1756456561405,
      "tn" : 1756456561405171299,
      "q" : "1",
      "p" : "0.7616",
      "s" : "sell",
      "i" : "CRVUSD-PERP",
      "m" : "4611686018432389100"
    }, {
      "d" : "1756456492350972810",
      "t" : 1756456492350,
      "tn" : 1756456492350972810,
      "q" : "1",
      "p" : "0.7636",
      "s" : "sell",
      "i" : "CRVUSD-PERP",
      "m" : "4611686018432389099"
    }, {
      "d" : "1756456379402368684",
      "t" : 1756456379402,
      "tn" : 1756456379402368684,
      "q" : "1",
      "p" : "0.7630",
      "s" : "sell",
      "i" : "CRVUSD-PERP",
      "m" : "4611686018432389098"
    }, {
      "d" : "1756456274465317787",
      "t" : 1756456274465,
      "tn" : 1756456274465317787,
      "q" : "49",
      "p" : "0.7628",
      "s" : "buy",
      "i" : "CRVUSD-PERP",
      "m" : "4611686018432389097"
    }, {
      "d" : "1756456183252300172",
      "t" : 1756456183252,
      "tn" : 1756456183252300172,
      "q" : "50",
      "p" : "0.7628",
      "s" : "buy",
      "i" : "CRVUSD-PERP",
      "m" : "4611686018432389096"
    }, {
      "d" : "1756456183252297914",
      "t" : 1756456183252,
      "tn" : 1756456183252297914,
      "q" : "1",
      "p" : "0.7627",
      "s" : "buy",
      "i" : "CRVUSD-PERP",
      "m" : "4611686018432389095"
    }, {
      "d" : "1756456122423811342",
      "t" : 1756456122423,
      "tn" : 1756456122423811342,
      "q" : "177",
      "p" : "0.7625",
      "s" : "buy",
      "i" : "CRVUSD-PERP",
      "m" : "4611686018432389094"
    }, {
      "d" : "1756456122422465886",
      "t" : 1756456122422,
      "tn" : 1756456122422465886,
      "q" : "23",
      "p" : "0.7625",
      "s" : "buy",
      "i" : "CRVUSD-PERP",
      "m" : "4611686018432389093"
    }, {
      "d" : "1756456122414929661",
      "t" : 1756456122414,
      "tn" : 1756456122414929660,
      "q" : "15",
      "p" : "0.7625",
      "s" : "buy",
      "i" : "CRVUSD-PERP",
      "m" : "4611686018432389092"
    }, {
      "d" : "1756456122414929660",
      "t" : 1756456122414,
      "tn" : 1756456122414929660,
      "q" : "1",
      "p" : "0.7625",
      "s" : "buy",
      "i" : "CRVUSD-PERP",
      "m" : "4611686018432389092"
    }, {
      "d" : "1756456095031008137",
      "t" : 1756456095031,
      "tn" : 1756456095031008136,
      "q" : "237",
      "p" : "0.7634",
      "s" : "buy",
      "i" : "CRVUSD-PERP",
      "m" : "4611686018432389091"
    }, {
      "d" : "1756456095031008136",
      "t" : 1756456095031,
      "tn" : 1756456095031008136,
      "q" : "1",
      "p" : "0.7634",
      "s" : "buy",
      "i" : "CRVUSD-PERP",
      "m" : "4611686018432389091"
    }, {
      "d" : "1756456004323388271",
      "t" : 1756456004323,
      "tn" : 1756456004323388271,
      "q" : "1",
      "p" : "0.7646",
      "s" : "buy",
      "i" : "CRVUSD-PERP",
      "m" : "4611686018432389090"
    }, {
      "d" : "1756455871982252029",
      "t" : 1756455871982,
      "tn" : 1756455871982252029,
      "q" : "1",
      "p" : "0.7619",
      "s" : "buy",
      "i" : "CRVUSD-PERP",
      "m" : "4611686018432389089"
    }, {
      "d" : "1756455483071075709",
      "t" : 1756455483071,
      "tn" : 1756455483071075709,
      "q" : "1",
      "p" : "0.7635",
      "s" : "buy",
      "i" : "CRVUSD-PERP",
      "m" : "4611686018432389088"
    }, {
      "d" : "1756455134643240432",
      "t" : 1756455134643,
      "tn" : 1756455134643240431,
      "q" : "96",
      "p" : "0.7621",
      "s" : "buy",
      "i" : "CRVUSD-PERP",
      "m" : "4611686018432389087"
    }, {
      "d" : "1756455134643240431",
      "t" : 1756455134643,
      "tn" : 1756455134643240431,
      "q" : "1",
      "p" : "0.7621",
      "s" : "buy",
      "i" : "CRVUSD-PERP",
      "m" : "4611686018432389087"
    }, {
      "d" : "1756455129741434833",
      "t" : 1756455129741,
      "tn" : 1756455129741434833,
      "q" : "105",
      "p" : "0.7621",
      "s" : "buy",
      "i" : "CRVUSD-PERP",
      "m" : "4611686018432389086"
    }, {
      "d" : "1756455129741110884",
      "t" : 1756455129741,
      "tn" : 1756455129741110884,
      "q" : "232",
      "p" : "0.7621",
      "s" : "buy",
      "i" : "CRVUSD-PERP",
      "m" : "4611686018432389085"
    }, {
      "d" : "1756455129740553023",
      "t" : 1756455129740,
      "tn" : 1756455129740553022,
      "q" : "124",
      "p" : "0.7621",
      "s" : "buy",
      "i" : "CRVUSD-PERP",
      "m" : "4611686018432389084"
    }, {
      "d" : "1756455129740553022",
      "t" : 1756455129740,
      "tn" : 1756455129740553022,
      "q" : "1",
      "p" : "0.7621",
      "s" : "buy",
      "i" : "CRVUSD-PERP",
      "m" : "4611686018432389084"
    }, {
      "d" : "1756455034688096941",
      "t" : 1756455034688,
      "tn" : 1756455034688096941,
      "q" : "1",
      "p" : "0.7626",
      "s" : "buy",
      "i" : "CRVUSD-PERP",
      "m" : "4611686018432389083"
    }, {
      "d" : "1756454954471532734",
      "t" : 1756454954471,
      "tn" : 1756454954471532734,
      "q" : "1",
      "p" : "0.7637",
      "s" : "buy",
      "i" : "CRVUSD-PERP",
      "m" : "4611686018432389082"
    }, {
      "d" : "1756454944448994827",
      "t" : 1756454944448,
      "tn" : 1756454944448994827,
      "q" : "1",
      "p" : "0.7640",
      "s" : "buy",
      "i" : "CRVUSD-PERP",
      "m" : "4611686018432389081"
    }, {
      "d" : "1756454944448992834",
      "t" : 1756454944448,
      "tn" : 1756454944448992834,
      "q" : "1",
      "p" : "0.7635",
      "s" : "buy",
      "i" : "CRVUSD-PERP",
      "m" : "4611686018432389080"
    }, {
      "d" : "1756454916702869157",
      "t" : 1756454916702,
      "tn" : 1756454916702869157,
      "q" : "1",
      "p" : "0.7637",
      "s" : "buy",
      "i" : "CRVUSD-PERP",
      "m" : "4611686018432389079"
    }, {
      "d" : "1756454908135629678",
      "t" : 1756454908135,
      "tn" : 1756454908135629678,
      "q" : "1",
      "p" : "0.7636",
      "s" : "buy",
      "i" : "CRVUSD-PERP",
      "m" : "4611686018432389078"
    }, {
      "d" : "1756454881472469201",
      "t" : 1756454881472,
      "tn" : 1756454881472469201,
      "q" : "1",
      "p" : "0.7646",
      "s" : "buy",
      "i" : "CRVUSD-PERP",
      "m" : "4611686018432389077"
    }, {
      "d" : "1756454881004355280",
      "t" : 1756454881004,
      "tn" : 1756454881004355280,
      "q" : "1",
      "p" : "0.7646",
      "s" : "buy",
      "i" : "CRVUSD-PERP",
      "m" : "4611686018432389076"
    }, {
      "d" : "1756454842985448497",
      "t" : 1756454842985,
      "tn" : 1756454842985448496,
      "q" : "1",
      "p" : "0.7648",
      "s" : "sell",
      "i" : "CRVUSD-PERP",
      "m" : "4611686018432389075"
    }, {
      "d" : "1756454842985448496",
      "t" : 1756454842985,
      "tn" : 1756454842985448496,
      "q" : "1",
      "p" : "0.7648",
      "s" : "sell",
      "i" : "CRVUSD-PERP",
      "m" : "4611686018432389075"
    }, {
      "d" : "1756454833191565269",
      "t" : 1756454833191,
      "tn" : 1756454833191565269,
      "q" : "1",
      "p" : "0.7649",
      "s" : "sell",
      "i" : "CRVUSD-PERP",
      "m" : "4611686018432389074"
    }, {
      "d" : "1756454829011317940",
      "t" : 1756454829011,
      "tn" : 1756454829011317940,
      "q" : "1",
      "p" : "0.7650",
      "s" : "sell",
      "i" : "CRVUSD-PERP",
      "m" : "4611686018432389073"
    }, {
      "d" : "1756454824438085568",
      "t" : 1756454824438,
      "tn" : 1756454824438085568,
      "q" : "1",
      "p" : "0.7651",
      "s" : "sell",
      "i" : "CRVUSD-PERP",
      "m" : "4611686018432389072"
    }, {
      "d" : "1756454821181393753",
      "t" : 1756454821181,
      "tn" : 1756454821181393752,
      "q" : "1",
      "p" : "0.7651",
      "s" : "sell",
      "i" : "CRVUSD-PERP",
      "m" : "4611686018432389071"
    }, {
      "d" : "1756454821181393752",
      "t" : 1756454821181,
      "tn" : 1756454821181393752,
      "q" : "1",
      "p" : "0.7651",
      "s" : "sell",
      "i" : "CRVUSD-PERP",
      "m" : "4611686018432389071"
    }, {
      "d" : "1756454779879926005",
      "t" : 1756454779879,
      "tn" : 1756454779879926004,
      "q" : "1",
      "p" : "0.7650",
      "s" : "sell",
      "i" : "CRVUSD-PERP",
      "m" : "4611686018432389070"
    }, {
      "d" : "1756454779879926004",
      "t" : 1756454779879,
      "tn" : 1756454779879926004,
      "q" : "1",
      "p" : "0.7650",
      "s" : "sell",
      "i" : "CRVUSD-PERP",
      "m" : "4611686018432389070"
    }, {
      "d" : "1756454779740790839",
      "t" : 1756454779740,
      "tn" : 1756454779740790839,
      "q" : "1",
      "p" : "0.7645",
      "s" : "buy",
      "i" : "CRVUSD-PERP",
      "m" : "4611686018432389069"
    }, {
      "d" : "1756454772183762287",
      "t" : 1756454772183,
      "tn" : 1756454772183762286,
      "q" : "1",
      "p" : "0.7647",
      "s" : "sell",
      "i" : "CRVUSD-PERP",
      "m" : "4611686018432389068"
    }, {
      "d" : "1756454772183762286",
      "t" : 1756454772183,
      "tn" : 1756454772183762286,
      "q" : "1",
      "p" : "0.7647",
      "s" : "sell",
      "i" : "CRVUSD-PERP",
      "m" : "4611686018432389068"
    }, {
      "d" : "1756454573082195319",
      "t" : 1756454573082,
      "tn" : 1756454573082195319,
      "q" : "1",
      "p" : "0.7674",
      "s" : "buy",
      "i" : "CRVUSD-PERP",
      "m" : "4611686018432389067"
    }, {
      "d" : "1756454568177614522",
      "t" : 1756454568177,
      "tn" : 1756454568177614521,
      "q" : "1",
      "p" : "0.7673",
      "s" : "sell",
      "i" : "CRVUSD-PERP",
      "m" : "4611686018432389066"
    }, {
      "d" : "1756454568177614521",
      "t" : 1756454568177,
      "tn" : 1756454568177614521,
      "q" : "1",
      "p" : "0.7673",
      "s" : "sell",
      "i" : "CRVUSD-PERP",
      "m" : "4611686018432389066"
    }, {
      "d" : "1756454541826646159",
      "t" : 1756454541826,
      "tn" : 1756454541826646158,
      "q" : "1",
      "p" : "0.7671",
      "s" : "sell",
      "i" : "CRVUSD-PERP",
      "m" : "4611686018432389065"
    }, {
      "d" : "1756454541826646158",
      "t" : 1756454541826,
      "tn" : 1756454541826646158,
      "q" : "1",
      "p" : "0.7671",
      "s" : "sell",
      "i" : "CRVUSD-PERP",
      "m" : "4611686018432389065"
    }, {
      "d" : "1756454521975820122",
      "t" : 1756454521975,
      "tn" : 1756454521975820121,
      "q" : "1",
      "p" : "0.7667",
      "s" : "sell",
      "i" : "CRVUSD-PERP",
      "m" : "4611686018432389064"
    }, {
      "d" : "1756454521975820121",
      "t" : 1756454521975,
      "tn" : 1756454521975820121,
      "q" : "1",
      "p" : "0.7667",
      "s" : "sell",
      "i" : "CRVUSD-PERP",
      "m" : "4611686018432389064"
    }, {
      "d" : "1756454521864770084",
      "t" : 1756454521864,
      "tn" : 1756454521864770083,
      "q" : "1",
      "p" : "0.7666",
      "s" : "sell",
      "i" : "CRVUSD-PERP",
      "m" : "4611686018432389063"
    }, {
      "d" : "1756454521864770083",
      "t" : 1756454521864,
      "tn" : 1756454521864770083,
      "q" : "1",
      "p" : "0.7666",
      "s" : "sell",
      "i" : "CRVUSD-PERP",
      "m" : "4611686018432389063"
    }, {
      "d" : "1756454521290155197",
      "t" : 1756454521290,
      "tn" : 1756454521290155197,
      "q" : "1",
      "p" : "0.7665",
      "s" : "buy",
      "i" : "CRVUSD-PERP",
      "m" : "4611686018432389062"
    }, {
      "d" : "1756454509985679402",
      "t" : 1756454509985,
      "tn" : 1756454509985679402,
      "q" : "1",
      "p" : "0.7668",
      "s" : "sell",
      "i" : "CRVUSD-PERP",
      "m" : "4611686018432389061"
    }, {
      "d" : "1756454424382893951",
      "t" : 1756454424382,
      "tn" : 1756454424382893950,
      "q" : "1",
      "p" : "0.7646",
      "s" : "sell",
      "i" : "CRVUSD-PERP",
      "m" : "4611686018432389060"
    }, {
      "d" : "1756454424382893950",
      "t" : 1756454424382,
      "tn" : 1756454424382893950,
      "q" : "1",
      "p" : "0.7646",
      "s" : "sell",
      "i" : "CRVUSD-PERP",
      "m" : "4611686018432389060"
    }, {
      "d" : "1756454393844856033",
      "t" : 1756454393844,
      "tn" : 1756454393844856033,
      "q" : "1",
      "p" : "0.7646",
      "s" : "buy",
      "i" : "CRVUSD-PERP",
      "m" : "4611686018432389059"
    }, {
      "d" : "1756454392904359330",
      "t" : 1756454392904,
      "tn" : 1756454392904359330,
      "q" : "1",
      "p" : "0.7646",
      "s" : "buy",
      "i" : "CRVUSD-PERP",
      "m" : "4611686018432389058"
    }, {
      "d" : "1756454392720915882",
      "t" : 1756454392720,
      "tn" : 1756454392720915882,
      "q" : "1",
      "p" : "0.7645",
      "s" : "buy",
      "i" : "CRVUSD-PERP",
      "m" : "4611686018432389057"
    }, {
      "d" : "1756454363580605068",
      "t" : 1756454363580,
      "tn" : 1756454363580605068,
      "q" : "1",
      "p" : "0.7646",
      "s" : "buy",
      "i" : "CRVUSD-PERP",
      "m" : "4611686018432389056"
    }, {
      "d" : "1756454341312468116",
      "t" : 1756454341312,
      "tn" : 1756454341312468116,
      "q" : "1",
      "p" : "0.7636",
      "s" : "buy",
      "i" : "CRVUSD-PERP",
      "m" : "4611686018432389055"
    }, {
      "d" : "1756454329140573358",
      "t" : 1756454329140,
      "tn" : 1756454329140573358,
      "q" : "234",
      "p" : "0.7630",
      "s" : "sell",
      "i" : "CRVUSD-PERP",
      "m" : "4611686018432389054"
    }, {
      "d" : "1756454329140561714",
      "t" : 1756454329140,
      "tn" : 1756454329140561714,
      "q" : "28",
      "p" : "0.7630",
      "s" : "sell",
      "i" : "CRVUSD-PERP",
      "m" : "4611686018432389053"
    }, {
      "d" : "1756454310280212526",
      "t" : 1756454310280,
      "tn" : 1756454310280212525,
      "q" : "1",
      "p" : "0.7651",
      "s" : "sell",
      "i" : "CRVUSD-PERP",
      "m" : "4611686018432389052"
    }, {
      "d" : "1756454310280212525",
      "t" : 1756454310280,
      "tn" : 1756454310280212525,
      "q" : "1",
      "p" : "0.7651",
      "s" : "sell",
      "i" : "CRVUSD-PERP",
      "m" : "4611686018432389052"
    }, {
      "d" : "1756454307970176237",
      "t" : 1756454307970,
      "tn" : 1756454307970176237,
      "q" : "1",
      "p" : "0.7655",
      "s" : "buy",
      "i" : "CRVUSD-PERP",
      "m" : "4611686018432389051"
    }, {
      "d" : "1756454301575196816",
      "t" : 1756454301575,
      "tn" : 1756454301575196816,
      "q" : "1",
      "p" : "0.7659",
      "s" : "sell",
      "i" : "CRVUSD-PERP",
      "m" : "4611686018432389050"
    }, {
      "d" : "1756454203432867798",
      "t" : 1756454203432,
      "tn" : 1756454203432867798,
      "q" : "1",
      "p" : "0.7671",
      "s" : "sell",
      "i" : "CRVUSD-PERP",
      "m" : "4611686018432389049"
    }, {
      "d" : "1756454202103095166",
      "t" : 1756454202103,
      "tn" : 1756454202103095165,
      "q" : "1",
      "p" : "0.7672",
      "s" : "sell",
      "i" : "CRVUSD-PERP",
      "m" : "4611686018432389048"
    }, {
      "d" : "1756454202103095165",
      "t" : 1756454202103,
      "tn" : 1756454202103095165,
      "q" : "1",
      "p" : "0.7672",
      "s" : "sell",
      "i" : "CRVUSD-PERP",
      "m" : "4611686018432389048"
    }, {
      "d" : "1756454199416329211",
      "t" : 1756454199416,
      "tn" : 1756454199416329210,
      "q" : "1",
      "p" : "0.7672",
      "s" : "sell",
      "i" : "CRVUSD-PERP",
      "m" : "4611686018432389047"
    }, {
      "d" : "1756454199416329210",
      "t" : 1756454199416,
      "tn" : 1756454199416329210,
      "q" : "1",
      "p" : "0.7672",
      "s" : "sell",
      "i" : "CRVUSD-PERP",
      "m" : "4611686018432389047"
    }, {
      "d" : "1756454198539785009",
      "t" : 1756454198539,
      "tn" : 1756454198539785008,
      "q" : "1",
      "p" : "0.7672",
      "s" : "sell",
      "i" : "CRVUSD-PERP",
      "m" : "4611686018432389046"
    }, {
      "d" : "1756454198539785008",
      "t" : 1756454198539,
      "tn" : 1756454198539785008,
      "q" : "1",
      "p" : "0.7672",
      "s" : "sell",
      "i" : "CRVUSD-PERP",
      "m" : "4611686018432389046"
    }, {
      "d" : "1756454195531202755",
      "t" : 1756454195531,
      "tn" : 1756454195531202754,
      "q" : "1",
      "p" : "0.7672",
      "s" : "sell",
      "i" : "CRVUSD-PERP",
      "m" : "4611686018432389045"
    }, {
      "d" : "1756454195531202754",
      "t" : 1756454195531,
      "tn" : 1756454195531202754,
      "q" : "1",
      "p" : "0.7672",
      "s" : "sell",
      "i" : "CRVUSD-PERP",
      "m" : "4611686018432389045"
    }, {
      "d" : "1756454195400386938",
      "t" : 1756454195400,
      "tn" : 1756454195400386937,
      "q" : "1",
      "p" : "0.7672",
      "s" : "sell",
      "i" : "CRVUSD-PERP",
      "m" : "4611686018432389044"
    }, {
      "d" : "1756454195400386937",
      "t" : 1756454195400,
      "tn" : 1756454195400386937,
      "q" : "1",
      "p" : "0.7672",
      "s" : "sell",
      "i" : "CRVUSD-PERP",
      "m" : "4611686018432389044"
    }, {
      "d" : "1756454191232249603",
      "t" : 1756454191232,
      "tn" : 1756454191232249602,
      "q" : "1",
      "p" : "0.7672",
      "s" : "sell",
      "i" : "CRVUSD-PERP",
      "m" : "4611686018432389043"
    }, {
      "d" : "1756454191232249602",
      "t" : 1756454191232,
      "tn" : 1756454191232249602,
      "q" : "1",
      "p" : "0.7672",
      "s" : "sell",
      "i" : "CRVUSD-PERP",
      "m" : "4611686018432389043"
    }, {
      "d" : "1756454126681077060",
      "t" : 1756454126681,
      "tn" : 1756454126681077060,
      "q" : "1",
      "p" : "0.7677",
      "s" : "sell",
      "i" : "CRVUSD-PERP",
      "m" : "4611686018432389042"
    }, {
      "d" : "1756454122678568675",
      "t" : 1756454122678,
      "tn" : 1756454122678568675,
      "q" : "1",
      "p" : "0.7676",
      "s" : "sell",
      "i" : "CRVUSD-PERP",
      "m" : "4611686018432389041"
    }, {
      "d" : "1756454118429752292",
      "t" : 1756454118429,
      "tn" : 1756454118429752291,
      "q" : "1",
      "p" : "0.7680",
      "s" : "sell",
      "i" : "CRVUSD-PERP",
      "m" : "4611686018432389040"
    }, {
      "d" : "1756454118429752291",
      "t" : 1756454118429,
      "tn" : 1756454118429752291,
      "q" : "1",
      "p" : "0.7680",
      "s" : "sell",
      "i" : "CRVUSD-PERP",
      "m" : "4611686018432389040"
    }, {
      "d" : "1756454047194075196",
      "t" : 1756454047194,
      "tn" : 1756454047194075196,
      "q" : "1",
      "p" : "0.7684",
      "s" : "sell",
      "i" : "CRVUSD-PERP",
      "m" : "4611686018432389039"
    }, {
      "d" : "1756454019979737468",
      "t" : 1756454019979,
      "tn" : 1756454019979737468,
      "q" : "1",
      "p" : "0.7680",
      "s" : "sell",
      "i" : "CRVUSD-PERP",
      "m" : "4611686018432389038"
    }, {
      "d" : "1756454015682216921",
      "t" : 1756454015682,
      "tn" : 1756454015682216921,
      "q" : "1",
      "p" : "0.7681",
      "s" : "sell",
      "i" : "CRVUSD-PERP",
      "m" : "4611686018432389037"
    }, {
      "d" : "1756454008882961053",
      "t" : 1756454008882,
      "tn" : 1756454008882961052,
      "q" : "162",
      "p" : "0.7687",
      "s" : "sell",
      "i" : "CRVUSD-PERP",
      "m" : "4611686018432389036"
    }, {
      "d" : "1756454008882961052",
      "t" : 1756454008882,
      "tn" : 1756454008882961052,
      "q" : "1",
      "p" : "0.7687",
      "s" : "sell",
      "i" : "CRVUSD-PERP",
      "m" : "4611686018432389036"
    }, {
      "d" : "1756454006975519861",
      "t" : 1756454006975,
      "tn" : 1756454006975519861,
      "q" : "1",
      "p" : "0.7687",
      "s" : "sell",
      "i" : "CRVUSD-PERP",
      "m" : "4611686018432389035"
    }, {
      "d" : "1756454003673939523",
      "t" : 1756454003673,
      "tn" : 1756454003673939523,
      "q" : "1",
      "p" : "0.7685",
      "s" : "sell",
      "i" : "CRVUSD-PERP",
      "m" : "4611686018432389034"
    }, {
      "d" : "1756454003673937513",
      "t" : 1756454003673,
      "tn" : 1756454003673937513,
      "q" : "1",
      "p" : "0.7686",
      "s" : "sell",
      "i" : "CRVUSD-PERP",
      "m" : "4611686018432389033"
    }, {
      "d" : "1756453999289156637",
      "t" : 1756453999289,
      "tn" : 1756453999289156637,
      "q" : "1",
      "p" : "0.7684",
      "s" : "sell",
      "i" : "CRVUSD-PERP",
      "m" : "4611686018432389032"
    }, {
      "d" : "1756453916967095950",
      "t" : 1756453916967,
      "tn" : 1756453916967095950,
      "q" : "1",
      "p" : "0.7686",
      "s" : "buy",
      "i" : "CRVUSD-PERP",
      "m" : "4611686018432389031"
    }, {
      "d" : "1756453845665761384",
      "t" : 1756453845665,
      "tn" : 1756453845665761384,
      "q" : "1",
      "p" : "0.7677",
      "s" : "sell",
      "i" : "CRVUSD-PERP",
      "m" : "4611686018432389030"
    }, {
      "d" : "1756453842762107920",
      "t" : 1756453842762,
      "tn" : 1756453842762107920,
      "q" : "1",
      "p" : "0.7676",
      "s" : "buy",
      "i" : "CRVUSD-PERP",
      "m" : "4611686018432389029"
    }, {
      "d" : "1756453841910186603",
      "t" : 1756453841910,
      "tn" : 1756453841910186603,
      "q" : "1",
      "p" : "0.7676",
      "s" : "buy",
      "i" : "CRVUSD-PERP",
      "m" : "4611686018432389028"
    }, {
      "d" : "1756453840484549008",
      "t" : 1756453840484,
      "tn" : 1756453840484549008,
      "q" : "1",
      "p" : "0.7674",
      "s" : "sell",
      "i" : "CRVUSD-PERP",
      "m" : "4611686018432389027"
    }, {
      "d" : "1756453768525090598",
      "t" : 1756453768525,
      "tn" : 1756453768525090598,
      "q" : "1",
      "p" : "0.7675",
      "s" : "buy",
      "i" : "CRVUSD-PERP",
      "m" : "4611686018432389026"
    }, {
      "d" : "1756453516880343881",
      "t" : 1756453516880,
      "tn" : 1756453516880343881,
      "q" : "1",
      "p" : "0.7678",
      "s" : "sell",
      "i" : "CRVUSD-PERP",
      "m" : "4611686018432389025"
    }, {
      "d" : "1756453422812769349",
      "t" : 1756453422812,
      "tn" : 1756453422812769349,
      "q" : "65",
      "p" : "0.7676",
      "s" : "buy",
      "i" : "CRVUSD-PERP",
      "m" : "4611686018432389024"
    }, {
      "d" : "1756453422788177610",
      "t" : 1756453422788,
      "tn" : 1756453422788177610,
      "q" : "1",
      "p" : "0.7676",
      "s" : "sell",
      "i" : "CRVUSD-PERP",
      "m" : "4611686018432389023"
    }, {
      "d" : "1756453414464610294",
      "t" : 1756453414464,
      "tn" : 1756453414464610294,
      "q" : "1",
      "p" : "0.7673",
      "s" : "sell",
      "i" : "CRVUSD-PERP",
      "m" : "4611686018432389022"
    }, {
      "d" : "1756453341893610924",
      "t" : 1756453341893,
      "tn" : 1756453341893610924,
      "q" : "1",
      "p" : "0.7675",
      "s" : "buy",
      "i" : "CRVUSD-PERP",
      "m" : "4611686018432389021"
    }, {
      "d" : "1756453341386431784",
      "t" : 1756453341386,
      "tn" : 1756453341386431784,
      "q" : "1",
      "p" : "0.7675",
      "s" : "buy",
      "i" : "CRVUSD-PERP",
      "m" : "4611686018432389020"
    }, {
      "d" : "1756453292109875712",
      "t" : 1756453292109,
      "tn" : 1756453292109875712,
      "q" : "1",
      "p" : "0.7669",
      "s" : "sell",
      "i" : "CRVUSD-PERP",
      "m" : "4611686018432389019"
    }, {
      "d" : "1756453291979400172",
      "t" : 1756453291979,
      "tn" : 1756453291979400172,
      "q" : "1",
      "p" : "0.7668",
      "s" : "sell",
      "i" : "CRVUSD-PERP",
      "m" : "4611686018432389018"
    }, {
      "d" : "1756453286453928067",
      "t" : 1756453286453,
      "tn" : 1756453286453928067,
      "q" : "1",
      "p" : "0.7665",
      "s" : "buy",
      "i" : "CRVUSD-PERP",
      "m" : "4611686018432389017"
    }, {
      "d" : "1756453285885170576",
      "t" : 1756453285885,
      "tn" : 1756453285885170576,
      "q" : "1",
      "p" : "0.7665",
      "s" : "buy",
      "i" : "CRVUSD-PERP",
      "m" : "4611686018432389016"
    }, {
      "d" : "1756453283223953295",
      "t" : 1756453283223,
      "tn" : 1756453283223953295,
      "q" : "1",
      "p" : "0.7665",
      "s" : "buy",
      "i" : "CRVUSD-PERP",
      "m" : "4611686018432389015"
    }, {
      "d" : "1756453282472297431",
      "t" : 1756453282472,
      "tn" : 1756453282472297431,
      "q" : "1",
      "p" : "0.7664",
      "s" : "buy",
      "i" : "CRVUSD-PERP",
      "m" : "4611686018432389014"
    }, {
      "d" : "1756453282312922595",
      "t" : 1756453282312,
      "tn" : 1756453282312922595,
      "q" : "1",
      "p" : "0.7663",
      "s" : "buy",
      "i" : "CRVUSD-PERP",
      "m" : "4611686018432389013"
    }, {
      "d" : "1756453271460676160",
      "t" : 1756453271460,
      "tn" : 1756453271460676160,
      "q" : "1",
      "p" : "0.7665",
      "s" : "buy",
      "i" : "CRVUSD-PERP",
      "m" : "4611686018432389012"
    }, {
      "d" : "1756453153413184867",
      "t" : 1756453153413,
      "tn" : 1756453153413184867,
      "q" : "1",
      "p" : "0.7684",
      "s" : "buy",
      "i" : "CRVUSD-PERP",
      "m" : "4611686018432389011"
    }, {
      "d" : "1756453153297836098",
      "t" : 1756453153297,
      "tn" : 1756453153297836098,
      "q" : "1",
      "p" : "0.7684",
      "s" : "buy",
      "i" : "CRVUSD-PERP",
      "m" : "4611686018432389010"
    }, {
      "d" : "1756453116976411784",
      "t" : 1756453116976,
      "tn" : 1756453116976411783,
      "q" : "1",
      "p" : "0.7682",
      "s" : "sell",
      "i" : "CRVUSD-PERP",
      "m" : "4611686018432389009"
    }, {
      "d" : "1756453116976411783",
      "t" : 1756453116976,
      "tn" : 1756453116976411783,
      "q" : "1",
      "p" : "0.7682",
      "s" : "sell",
      "i" : "CRVUSD-PERP",
      "m" : "4611686018432389009"
    } ]
  }
}