{
  "id" : -1,
  "method" : "public/get-trades",
  "code" : 0,
  "result" : {
    "data" : [ {
      "d" : "1756459562715506884",
      "t" : 1756459562715,
      "tn" : 1756459562715506884,
      "q" : "10160",
      "p" : "0.009989",
      "s" : "sell",
      "i" : "CSPR_USDT",
      "m" : "4611686018432196516"
    }, {
      "d" : "1756459562691150560",
      "t" : 1756459562691,
      "tn" : 1756459562691150560,
      "q" : "120",
      "p" : "0.009989",
      "s" : "buy",
      "i" : "CSPR_USDT",
      "m" : "4611686018432196515"
    }, {
      "d" : "1756459562666073616",
      "t" : 1756459562666,
      "tn" : 1756459562666073616,
      "q" : "120",
      "p" : "0.009989",
      "s" : "buy",
      "i" : "CSPR_USDT",
      "m" : "4611686018432196514"
    }, {
      "d" : "1756459562645911174",
      "t" : 1756459562645,
      "tn" : 1756459562645911174,
      "q" : "120",
      "p" : "0.009988",
      "s" : "buy",
      "i" : "CSPR_USDT",
      "m" : "4611686018432196513"
    }, {
      "d" : "1756459562525696865",
      "t" : 1756459562525,
      "tn" : 1756459562525696865,
      "q" : "120",
      "p" : "0.009988",
      "s" : "buy",
      "i" : "CSPR_USDT",
      "m" : "4611686018432196512"
    }, {
      "d" : "1756459562420504395",
      "t" : 1756459562420,
      "tn" : 1756459562420504395,
      "q" : "120",
      "p" : "0.009988",
      "s" : "buy",
      "i" : "CSPR_USDT",
      "m" : "4611686018432196511"
    }, {
      "d" : "1756459562300367438",
      "t" : 1756459562300,
      "tn" : 1756459562300367438,
      "q" : "120",
      "p" : "0.009988",
      "s" : "buy",
      "i" : "CSPR_USDT",
      "m" : "4611686018432196510"
    }, {
      "d" : "1756459562119644941",
      "t" : 1756459562119,
      "tn" : 1756459562119644941,
      "q" : "120",
      "p" : "0.009988",
      "s" : "buy",
      "i" : "CSPR_USDT",
      "m" : "4611686018432196509"
    }, {
      "d" : "1756459561998733392",
      "t" : 1756459561998,
      "tn" : 1756459561998733392,
      "q" : "120",
      "p" : "0.009988",
      "s" : "buy",
      "i" : "CSPR_USDT",
      "m" : "4611686018432196508"
    }, {
      "d" : "1756459561898779406",
      "t" : 1756459561898,
      "tn" : 1756459561898779406,
      "q" : "120",
      "p" : "0.009988",
      "s" : "buy",
      "i" : "CSPR_USDT",
      "m" : "4611686018432196507"
    }, {
      "d" : "1756459561533085169",
      "t" : 1756459561533,
      "tn" : 1756459561533085169,
      "q" : "120",
      "p" : "0.009988",
      "s" : "buy",
      "i" : "CSPR_USDT",
      "m" : "4611686018432196506"
    }, {
      "d" : "1756459560801091612",
      "t" : 1756459560801,
      "tn" : 1756459560801091612,
      "q" : "120",
      "p" : "0.009988",
      "s" : "buy",
      "i" : "CSPR_USDT",
      "m" : "4611686018432196505"
    }, {
      "d" : "1756459560791091339",
      "t" : 1756459560791,
      "tn" : 1756459560791091339,
      "q" : "120",
      "p" : "0.009988",
      "s" : "buy",
      "i" : "CSPR_USDT",
      "m" : "4611686018432196504"
    }, {
      "d" : "1756459560736061672",
      "t" : 1756459560736,
      "tn" : 1756459560736061672,
      "q" : "120",
      "p" : "0.009988",
      "s" : "buy",
      "i" : "CSPR_USDT",
      "m" : "4611686018432196503"
    }, {
      "d" : "1756459560620781207",
      "t" : 1756459560620,
      "tn" : 1756459560620781207,
      "q" : "120",
      "p" : "0.009988",
      "s" : "buy",
      "i" : "CSPR_USDT",
      "m" : "4611686018432196502"
    }, {
      "d" : "1756459560525674532",
      "t" : 1756459560525,
      "tn" : 1756459560525674532,
      "q" : "120",
      "p" : "0.009988",
      "s" : "buy",
      "i" : "CSPR_USDT",
      "m" : "4611686018432196501"
    }, {
      "d" : "1756459559937899777",
      "t" : 1756459559937,
      "tn" : 1756459559937899777,
      "q" : "120",
      "p" : "0.009988",
      "s" : "buy",
      "i" : "CSPR_USDT",
      "m" : "4611686018432196500"
    }, {
      "d" : "1756459559842726888",
      "t" : 1756459559842,
      "tn" : 1756459559842726888,
      "q" : "120",
      "p" : "0.009988",
      "s" : "buy",
      "i" : "CSPR_USDT",
      "m" : "4611686018432196499"
    }, {
      "d" : "1756459559832725562",
      "t" : 1756459559832,
      "tn" : 1756459559832725562,
      "q" : "120",
      "p" : "0.009988",
      "s" : "buy",
      "i" : "CSPR_USDT",
      "m" : "4611686018432196498"
    }, {
      "d" : "1756459559817768306",
      "t" : 1756459559817,
      "tn" : 1756459559817768306,
      "q" : "120",
      "p" : "0.009988",
      "s" : "buy",
      "i" : "CSPR_USDT",
      "m" : "4611686018432196497"
    }, {
      "d" : "1756459559807798912",
      "t" : 1756459559807,
      "tn" : 1756459559807798912,
      "q" : "120",
      "p" : "0.009988",
      "s" : "buy",
      "i" : "CSPR_USDT",
      "m" : "4611686018432196496"
    }, {
      "d" : "1756459559527239632",
      "t" : 1756459559527,
      "tn" : 1756459559527239632,
      "q" : "120",
      "p" : "0.009988",
      "s" : "buy",
      "i" : "CSPR_USDT",
      "m" : "4611686018432196495"
    }, {
      "d" : "1756459558755732432",
      "t" : 1756459558755,
      "tn" : 1756459558755732432,
      "q" : "120",
      "p" : "0.009988",
      "s" : "buy",
      "i" : "CSPR_USDT",
      "m" : "4611686018432196494"
    }, {
      "d" : "1756459558530335732",
      "t" : 1756459558530,
      "tn" : 1756459558530335732,
      "q" : "120",
      "p" : "0.009988",
      "s" : "buy",
      "i" : "CSPR_USDT",
      "m" : "4611686018432196493"
    }, {
      "d" : "1756459557528345268",
      "t" : 1756459557528,
      "tn" : 1756459557528345268,
      "q" : "120",
      "p" : "0.009988",
      "s" : "buy",
      "i" : "CSPR_USDT",
      "m" : "4611686018432196492"
    }, {
      "d" : "1756459556916683729",
      "t" : 1756459556916,
      "tn" : 1756459556916683729,
      "q" : "120",
      "p" : "0.009988",
      "s" : "buy",
      "i" : "CSPR_USDT",
      "m" : "4611686018432196491"
    }, {
      "d" : "1756459556841552141",
      "t" : 1756459556841,
      "tn" : 1756459556841552141,
      "q" : "120",
      "p" : "0.009988",
      "s" : "buy",
      "i" : "CSPR_USDT",
      "m" : "4611686018432196490"
    }, {
      "d" : "1756459556831483690",
      "t" : 1756459556831,
      "tn" : 1756459556831483689,
      "q" : "100",
      "p" : "0.009988",
      "s" : "buy",
      "i" : "CSPR_USDT",
      "m" : "4611686018432196489"
    }, {
      "d" : "1756459556831483689",
      "t" : 1756459556831,
      "tn" : 1756459556831483689,
      "q" : "20",
      "p" : "0.009988",
      "s" : "buy",
      "i" : "CSPR_USDT",
      "m" : "4611686018432196489"
    }, {
      "d" : "1756459556816481891",
      "t" : 1756459556816,
      "tn" : 1756459556816481891,
      "q" : "120",
      "p" : "0.009988",
      "s" : "buy",
      "i" : "CSPR_USDT",
      "m" : "4611686018432196488"
    }, {
      "d" : "1756459556806559243",
      "t" : 1756459556806,
      "tn" : 1756459556806559243,
      "q" : "120",
      "p" : "0.009988",
      "s" : "buy",
      "i" : "CSPR_USDT",
      "m" : "4611686018432196487"
    }, {
      "d" : "1756459556526181475",
      "t" : 1756459556526,
      "tn" : 1756459556526181475,
      "q" : "120",
      "p" : "0.009988",
      "s" : "buy",
      "i" : "CSPR_USDT",
      "m" : "4611686018432196486"
    }, {
      "d" : "1756459555529035896",
      "t" : 1756459555529,
      "tn" : 1756459555529035896,
      "q" : "120",
      "p" : "0.009988",
      "s" : "buy",
      "i" : "CSPR_USDT",
      "m" : "4611686018432196485"
    }, {
      "d" : "1756459554526774648",
      "t" : 1756459554526,
      "tn" : 1756459554526774648,
      "q" : "120",
      "p" : "0.009988",
      "s" : "buy",
      "i" : "CSPR_USDT",
      "m" : "4611686018432196484"
    }, {
      "d" : "1756459553810237878",
      "t" : 1756459553810,
      "tn" : 1756459553810237878,
      "q" : "120",
      "p" : "0.009988",
      "s" : "buy",
      "i" : "CSPR_USDT",
      "m" : "4611686018432196483"
    }, {
      "d" : "1756459553534811627",
      "t" : 1756459553534,
      "tn" : 1756459553534811627,
      "q" : "120",
      "p" : "0.009988",
      "s" : "buy",
      "i" : "CSPR_USDT",
      "m" : "4611686018432196482"
    }, {
      "d" : "1756459552532307144",
      "t" : 1756459552532,
      "tn" : 1756459552532307144,
      "q" : "120",
      "p" : "0.009988",
      "s" : "buy",
      "i" : "CSPR_USDT",
      "m" : "4611686018432196481"
    }, {
      "d" : "1756459551529521805",
      "t" : 1756459551529,
      "tn" : 1756459551529521805,
      "q" : "120",
      "p" : "0.009988",
      "s" : "buy",
      "i" : "CSPR_USDT",
      "m" : "4611686018432196480"
    }, {
      "d" : "1756459550937582440",
      "t" : 1756459550937,
      "tn" : 1756459550937582440,
      "q" : "120",
      "p" : "0.009988",
      "s" : "buy",
      "i" : "CSPR_USDT",
      "m" : "4611686018432196479"
    }, {
      "d" : "1756459550852495304",
      "t" : 1756459550852,
      "tn" : 1756459550852495304,
      "q" : "120",
      "p" : "0.009988",
      "s" : "buy",
      "i" : "CSPR_USDT",
      "m" : "4611686018432196478"
    }, {
      "d" : "1756459550837447046",
      "t" : 1756459550837,
      "tn" : 1756459550837447046,
      "q" : "120",
      "p" : "0.009988",
      "s" : "buy",
      "i" : "CSPR_USDT",
      "m" : "4611686018432196477"
    }, {
      "d" : "1756459550817559478",
      "t" : 1756459550817,
      "tn" : 1756459550817559478,
      "q" : "120",
      "p" : "0.009988",
      "s" : "buy",
      "i" : "CSPR_USDT",
      "m" : "4611686018432196476"
    }, {
      "d" : "1756459550807565745",
      "t" : 1756459550807,
      "tn" : 1756459550807565745,
      "q" : "120",
      "p" : "0.009988",
      "s" : "buy",
      "i" : "CSPR_USDT",
      "m" : "4611686018432196475"
    }, {
      "d" : "1756459550527098775",
      "t" : 1756459550527,
      "tn" : 1756459550527098775,
      "q" : "120",
      "p" : "0.009988",
      "s" : "buy",
      "i" : "CSPR_USDT",
      "m" : "4611686018432196474"
    }, {
      "d" : "1756459549528526077",
      "t" : 1756459549528,
      "tn" : 1756459549528526077,
      "q" : "120",
      "p" : "0.009988",
      "s" : "buy",
      "i" : "CSPR_USDT",
      "m" : "4611686018432196473"
    }, {
      "d" : "1756459548526189730",
      "t" : 1756459548526,
      "tn" : 1756459548526189730,
      "q" : "120",
      "p" : "0.009988",
      "s" : "buy",
      "i" : "CSPR_USDT",
      "m" : "4611686018432196472"
    }, {
      "d" : "1756459547919591075",
      "t" : 1756459547919,
      "tn" : 1756459547919591075,
      "q" : "120",
      "p" : "0.009988",
      "s" : "buy",
      "i" : "CSPR_USDT",
      "m" : "4611686018432196471"
    }, {
      "d" : "1756459547839443665",
      "t" : 1756459547839,
      "tn" : 1756459547839443665,
      "q" : "120",
      "p" : "0.009988",
      "s" : "buy",
      "i" : "CSPR_USDT",
      "m" : "4611686018432196470"
    }, {
      "d" : "1756459547819457320",
      "t" : 1756459547819,
      "tn" : 1756459547819457320,
      "q" : "120",
      "p" : "0.009988",
      "s" : "buy",
      "i" : "CSPR_USDT",
      "m" : "4611686018432196469"
    }, {
      "d" : "1756459547809437806",
      "t" : 1756459547809,
      "tn" : 1756459547809437806,
      "q" : "120",
      "p" : "0.009988",
      "s" : "buy",
      "i" : "CSPR_USDT",
      "m" : "4611686018432196468"
    }, {
      "d" : "1756459547699354766",
      "t" : 1756459547699,
      "tn" : 1756459547699354766,
      "q" : "120",
      "p" : "0.009988",
      "s" : "buy",
      "i" : "CSPR_USDT",
      "m" : "4611686018432196467"
    }, {
      "d" : "1756459547528935556",
      "t" : 1756459547528,
      "tn" : 1756459547528935556,
      "q" : "120",
      "p" : "0.009988",
      "s" : "buy",
      "i" : "CSPR_USDT",
      "m" : "4611686018432196466"
    }, {
      "d" : "1756459546676918714",
      "t" : 1756459546676,
      "tn" : 1756459546676918714,
      "q" : "120",
      "p" : "0.009988",
      "s" : "buy",
      "i" : "CSPR_USDT",
      "m" : "4611686018432196465"
    }, {
      "d" : "1756459546521229243",
      "t" : 1756459546521,
      "tn" : 1756459546521229243,
      "q" : "120",
      "p" : "0.009988",
      "s" : "buy",
      "i" : "CSPR_USDT",
      "m" : "4611686018432196464"
    }, {
      "d" : "1756459546415885637",
      "t" : 1756459546415,
      "tn" : 1756459546415885637,
      "q" : "120",
      "p" : "0.009988",
      "s" : "buy",
      "i" : "CSPR_USDT",
      "m" : "4611686018432196463"
    }, {
      "d" : "1756459546195493337",
      "t" : 1756459546195,
      "tn" : 1756459546195493337,
      "q" : "120",
      "p" : "0.009988",
      "s" : "buy",
      "i" : "CSPR_USDT",
      "m" : "4611686018432196462"
    }, {
      "d" : "1756459546079754834",
      "t" : 1756459546079,
      "tn" : 1756459546079754834,
      "q" : "120",
      "p" : "0.009988",
      "s" : "buy",
      "i" : "CSPR_USDT",
      "m" : "4611686018432196461"
    }, {
      "d" : "1756459545839227398",
      "t" : 1756459545839,
      "tn" : 1756459545839227398,
      "q" : "120",
      "p" : "0.009988",
      "s" : "buy",
      "i" : "CSPR_USDT",
      "m" : "4611686018432196460"
    }, {
      "d" : "1756459545527745508",
      "t" : 1756459545527,
      "tn" : 1756459545527745508,
      "q" : "120",
      "p" : "0.009988",
      "s" : "buy",
      "i" : "CSPR_USDT",
      "m" : "4611686018432196459"
    }, {
      "d" : "1756459545470753220",
      "t" : 1756459545470,
      "tn" : 1756459545470753220,
      "q" : "120",
      "p" : "0.009988",
      "s" : "buy",
      "i" : "CSPR_USDT",
      "m" : "4611686018432196458"
    }, {
      "d" : "1756459545286172036",
      "t" : 1756459545286,
      "tn" : 1756459545286172036,
      "q" : "120",
      "p" : "0.009987",
      "s" : "buy",
      "i" : "CSPR_USDT",
      "m" : "4611686018432196457"
    }, {
      "d" : "1756459545216255395",
      "t" : 1756459545216,
      "tn" : 1756459545216255395,
      "q" : "120",
      "p" : "0.009987",
      "s" : "buy",
      "i" : "CSPR_USDT",
      "m" : "4611686018432196456"
    }, {
      "d" : "1756459544529451861",
      "t" : 1756459544529,
      "tn" : 1756459544529451861,
      "q" : "120",
      "p" : "0.009987",
      "s" : "buy",
      "i" : "CSPR_USDT",
      "m" : "4611686018432196455"
    }, {
      "d" : "1756459544199093498",
      "t" : 1756459544199,
      "tn" : 1756459544199093498,
      "q" : "120",
      "p" : "0.009987",
      "s" : "buy",
      "i" : "CSPR_USDT",
      "m" : "4611686018432196454"
    }, {
      "d" : "1756459543527418338",
      "t" : 1756459543527,
      "tn" : 1756459543527418338,
      "q" : "120",
      "p" : "0.009987",
      "s" : "buy",
      "i" : "CSPR_USDT",
      "m" : "4611686018432196453"
    }, {
      "d" : "1756459542535569524",
      "t" : 1756459542535,
      "tn" : 1756459542535569524,
      "q" : "120",
      "p" : "0.009987",
      "s" : "buy",
      "i" : "CSPR_USDT",
      "m" : "4611686018432196452"
    }, {
      "d" : "1756459542099361876",
      "t" : 1756459542099,
      "tn" : 1756459542099361876,
      "q" : "120",
      "p" : "0.009987",
      "s" : "buy",
      "i" : "CSPR_USDT",
      "m" : "4611686018432196451"
    }, {
      "d" : "1756459541999203317",
      "t" : 1756459541999,
      "tn" : 1756459541999203317,
      "q" : "120",
      "p" : "0.009987",
      "s" : "buy",
      "i" : "CSPR_USDT",
      "m" : "4611686018432196450"
    }, {
      "d" : "1756459541867889511",
      "t" : 1756459541867,
      "tn" : 1756459541867889511,
      "q" : "120",
      "p" : "0.009987",
      "s" : "buy",
      "i" : "CSPR_USDT",
      "m" : "4611686018432196449"
    }, {
      "d" : "1756459327535066698",
      "t" : 1756459327535,
      "tn" : 1756459327535066697,
      "q" : "360",
      "p" : "0.009976",
      "s" : "buy",
      "i" : "CSPR_USDT",
      "m" : "4611686018432196448"
    }, {
      "d" : "1756459327535066697",
      "t" : 1756459327535,
      "tn" : 1756459327535066697,
      "q" : "3550",
      "p" : "0.009976",
      "s" : "buy",
      "i" : "CSPR_USDT",
      "m" : "4611686018432196448"
    }, {
      "d" : "1756459173072883024",
      "t" : 1756459173072,
      "tn" : 1756459173072883024,
      "q" : "3010",
      "p" : "0.009959",
      "s" : "buy",
      "i" : "CSPR_USDT",
      "m" : "4611686018432196447"
    }, {
      "d" : "1756459090029450706",
      "t" : 1756459090029,
      "tn" : 1756459090029450706,
      "q" : "11220",
      "p" : "0.009929",
      "s" : "sell",
      "i" : "CSPR_USDT",
      "m" : "4611686018432196446"
    }, {
      "d" : "1756459032231213982",
      "t" : 1756459032231,
      "tn" : 1756459032231213982,
      "q" : "120",
      "p" : "0.009941",
      "s" : "sell",
      "i" : "CSPR_USDT",
      "m" : "4611686018432196445"
    }, {
      "d" : "1756459031998818035",
      "t" : 1756459031998,
      "tn" : 1756459031998818035,
      "q" : "120",
      "p" : "0.009941",
      "s" : "sell",
      "i" : "CSPR_USDT",
      "m" : "4611686018432196444"
    }, {
      "d" : "1756459031878654144",
      "t" : 1756459031878,
      "tn" : 1756459031878654144,
      "q" : "120",
      "p" : "0.009941",
      "s" : "sell",
      "i" : "CSPR_USDT",
      "m" : "4611686018432196443"
    }, {
      "d" : "1756459031528727563",
      "t" : 1756459031528,
      "tn" : 1756459031528727563,
      "q" : "120",
      "p" : "0.009941",
      "s" : "sell",
      "i" : "CSPR_USDT",
      "m" : "4611686018432196442"
    }, {
      "d" : "1756459031297549642",
      "t" : 1756459031297,
      "tn" : 1756459031297549642,
      "q" : "120",
      "p" : "0.009941",
      "s" : "sell",
      "i" : "CSPR_USDT",
      "m" : "4611686018432196441"
    }, {
      "d" : "1756459031117387963",
      "t" : 1756459031117,
      "tn" : 1756459031117387963,
      "q" : "120",
      "p" : "0.009941",
      "s" : "sell",
      "i" : "CSPR_USDT",
      "m" : "4611686018432196440"
    }, {
      "d" : "1756459030996469576",
      "t" : 1756459030996,
      "tn" : 1756459030996469576,
      "q" : "120",
      "p" : "0.009941",
      "s" : "sell",
      "i" : "CSPR_USDT",
      "m" : "4611686018432196439"
    }, {
      "d" : "1756459030981506813",
      "t" : 1756459030981,
      "tn" : 1756459030981506813,
      "q" : "120",
      "p" : "0.009941",
      "s" : "sell",
      "i" : "CSPR_USDT",
      "m" : "4611686018432196438"
    }, {
      "d" : "1756459030555852339",
      "t" : 1756459030555,
      "tn" : 1756459030555852339,
      "q" : "120",
      "p" : "0.009941",
      "s" : "sell",
      "i" : "CSPR_USDT",
      "m" : "4611686018432196437"
    }, {
      "d" : "1756459030540801629",
      "t" : 1756459030540,
      "tn" : 1756459030540801629,
      "q" : "120",
      "p" : "0.009941",
      "s" : "sell",
      "i" : "CSPR_USDT",
      "m" : "4611686018432196436"
    }, {
      "d" : "1756459030525795493",
      "t" : 1756459030525,
      "tn" : 1756459030525795493,
      "q" : "120",
      "p" : "0.009941",
      "s" : "sell",
      "i" : "CSPR_USDT",
      "m" : "4611686018432196435"
    }, {
      "d" : "1756459029999850583",
      "t" : 1756459029999,
      "tn" : 1756459029999850583,
      "q" : "120",
      "p" : "0.009941",
      "s" : "sell",
      "i" : "CSPR_USDT",
      "m" : "4611686018432196434"
    }, {
      "d" : "1756459029528544778",
      "t" : 1756459029528,
      "tn" : 1756459029528544778,
      "q" : "120",
      "p" : "0.009941",
      "s" : "sell",
      "i" : "CSPR_USDT",
      "m" : "4611686018432196433"
    }, {
      "d" : "1756459029238120103",
      "t" : 1756459029238,
      "tn" : 1756459029238120103,
      "q" : "120",
      "p" : "0.009941",
      "s" : "sell",
      "i" : "CSPR_USDT",
      "m" : "4611686018432196432"
    }, {
      "d" : "1756459029117945770",
      "t" : 1756459029117,
      "tn" : 1756459029117945770,
      "q" : "120",
      "p" : "0.009941",
      "s" : "sell",
      "i" : "CSPR_USDT",
      "m" : "4611686018432196431"
    }, {
      "d" : "1756459029097367224",
      "t" : 1756459029097,
      "tn" : 1756459029097367224,
      "q" : "120",
      "p" : "0.009941",
      "s" : "sell",
      "i" : "CSPR_USDT",
      "m" : "4611686018432196430"
    }, {
      "d" : "1756459028987155230",
      "t" : 1756459028987,
      "tn" : 1756459028987155230,
      "q" : "120",
      "p" : "0.009941",
      "s" : "sell",
      "i" : "CSPR_USDT",
      "m" : "4611686018432196429"
    }, {
      "d" : "1756459028776759953",
      "t" : 1756459028776,
      "tn" : 1756459028776759953,
      "q" : "120",
      "p" : "0.009941",
      "s" : "sell",
      "i" : "CSPR_USDT",
      "m" : "4611686018432196428"
    }, {
      "d" : "1756459028766883481",
      "t" : 1756459028766,
      "tn" : 1756459028766883481,
      "q" : "120",
      "p" : "0.009941",
      "s" : "sell",
      "i" : "CSPR_USDT",
      "m" : "4611686018432196427"
    }, {
      "d" : "1756459028525937938",
      "t" : 1756459028525,
      "tn" : 1756459028525937938,
      "q" : "120",
      "p" : "0.009941",
      "s" : "sell",
      "i" : "CSPR_USDT",
      "m" : "4611686018432196426"
    }, {
      "d" : "1756459028395698231",
      "t" : 1756459028395,
      "tn" : 1756459028395698231,
      "q" : "120",
      "p" : "0.009941",
      "s" : "sell",
      "i" : "CSPR_USDT",
      "m" : "4611686018432196425"
    }, {
      "d" : "1756459027994462920",
      "t" : 1756459027994,
      "tn" : 1756459027994462920,
      "q" : "120",
      "p" : "0.009941",
      "s" : "sell",
      "i" : "CSPR_USDT",
      "m" : "4611686018432196424"
    }, {
      "d" : "1756459027528148446",
      "t" : 1756459027528,
      "tn" : 1756459027528148446,
      "q" : "120",
      "p" : "0.009941",
      "s" : "sell",
      "i" : "CSPR_USDT",
      "m" : "4611686018432196423"
    }, {
      "d" : "1756459026996670665",
      "t" : 1756459026996,
      "tn" : 1756459026996670665,
      "q" : "120",
      "p" : "0.009941",
      "s" : "sell",
      "i" : "CSPR_USDT",
      "m" : "4611686018432196422"
    }, {
      "d" : "1756459026991820257",
      "t" : 1756459026991,
      "tn" : 1756459026991820257,
      "q" : "120",
      "p" : "0.009941",
      "s" : "sell",
      "i" : "CSPR_USDT",
      "m" : "4611686018432196421"
    }, {
      "d" : "1756459026525766210",
      "t" : 1756459026525,
      "tn" : 1756459026525766210,
      "q" : "120",
      "p" : "0.009941",
      "s" : "sell",
      "i" : "CSPR_USDT",
      "m" : "4611686018432196420"
    }, {
      "d" : "1756459026436326824",
      "t" : 1756459026436,
      "tn" : 1756459026436326824,
      "q" : "120",
      "p" : "0.009941",
      "s" : "sell",
      "i" : "CSPR_USDT",
      "m" : "4611686018432196419"
    }, {
      "d" : "1756459026360465115",
      "t" : 1756459026360,
      "tn" : 1756459026360465115,
      "q" : "120",
      "p" : "0.009941",
      "s" : "sell",
      "i" : "CSPR_USDT",
      "m" : "4611686018432196418"
    }, {
      "d" : "1756459026345418496",
      "t" : 1756459026345,
      "tn" : 1756459026345418496,
      "q" : "120",
      "p" : "0.009941",
      "s" : "sell",
      "i" : "CSPR_USDT",
      "m" : "4611686018432196417"
    }, {
      "d" : "1756459026295283735",
      "t" : 1756459026295,
      "tn" : 1756459026295283735,
      "q" : "120",
      "p" : "0.009941",
      "s" : "sell",
      "i" : "CSPR_USDT",
      "m" : "4611686018432196416"
    }, {
      "d" : "1756459026240167925",
      "t" : 1756459026240,
      "tn" : 1756459026240167925,
      "q" : "120",
      "p" : "0.009941",
      "s" : "sell",
      "i" : "CSPR_USDT",
      "m" : "4611686018432196415"
    }, {
      "d" : "1756459026145030879",
      "t" : 1756459026145,
      "tn" : 1756459026145030879,
      "q" : "120",
      "p" : "0.009941",
      "s" : "sell",
      "i" : "CSPR_USDT",
      "m" : "4611686018432196414"
    }, {
      "d" : "1756459026120069793",
      "t" : 1756459026120,
      "tn" : 1756459026120069793,
      "q" : "120",
      "p" : "0.009941",
      "s" : "sell",
      "i" : "CSPR_USDT",
      "m" : "4611686018432196413"
    }, {
      "d" : "1756459025999020362",
      "t" : 1756459025999,
      "tn" : 1756459025999020362,
      "q" : "120",
      "p" : "0.009941",
      "s" : "sell",
      "i" : "CSPR_USDT",
      "m" : "4611686018432196412"
    }, {
      "d" : "1756459025898896944",
      "t" : 1756459025898,
      "tn" : 1756459025898896944,
      "q" : "120",
      "p" : "0.009941",
      "s" : "sell",
      "i" : "CSPR_USDT",
      "m" : "4611686018432196411"
    }, {
      "d" : "1756459025783729382",
      "t" : 1756459025783,
      "tn" : 1756459025783729382,
      "q" : "120",
      "p" : "0.009941",
      "s" : "sell",
      "i" : "CSPR_USDT",
      "m" : "4611686018432196410"
    }, {
      "d" : "1756459025768768351",
      "t" : 1756459025768,
      "tn" : 1756459025768768351,
      "q" : "120",
      "p" : "0.009941",
      "s" : "sell",
      "i" : "CSPR_USDT",
      "m" : "4611686018432196409"
    }, {
      "d" : "1756459025558175479",
      "t" : 1756459025558,
      "tn" : 1756459025558175479,
      "q" : "120",
      "p" : "0.009941",
      "s" : "sell",
      "i" : "CSPR_USDT",
      "m" : "4611686018432196408"
    }, {
      "d" : "1756459025533292131",
      "t" : 1756459025533,
      "tn" : 1756459025533292131,
      "q" : "120",
      "p" : "0.009941",
      "s" : "sell",
      "i" : "CSPR_USDT",
      "m" : "4611686018432196407"
    }, {
      "d" : "1756459024996196195",
      "t" : 1756459024996,
      "tn" : 1756459024996196195,
      "q" : "120",
      "p" : "0.009941",
      "s" : "sell",
      "i" : "CSPR_USDT",
      "m" : "4611686018432196406"
    }, {
      "d" : "1756459024991396481",
      "t" : 1756459024991,
      "tn" : 1756459024991396481,
      "q" : "120",
      "p" : "0.009941",
      "s" : "sell",
      "i" : "CSPR_USDT",
      "m" : "4611686018432196405"
    }, {
      "d" : "1756459024529905985",
      "t" : 1756459024529,
      "tn" : 1756459024529905985,
      "q" : "120",
      "p" : "0.009941",
      "s" : "sell",
      "i" : "CSPR_USDT",
      "m" : "4611686018432196404"
    }, {
      "d" : "1756459023034803329",
      "t" : 1756459023034,
      "tn" : 1756459023034803329,
      "q" : "11220",
      "p" : "0.009941",
      "s" : "sell",
      "i" : "CSPR_USDT",
      "m" : "4611686018432196403"
    }, {
      "d" : "1756458915628818655",
      "t" : 1756458915628,
      "tn" : 1756458915628818655,
      "q" : "3580",
      "p" : "0.009960",
      "s" : "sell",
      "i" : "CSPR_USDT",
      "m" : "4611686018432196402"
    }, {
      "d" : "1756458915628815345",
      "t" : 1756458915628,
      "tn" : 1756458915628815345,
      "q" : "10",
      "p" : "0.009990",
      "s" : "sell",
      "i" : "CSPR_USDT",
      "m" : "4611686018432196401"
    }, {
      "d" : "1756458907158163068",
      "t" : 1756458907158,
      "tn" : 1756458907158163068,
      "q" : "1990",
      "p" : "0.009990",
      "s" : "sell",
      "i" : "CSPR_USDT",
      "m" : "4611686018432196400"
    }, {
      "d" : "1756458907158159811",
      "t" : 1756458907158,
      "tn" : 1756458907158159811,
      "q" : "120",
      "p" : "0.009996",
      "s" : "sell",
      "i" : "CSPR_USDT",
      "m" : "4611686018432196399"
    }, {
      "d" : "1756458907158158076",
      "t" : 1756458907158,
      "tn" : 1756458907158158076,
      "q" : "1510",
      "p" : "0.010000",
      "s" : "sell",
      "i" : "CSPR_USDT",
      "m" : "4611686018432196398"
    }, {
      "d" : "1756458899730190433",
      "t" : 1756458899730,
      "tn" : 1756458899730190432,
      "q" : "2090",
      "p" : "0.010000",
      "s" : "sell",
      "i" : "CSPR_USDT",
      "m" : "4611686018432196397"
    }, {
      "d" : "1756458899730190432",
      "t" : 1756458899730,
      "tn" : 1756458899730190432,
      "q" : "1790",
      "p" : "0.010000",
      "s" : "sell",
      "i" : "CSPR_USDT",
      "m" : "4611686018432196397"
    }, {
      "d" : "1756458899730187579",
      "t" : 1756458899730,
      "tn" : 1756458899730187579,
      "q" : "120",
      "p" : "0.010005",
      "s" : "sell",
      "i" : "CSPR_USDT",
      "m" : "4611686018432196396"
    }, {
      "d" : "1756458899651859323",
      "t" : 1756458899651,
      "tn" : 1756458899651859323,
      "q" : "3360",
      "p" : "0.010000",
      "s" : "sell",
      "i" : "CSPR_USDT",
      "m" : "4611686018432196395"
    }, {
      "d" : "1756458899651857045",
      "t" : 1756458899651,
      "tn" : 1756458899651857045,
      "q" : "120",
      "p" : "0.010005",
      "s" : "sell",
      "i" : "CSPR_USDT",
      "m" : "4611686018432196394"
    }, {
      "d" : "1756458899651853468",
      "t" : 1756458899651,
      "tn" : 1756458899651853468,
      "q" : "110",
      "p" : "0.010019",
      "s" : "sell",
      "i" : "CSPR_USDT",
      "m" : "4611686018432196393"
    }, {
      "d" : "1756458659779240671",
      "t" : 1756458659779,
      "tn" : 1756458659779240671,
      "q" : "120",
      "p" : "0.010011",
      "s" : "buy",
      "i" : "CSPR_USDT",
      "m" : "4611686018432196392"
    }, {
      "d" : "1756458657834812573",
      "t" : 1756458657834,
      "tn" : 1756458657834812573,
      "q" : "120",
      "p" : "0.010011",
      "s" : "buy",
      "i" : "CSPR_USDT",
      "m" : "4611686018432196391"
    }, {
      "d" : "1756458657533907441",
      "t" : 1756458657533,
      "tn" : 1756458657533907441,
      "q" : "120",
      "p" : "0.010011",
      "s" : "buy",
      "i" : "CSPR_USDT",
      "m" : "4611686018432196390"
    }, {
      "d" : "1756458655609554133",
      "t" : 1756458655609,
      "tn" : 1756458655609554133,
      "q" : "120",
      "p" : "0.010011",
      "s" : "buy",
      "i" : "CSPR_USDT",
      "m" : "4611686018432196389"
    }, {
      "d" : "1756458655529397092",
      "t" : 1756458655529,
      "tn" : 1756458655529397092,
      "q" : "120",
      "p" : "0.010011",
      "s" : "buy",
      "i" : "CSPR_USDT",
      "m" : "4611686018432196388"
    }, {
      "d" : "1756458655058089532",
      "t" : 1756458655058,
      "tn" : 1756458655058089532,
      "q" : "120",
      "p" : "0.010011",
      "s" : "buy",
      "i" : "CSPR_USDT",
      "m" : "4611686018432196387"
    }, {
      "d" : "1756458654597274332",
      "t" : 1756458654597,
      "tn" : 1756458654597274332,
      "q" : "120",
      "p" : "0.010013",
      "s" : "buy",
      "i" : "CSPR_USDT",
      "m" : "4611686018432196386"
    }, {
      "d" : "1756458653525311576",
      "t" : 1756458653525,
      "tn" : 1756458653525311576,
      "q" : "120",
      "p" : "0.010013",
      "s" : "buy",
      "i" : "CSPR_USDT",
      "m" : "4611686018432196385"
    }, {
      "d" : "1756458649590804018",
      "t" : 1756458649590,
      "tn" : 1756458649590804018,
      "q" : "120",
      "p" : "0.010010",
      "s" : "buy",
      "i" : "CSPR_USDT",
      "m" : "4611686018432196384"
    }, {
      "d" : "1756458649525776661",
      "t" : 1756458649525,
      "tn" : 1756458649525776661,
      "q" : "120",
      "p" : "0.010010",
      "s" : "buy",
      "i" : "CSPR_USDT",
      "m" : "4611686018432196383"
    }, {
      "d" : "1756458648528532472",
      "t" : 1756458648528,
      "tn" : 1756458648528532472,
      "q" : "120",
      "p" : "0.010011",
      "s" : "buy",
      "i" : "CSPR_USDT",
      "m" : "4611686018432196382"
    }, {
      "d" : "1756458646387874144",
      "t" : 1756458646387,
      "tn" : 1756458646387874144,
      "q" : "120",
      "p" : "0.010013",
      "s" : "buy",
      "i" : "CSPR_USDT",
      "m" : "4611686018432196381"
    }, {
      "d" : "1756458641931842526",
      "t" : 1756458641931,
      "tn" : 1756458641931842526,
      "q" : "120",
      "p" : "0.010011",
      "s" : "buy",
      "i" : "CSPR_USDT",
      "m" : "4611686018432196380"
    }, {
      "d" : "1756458637175546304",
      "t" : 1756458637175,
      "tn" : 1756458637175546304,
      "q" : "120",
      "p" : "0.010014",
      "s" : "buy",
      "i" : "CSPR_USDT",
      "m" : "4611686018432196379"
    }, {
      "d" : "1756458593176354881",
      "t" : 1756458593176,
      "tn" : 1756458593176354881,
      "q" : "120",
      "p" : "0.010018",
      "s" : "buy",
      "i" : "CSPR_USDT",
      "m" : "4611686018432196378"
    }, {
      "d" : "1756458468280073661",
      "t" : 1756458468280,
      "tn" : 1756458468280073661,
      "q" : "120",
      "p" : "0.010015",
      "s" : "buy",
      "i" : "CSPR_USDT",
      "m" : "4611686018432196377"
    }, {
      "d" : "1756458468179987104",
      "t" : 1756458468179,
      "tn" : 1756458468179987104,
      "q" : "120",
      "p" : "0.010016",
      "s" : "buy",
      "i" : "CSPR_USDT",
      "m" : "4611686018432196376"
    }, {
      "d" : "1756458467759366575",
      "t" : 1756458467759,
      "tn" : 1756458467759366575,
      "q" : "120",
      "p" : "0.010016",
      "s" : "buy",
      "i" : "CSPR_USDT",
      "m" : "4611686018432196375"
    }, {
      "d" : "1756458467538751645",
      "t" : 1756458467538,
      "tn" : 1756458467538751645,
      "q" : "120",
      "p" : "0.010016",
      "s" : "buy",
      "i" : "CSPR_USDT",
      "m" : "4611686018432196374"
    }, {
      "d" : "1756458467528761896",
      "t" : 1756458467528,
      "tn" : 1756458467528761896,
      "q" : "120",
      "p" : "0.010016",
      "s" : "buy",
      "i" : "CSPR_USDT",
      "m" : "4611686018432196373"
    }, {
      "d" : "1756458465072742975",
      "t" : 1756458465072,
      "tn" : 1756458465072742975,
      "q" : "630",
      "p" : "0.010021",
      "s" : "buy",
      "i" : "CSPR_USDT",
      "m" : "4611686018432196372"
    }, {
      "d" : "1756458459538569543",
      "t" : 1756458459538,
      "tn" : 1756458459538569543,
      "q" : "120",
      "p" : "0.010006",
      "s" : "buy",
      "i" : "CSPR_USDT",
      "m" : "4611686018432196371"
    }, {
      "d" : "1756458458295699290",
      "t" : 1756458458295,
      "tn" : 1756458458295699290,
      "q" : "110",
      "p" : "0.010006",
      "s" : "buy",
      "i" : "CSPR_USDT",
      "m" : "4611686018432196370"
    } ]
  }
}