{
  "id" : -1,
  "method" : "public/get-trades",
  "code" : 0,
  "result" : {
    "data" : [ {
      "d" : "1756460669804506576",
      "t" : 1756460669804,
      "tn" : 1756460669804506576,
      "q" : "120",
      "p" : "0.010003",
      "s" : "buy",
      "i" : "CSPR_USD",
      "m" : "4611686018432447386"
    }, {
      "d" : "1756460663732634350",
      "t" : 1756460663732,
      "tn" : 1756460663732634350,
      "q" : "120",
      "p" : "0.010003",
      "s" : "buy",
      "i" : "CSPR_USD",
      "m" : "4611686018432447385"
    }, {
      "d" : "1756460658140929287",
      "t" : 1756460658140,
      "tn" : 1756460658140929287,
      "q" : "4000",
      "p" : "0.010003",
      "s" : "sell",
      "i" : "CSPR_USD",
      "m" : "4611686018432447384"
    }, {
      "d" : "1756460657766392974",
      "t" : 1756460657766,
      "tn" : 1756460657766392974,
      "q" : "120",
      "p" : "0.010003",
      "s" : "buy",
      "i" : "CSPR_USD",
      "m" : "4611686018432447383"
    }, {
      "d" : "1756460427781266289",
      "t" : 1756460427781,
      "tn" : 1756460427781266289,
      "q" : "110",
      "p" : "0.010002",
      "s" : "sell",
      "i" : "CSPR_USD",
      "m" : "4611686018432447382"
    }, {
      "d" : "1756460427781264743",
      "t" : 1756460427781,
      "tn" : 1756460427781264743,
      "q" : "49880",
      "p" : "0.010003",
      "s" : "sell",
      "i" : "CSPR_USD",
      "m" : "4611686018432447381"
    }, {
      "d" : "1756460427773846626",
      "t" : 1756460427773,
      "tn" : 1756460427773846626,
      "q" : "120",
      "p" : "0.010003",
      "s" : "buy",
      "i" : "CSPR_USD",
      "m" : "4611686018432447380"
    }, {
      "d" : "1756460020760826938",
      "t" : 1756460020760,
      "tn" : 1756460020760826938,
      "q" : "2910",
      "p" : "0.009986",
      "s" : "sell",
      "i" : "CSPR_USD",
      "m" : "4611686018432447379"
    }, {
      "d" : "1756460014748013297",
      "t" : 1756460014748,
      "tn" : 1756460014748013297,
      "q" : "120",
      "p" : "0.010002",
      "s" : "sell",
      "i" : "CSPR_USD",
      "m" : "4611686018432447378"
    }, {
      "d" : "1756460008755747653",
      "t" : 1756460008755,
      "tn" : 1756460008755747653,
      "q" : "120",
      "p" : "0.010002",
      "s" : "sell",
      "i" : "CSPR_USD",
      "m" : "4611686018432447377"
    }, {
      "d" : "1756460002772839059",
      "t" : 1756460002772,
      "tn" : 1756460002772839059,
      "q" : "120",
      "p" : "0.010002",
      "s" : "sell",
      "i" : "CSPR_USD",
      "m" : "4611686018432447376"
    }, {
      "d" : "1756459997157386850",
      "t" : 1756459997157,
      "tn" : 1756459997157386850,
      "q" : "120",
      "p" : "0.010002",
      "s" : "sell",
      "i" : "CSPR_USD",
      "m" : "4611686018432447375"
    }, {
      "d" : "1756459904728875243",
      "t" : 1756459904728,
      "tn" : 1756459904728875243,
      "q" : "120",
      "p" : "0.010003",
      "s" : "buy",
      "i" : "CSPR_USD",
      "m" : "4611686018432447374"
    }, {
      "d" : "1756459898781723420",
      "t" : 1756459898781,
      "tn" : 1756459898781723420,
      "q" : "120",
      "p" : "0.010003",
      "s" : "buy",
      "i" : "CSPR_USD",
      "m" : "4611686018432447373"
    }, {
      "d" : "1756459893343137114",
      "t" : 1756459893343,
      "tn" : 1756459893343137114,
      "q" : "120",
      "p" : "0.010003",
      "s" : "buy",
      "i" : "CSPR_USD",
      "m" : "4611686018432447372"
    }, {
      "d" : "1756459889829467358",
      "t" : 1756459889829,
      "tn" : 1756459889829467358,
      "q" : "2500",
      "p" : "0.010003",
      "s" : "sell",
      "i" : "CSPR_USD",
      "m" : "4611686018432447371"
    }, {
      "d" : "1756459889695764983",
      "t" : 1756459889695,
      "tn" : 1756459889695764983,
      "q" : "15000",
      "p" : "0.010003",
      "s" : "sell",
      "i" : "CSPR_USD",
      "m" : "4611686018432447370"
    }, {
      "d" : "1756459889687729518",
      "t" : 1756459889687,
      "tn" : 1756459889687729518,
      "q" : "120",
      "p" : "0.010003",
      "s" : "buy",
      "i" : "CSPR_USD",
      "m" : "4611686018432447369"
    }, {
      "d" : "1756459562691075258",
      "t" : 1756459562691,
      "tn" : 1756459562691075258,
      "q" : "120",
      "p" : "0.010002",
      "s" : "sell",
      "i" : "CSPR_USD",
      "m" : "4611686018432447368"
    }, {
      "d" : "1756459562666089213",
      "t" : 1756459562666,
      "tn" : 1756459562666089213,
      "q" : "120",
      "p" : "0.010002",
      "s" : "sell",
      "i" : "CSPR_USD",
      "m" : "4611686018432447367"
    }, {
      "d" : "1756459562655844801",
      "t" : 1756459562655,
      "tn" : 1756459562655844801,
      "q" : "120",
      "p" : "0.010002",
      "s" : "sell",
      "i" : "CSPR_USD",
      "m" : "4611686018432447366"
    }, {
      "d" : "1756459562645908568",
      "t" : 1756459562645,
      "tn" : 1756459562645908568,
      "q" : "120",
      "p" : "0.010002",
      "s" : "sell",
      "i" : "CSPR_USD",
      "m" : "4611686018432447365"
    }, {
      "d" : "1756459562525726427",
      "t" : 1756459562525,
      "tn" : 1756459562525726427,
      "q" : "120",
      "p" : "0.010002",
      "s" : "sell",
      "i" : "CSPR_USD",
      "m" : "4611686018432447364"
    }, {
      "d" : "1756459562420474844",
      "t" : 1756459562420,
      "tn" : 1756459562420474844,
      "q" : "120",
      "p" : "0.010002",
      "s" : "sell",
      "i" : "CSPR_USD",
      "m" : "4611686018432447363"
    }, {
      "d" : "1756459562300325252",
      "t" : 1756459562300,
      "tn" : 1756459562300325252,
      "q" : "120",
      "p" : "0.010002",
      "s" : "sell",
      "i" : "CSPR_USD",
      "m" : "4611686018432447362"
    }, {
      "d" : "1756459562119610467",
      "t" : 1756459562119,
      "tn" : 1756459562119610467,
      "q" : "120",
      "p" : "0.010002",
      "s" : "sell",
      "i" : "CSPR_USD",
      "m" : "4611686018432447361"
    }, {
      "d" : "1756459561998703186",
      "t" : 1756459561998,
      "tn" : 1756459561998703186,
      "q" : "120",
      "p" : "0.010002",
      "s" : "sell",
      "i" : "CSPR_USD",
      "m" : "4611686018432447360"
    }, {
      "d" : "1756459561898724606",
      "t" : 1756459561898,
      "tn" : 1756459561898724606,
      "q" : "120",
      "p" : "0.010002",
      "s" : "sell",
      "i" : "CSPR_USD",
      "m" : "4611686018432447359"
    }, {
      "d" : "1756459561533026658",
      "t" : 1756459561533,
      "tn" : 1756459561533026658,
      "q" : "120",
      "p" : "0.010002",
      "s" : "sell",
      "i" : "CSPR_USD",
      "m" : "4611686018432447358"
    }, {
      "d" : "1756459560801088112",
      "t" : 1756459560801,
      "tn" : 1756459560801088112,
      "q" : "120",
      "p" : "0.010002",
      "s" : "sell",
      "i" : "CSPR_USD",
      "m" : "4611686018432447357"
    }, {
      "d" : "1756459560791081700",
      "t" : 1756459560791,
      "tn" : 1756459560791081700,
      "q" : "120",
      "p" : "0.010002",
      "s" : "sell",
      "i" : "CSPR_USD",
      "m" : "4611686018432447356"
    }, {
      "d" : "1756459560736028146",
      "t" : 1756459560736,
      "tn" : 1756459560736028146,
      "q" : "120",
      "p" : "0.010002",
      "s" : "sell",
      "i" : "CSPR_USD",
      "m" : "4611686018432447355"
    }, {
      "d" : "1756459560620728590",
      "t" : 1756459560620,
      "tn" : 1756459560620728590,
      "q" : "120",
      "p" : "0.010002",
      "s" : "sell",
      "i" : "CSPR_USD",
      "m" : "4611686018432447354"
    }, {
      "d" : "1756459560525740912",
      "t" : 1756459560525,
      "tn" : 1756459560525740912,
      "q" : "120",
      "p" : "0.010002",
      "s" : "sell",
      "i" : "CSPR_USD",
      "m" : "4611686018432447353"
    }, {
      "d" : "1756459559937885628",
      "t" : 1756459559937,
      "tn" : 1756459559937885628,
      "q" : "120",
      "p" : "0.010002",
      "s" : "sell",
      "i" : "CSPR_USD",
      "m" : "4611686018432447352"
    }, {
      "d" : "1756459559842689233",
      "t" : 1756459559842,
      "tn" : 1756459559842689233,
      "q" : "120",
      "p" : "0.010002",
      "s" : "sell",
      "i" : "CSPR_USD",
      "m" : "4611686018432447351"
    }, {
      "d" : "1756459559832695659",
      "t" : 1756459559832,
      "tn" : 1756459559832695659,
      "q" : "120",
      "p" : "0.010002",
      "s" : "sell",
      "i" : "CSPR_USD",
      "m" : "4611686018432447350"
    }, {
      "d" : "1756459559817741709",
      "t" : 1756459559817,
      "tn" : 1756459559817741709,
      "q" : "120",
      "p" : "0.010002",
      "s" : "sell",
      "i" : "CSPR_USD",
      "m" : "4611686018432447349"
    }, {
      "d" : "1756459559807793838",
      "t" : 1756459559807,
      "tn" : 1756459559807793838,
      "q" : "120",
      "p" : "0.010002",
      "s" : "sell",
      "i" : "CSPR_USD",
      "m" : "4611686018432447348"
    }, {
      "d" : "1756459559527252546",
      "t" : 1756459559527,
      "tn" : 1756459559527252546,
      "q" : "120",
      "p" : "0.010002",
      "s" : "sell",
      "i" : "CSPR_USD",
      "m" : "4611686018432447347"
    }, {
      "d" : "1756459558755664414",
      "t" : 1756459558755,
      "tn" : 1756459558755664414,
      "q" : "120",
      "p" : "0.010002",
      "s" : "sell",
      "i" : "CSPR_USD",
      "m" : "4611686018432447346"
    }, {
      "d" : "1756459558530404271",
      "t" : 1756459558530,
      "tn" : 1756459558530404271,
      "q" : "120",
      "p" : "0.010002",
      "s" : "sell",
      "i" : "CSPR_USD",
      "m" : "4611686018432447345"
    }, {
      "d" : "1756459557528285122",
      "t" : 1756459557528,
      "tn" : 1756459557528285122,
      "q" : "120",
      "p" : "0.010002",
      "s" : "sell",
      "i" : "CSPR_USD",
      "m" : "4611686018432447344"
    }, {
      "d" : "1756459556916681517",
      "t" : 1756459556916,
      "tn" : 1756459556916681517,
      "q" : "120",
      "p" : "0.010002",
      "s" : "sell",
      "i" : "CSPR_USD",
      "m" : "4611686018432447343"
    }, {
      "d" : "1756459556841542929",
      "t" : 1756459556841,
      "tn" : 1756459556841542929,
      "q" : "120",
      "p" : "0.010002",
      "s" : "sell",
      "i" : "CSPR_USD",
      "m" : "4611686018432447342"
    }, {
      "d" : "1756459556831471483",
      "t" : 1756459556831,
      "tn" : 1756459556831471483,
      "q" : "120",
      "p" : "0.010002",
      "s" : "sell",
      "i" : "CSPR_USD",
      "m" : "4611686018432447341"
    }, {
      "d" : "1756459556816453250",
      "t" : 1756459556816,
      "tn" : 1756459556816453250,
      "q" : "120",
      "p" : "0.010002",
      "s" : "sell",
      "i" : "CSPR_USD",
      "m" : "4611686018432447340"
    }, {
      "d" : "1756459556806540317",
      "t" : 1756459556806,
      "tn" : 1756459556806540317,
      "q" : "120",
      "p" : "0.010002",
      "s" : "sell",
      "i" : "CSPR_USD",
      "m" : "4611686018432447339"
    }, {
      "d" : "1756459556526278565",
      "t" : 1756459556526,
      "tn" : 1756459556526278565,
      "q" : "120",
      "p" : "0.010002",
      "s" : "sell",
      "i" : "CSPR_USD",
      "m" : "4611686018432447338"
    }, {
      "d" : "1756459555528999088",
      "t" : 1756459555528,
      "tn" : 1756459555528999088,
      "q" : "120",
      "p" : "0.010002",
      "s" : "sell",
      "i" : "CSPR_USD",
      "m" : "4611686018432447337"
    }, {
      "d" : "1756459554526832290",
      "t" : 1756459554526,
      "tn" : 1756459554526832290,
      "q" : "120",
      "p" : "0.010002",
      "s" : "sell",
      "i" : "CSPR_USD",
      "m" : "4611686018432447336"
    }, {
      "d" : "1756459553810216616",
      "t" : 1756459553810,
      "tn" : 1756459553810216616,
      "q" : "120",
      "p" : "0.010002",
      "s" : "sell",
      "i" : "CSPR_USD",
      "m" : "4611686018432447335"
    }, {
      "d" : "1756459553534782683",
      "t" : 1756459553534,
      "tn" : 1756459553534782683,
      "q" : "120",
      "p" : "0.010002",
      "s" : "sell",
      "i" : "CSPR_USD",
      "m" : "4611686018432447334"
    }, {
      "d" : "1756459552532324487",
      "t" : 1756459552532,
      "tn" : 1756459552532324487,
      "q" : "120",
      "p" : "0.010002",
      "s" : "sell",
      "i" : "CSPR_USD",
      "m" : "4611686018432447333"
    }, {
      "d" : "1756459551529494809",
      "t" : 1756459551529,
      "tn" : 1756459551529494809,
      "q" : "120",
      "p" : "0.010002",
      "s" : "sell",
      "i" : "CSPR_USD",
      "m" : "4611686018432447332"
    }, {
      "d" : "1756459550937572833",
      "t" : 1756459550937,
      "tn" : 1756459550937572833,
      "q" : "120",
      "p" : "0.010002",
      "s" : "sell",
      "i" : "CSPR_USD",
      "m" : "4611686018432447331"
    }, {
      "d" : "1756459550852474514",
      "t" : 1756459550852,
      "tn" : 1756459550852474514,
      "q" : "120",
      "p" : "0.010002",
      "s" : "sell",
      "i" : "CSPR_USD",
      "m" : "4611686018432447330"
    }, {
      "d" : "1756459550837437370",
      "t" : 1756459550837,
      "tn" : 1756459550837437370,
      "q" : "120",
      "p" : "0.010002",
      "s" : "sell",
      "i" : "CSPR_USD",
      "m" : "4611686018432447329"
    }, {
      "d" : "1756459550817497838",
      "t" : 1756459550817,
      "tn" : 1756459550817497838,
      "q" : "120",
      "p" : "0.010002",
      "s" : "sell",
      "i" : "CSPR_USD",
      "m" : "4611686018432447328"
    }, {
      "d" : "1756459550807533614",
      "t" : 1756459550807,
      "tn" : 1756459550807533614,
      "q" : "120",
      "p" : "0.010002",
      "s" : "sell",
      "i" : "CSPR_USD",
      "m" : "4611686018432447327"
    }, {
      "d" : "1756459550527143606",
      "t" : 1756459550527,
      "tn" : 1756459550527143606,
      "q" : "120",
      "p" : "0.010002",
      "s" : "sell",
      "i" : "CSPR_USD",
      "m" : "4611686018432447326"
    }, {
      "d" : "1756459549528483998",
      "t" : 1756459549528,
      "tn" : 1756459549528483998,
      "q" : "120",
      "p" : "0.010002",
      "s" : "sell",
      "i" : "CSPR_USD",
      "m" : "4611686018432447325"
    }, {
      "d" : "1756459548526229675",
      "t" : 1756459548526,
      "tn" : 1756459548526229675,
      "q" : "120",
      "p" : "0.010002",
      "s" : "sell",
      "i" : "CSPR_USD",
      "m" : "4611686018432447324"
    }, {
      "d" : "1756459547919580989",
      "t" : 1756459547919,
      "tn" : 1756459547919580989,
      "q" : "120",
      "p" : "0.010002",
      "s" : "sell",
      "i" : "CSPR_USD",
      "m" : "4611686018432447323"
    }, {
      "d" : "1756459547839425922",
      "t" : 1756459547839,
      "tn" : 1756459547839425922,
      "q" : "120",
      "p" : "0.010002",
      "s" : "sell",
      "i" : "CSPR_USD",
      "m" : "4611686018432447322"
    }, {
      "d" : "1756459547819409845",
      "t" : 1756459547819,
      "tn" : 1756459547819409845,
      "q" : "120",
      "p" : "0.010002",
      "s" : "sell",
      "i" : "CSPR_USD",
      "m" : "4611686018432447321"
    }, {
      "d" : "1756459547809418808",
      "t" : 1756459547809,
      "tn" : 1756459547809418808,
      "q" : "120",
      "p" : "0.010002",
      "s" : "sell",
      "i" : "CSPR_USD",
      "m" : "4611686018432447320"
    }, {
      "d" : "1756459547699336254",
      "t" : 1756459547699,
      "tn" : 1756459547699336254,
      "q" : "120",
      "p" : "0.010002",
      "s" : "sell",
      "i" : "CSPR_USD",
      "m" : "4611686018432447319"
    }, {
      "d" : "1756459547528932467",
      "t" : 1756459547528,
      "tn" : 1756459547528932467,
      "q" : "120",
      "p" : "0.010002",
      "s" : "sell",
      "i" : "CSPR_USD",
      "m" : "4611686018432447318"
    }, {
      "d" : "1756459546676855069",
      "t" : 1756459546676,
      "tn" : 1756459546676855069,
      "q" : "120",
      "p" : "0.010002",
      "s" : "sell",
      "i" : "CSPR_USD",
      "m" : "4611686018432447317"
    }, {
      "d" : "1756459546521232766",
      "t" : 1756459546521,
      "tn" : 1756459546521232766,
      "q" : "120",
      "p" : "0.010002",
      "s" : "sell",
      "i" : "CSPR_USD",
      "m" : "4611686018432447316"
    }, {
      "d" : "1756459546415882215",
      "t" : 1756459546415,
      "tn" : 1756459546415882215,
      "q" : "120",
      "p" : "0.010002",
      "s" : "sell",
      "i" : "CSPR_USD",
      "m" : "4611686018432447315"
    }, {
      "d" : "1756459546195483011",
      "t" : 1756459546195,
      "tn" : 1756459546195483011,
      "q" : "120",
      "p" : "0.010002",
      "s" : "sell",
      "i" : "CSPR_USD",
      "m" : "4611686018432447314"
    }, {
      "d" : "1756459546079709635",
      "t" : 1756459546079,
      "tn" : 1756459546079709635,
      "q" : "120",
      "p" : "0.010002",
      "s" : "sell",
      "i" : "CSPR_USD",
      "m" : "4611686018432447313"
    }, {
      "d" : "1756459545839197650",
      "t" : 1756459545839,
      "tn" : 1756459545839197650,
      "q" : "120",
      "p" : "0.010002",
      "s" : "sell",
      "i" : "CSPR_USD",
      "m" : "4611686018432447312"
    }, {
      "d" : "1756459545527739796",
      "t" : 1756459545527,
      "tn" : 1756459545527739796,
      "q" : "120",
      "p" : "0.010002",
      "s" : "sell",
      "i" : "CSPR_USD",
      "m" : "4611686018432447311"
    }, {
      "d" : "1756459545470749763",
      "t" : 1756459545470,
      "tn" : 1756459545470749763,
      "q" : "120",
      "p" : "0.010002",
      "s" : "sell",
      "i" : "CSPR_USD",
      "m" : "4611686018432447310"
    }, {
      "d" : "1756459545301160833",
      "t" : 1756459545301,
      "tn" : 1756459545301160833,
      "q" : "120",
      "p" : "0.010002",
      "s" : "sell",
      "i" : "CSPR_USD",
      "m" : "4611686018432447309"
    }, {
      "d" : "1756459545286151174",
      "t" : 1756459545286,
      "tn" : 1756459545286151174,
      "q" : "120",
      "p" : "0.010002",
      "s" : "sell",
      "i" : "CSPR_USD",
      "m" : "4611686018432447308"
    }, {
      "d" : "1756459545216215623",
      "t" : 1756459545216,
      "tn" : 1756459545216215623,
      "q" : "120",
      "p" : "0.010002",
      "s" : "sell",
      "i" : "CSPR_USD",
      "m" : "4611686018432447307"
    }, {
      "d" : "1756459544529407485",
      "t" : 1756459544529,
      "tn" : 1756459544529407485,
      "q" : "120",
      "p" : "0.010002",
      "s" : "sell",
      "i" : "CSPR_USD",
      "m" : "4611686018432447306"
    }, {
      "d" : "1756459544199071747",
      "t" : 1756459544199,
      "tn" : 1756459544199071747,
      "q" : "120",
      "p" : "0.010002",
      "s" : "sell",
      "i" : "CSPR_USD",
      "m" : "4611686018432447305"
    }, {
      "d" : "1756459543527387967",
      "t" : 1756459543527,
      "tn" : 1756459543527387967,
      "q" : "120",
      "p" : "0.010002",
      "s" : "sell",
      "i" : "CSPR_USD",
      "m" : "4611686018432447304"
    }, {
      "d" : "1756459542535532610",
      "t" : 1756459542535,
      "tn" : 1756459542535532610,
      "q" : "120",
      "p" : "0.010002",
      "s" : "sell",
      "i" : "CSPR_USD",
      "m" : "4611686018432447303"
    }, {
      "d" : "1756459542099336836",
      "t" : 1756459542099,
      "tn" : 1756459542099336836,
      "q" : "120",
      "p" : "0.010002",
      "s" : "sell",
      "i" : "CSPR_USD",
      "m" : "4611686018432447302"
    }, {
      "d" : "1756459541999191012",
      "t" : 1756459541999,
      "tn" : 1756459541999191012,
      "q" : "120",
      "p" : "0.010002",
      "s" : "sell",
      "i" : "CSPR_USD",
      "m" : "4611686018432447301"
    }, {
      "d" : "1756459541867908880",
      "t" : 1756459541867,
      "tn" : 1756459541867908880,
      "q" : "120",
      "p" : "0.010002",
      "s" : "sell",
      "i" : "CSPR_USD",
      "m" : "4611686018432447300"
    }, {
      "d" : "1756459484648342580",
      "t" : 1756459484648,
      "tn" : 1756459484648342580,
      "q" : "120",
      "p" : "0.010003",
      "s" : "buy",
      "i" : "CSPR_USD",
      "m" : "4611686018432447299"
    }, {
      "d" : "1756459478624175976",
      "t" : 1756459478624,
      "tn" : 1756459478624175976,
      "q" : "120",
      "p" : "0.010003",
      "s" : "buy",
      "i" : "CSPR_USD",
      "m" : "4611686018432447298"
    }, {
      "d" : "1756459472787515229",
      "t" : 1756459472787,
      "tn" : 1756459472787515229,
      "q" : "120",
      "p" : "0.010003",
      "s" : "buy",
      "i" : "CSPR_USD",
      "m" : "4611686018432447297"
    }, {
      "d" : "1756459466788553889",
      "t" : 1756459466788,
      "tn" : 1756459466788553889,
      "q" : "120",
      "p" : "0.010003",
      "s" : "buy",
      "i" : "CSPR_USD",
      "m" : "4611686018432447296"
    }, {
      "d" : "1756459460632345165",
      "t" : 1756459460632,
      "tn" : 1756459460632345165,
      "q" : "120",
      "p" : "0.010003",
      "s" : "buy",
      "i" : "CSPR_USD",
      "m" : "4611686018432447295"
    }, {
      "d" : "1756459455259557347",
      "t" : 1756459455259,
      "tn" : 1756459455259557347,
      "q" : "120",
      "p" : "0.010003",
      "s" : "buy",
      "i" : "CSPR_USD",
      "m" : "4611686018432447294"
    }, {
      "d" : "1756459451645838496",
      "t" : 1756459451645,
      "tn" : 1756459451645838496,
      "q" : "120",
      "p" : "0.010003",
      "s" : "buy",
      "i" : "CSPR_USD",
      "m" : "4611686018432447293"
    }, {
      "d" : "1756459445815692172",
      "t" : 1756459445815,
      "tn" : 1756459445815692172,
      "q" : "120",
      "p" : "0.010003",
      "s" : "buy",
      "i" : "CSPR_USD",
      "m" : "4611686018432447292"
    }, {
      "d" : "1756459052564694150",
      "t" : 1756459052564,
      "tn" : 1756459052564694150,
      "q" : "120",
      "p" : "0.009933",
      "s" : "buy",
      "i" : "CSPR_USD",
      "m" : "4611686018432447291"
    }, {
      "d" : "1756459052321725811",
      "t" : 1756459052321,
      "tn" : 1756459052321725811,
      "q" : "120",
      "p" : "0.009934",
      "s" : "buy",
      "i" : "CSPR_USD",
      "m" : "4611686018432447290"
    }, {
      "d" : "1756459051578359247",
      "t" : 1756459051578,
      "tn" : 1756459051578359247,
      "q" : "120",
      "p" : "0.009933",
      "s" : "buy",
      "i" : "CSPR_USD",
      "m" : "4611686018432447289"
    }, {
      "d" : "1756459051454333748",
      "t" : 1756459051454,
      "tn" : 1756459051454333748,
      "q" : "120",
      "p" : "0.009933",
      "s" : "buy",
      "i" : "CSPR_USD",
      "m" : "4611686018432447288"
    }, {
      "d" : "1756459050896285423",
      "t" : 1756459050896,
      "tn" : 1756459050896285423,
      "q" : "120",
      "p" : "0.009933",
      "s" : "buy",
      "i" : "CSPR_USD",
      "m" : "4611686018432447287"
    }, {
      "d" : "1756459050560609654",
      "t" : 1756459050560,
      "tn" : 1756459050560609654,
      "q" : "120",
      "p" : "0.009934",
      "s" : "buy",
      "i" : "CSPR_USD",
      "m" : "4611686018432447286"
    }, {
      "d" : "1756459050321932703",
      "t" : 1756459050321,
      "tn" : 1756459050321932703,
      "q" : "120",
      "p" : "0.009934",
      "s" : "buy",
      "i" : "CSPR_USD",
      "m" : "4611686018432447285"
    }, {
      "d" : "1756459047931192986",
      "t" : 1756459047931,
      "tn" : 1756459047931192986,
      "q" : "120",
      "p" : "0.009932",
      "s" : "buy",
      "i" : "CSPR_USD",
      "m" : "4611686018432447284"
    }, {
      "d" : "1756459047293650465",
      "t" : 1756459047293,
      "tn" : 1756459047293650465,
      "q" : "120",
      "p" : "0.009927",
      "s" : "buy",
      "i" : "CSPR_USD",
      "m" : "4611686018432447283"
    }, {
      "d" : "1756459032230355632",
      "t" : 1756459032230,
      "tn" : 1756459032230355632,
      "q" : "120",
      "p" : "0.009932",
      "s" : "buy",
      "i" : "CSPR_USD",
      "m" : "4611686018432447282"
    }, {
      "d" : "1756459031998827438",
      "t" : 1756459031998,
      "tn" : 1756459031998827438,
      "q" : "120",
      "p" : "0.009932",
      "s" : "buy",
      "i" : "CSPR_USD",
      "m" : "4611686018432447281"
    }, {
      "d" : "1756459031878634789",
      "t" : 1756459031878,
      "tn" : 1756459031878634789,
      "q" : "120",
      "p" : "0.009932",
      "s" : "buy",
      "i" : "CSPR_USD",
      "m" : "4611686018432447280"
    }, {
      "d" : "1756459031528731825",
      "t" : 1756459031528,
      "tn" : 1756459031528731825,
      "q" : "120",
      "p" : "0.009932",
      "s" : "buy",
      "i" : "CSPR_USD",
      "m" : "4611686018432447279"
    }, {
      "d" : "1756459031297540955",
      "t" : 1756459031297,
      "tn" : 1756459031297540955,
      "q" : "120",
      "p" : "0.009932",
      "s" : "buy",
      "i" : "CSPR_USD",
      "m" : "4611686018432447278"
    }, {
      "d" : "1756459031117359897",
      "t" : 1756459031117,
      "tn" : 1756459031117359897,
      "q" : "120",
      "p" : "0.009932",
      "s" : "buy",
      "i" : "CSPR_USD",
      "m" : "4611686018432447277"
    }, {
      "d" : "1756459030996461452",
      "t" : 1756459030996,
      "tn" : 1756459030996461452,
      "q" : "120",
      "p" : "0.009932",
      "s" : "buy",
      "i" : "CSPR_USD",
      "m" : "4611686018432447276"
    }, {
      "d" : "1756459030981556566",
      "t" : 1756459030981,
      "tn" : 1756459030981556566,
      "q" : "120",
      "p" : "0.009932",
      "s" : "buy",
      "i" : "CSPR_USD",
      "m" : "4611686018432447275"
    }, {
      "d" : "1756459030555839127",
      "t" : 1756459030555,
      "tn" : 1756459030555839127,
      "q" : "120",
      "p" : "0.009932",
      "s" : "buy",
      "i" : "CSPR_USD",
      "m" : "4611686018432447274"
    }, {
      "d" : "1756459030540780653",
      "t" : 1756459030540,
      "tn" : 1756459030540780653,
      "q" : "120",
      "p" : "0.009932",
      "s" : "buy",
      "i" : "CSPR_USD",
      "m" : "4611686018432447273"
    }, {
      "d" : "1756459030525814696",
      "t" : 1756459030525,
      "tn" : 1756459030525814696,
      "q" : "120",
      "p" : "0.009932",
      "s" : "buy",
      "i" : "CSPR_USD",
      "m" : "4611686018432447272"
    }, {
      "d" : "1756459029999869496",
      "t" : 1756459029999,
      "tn" : 1756459029999869496,
      "q" : "120",
      "p" : "0.009932",
      "s" : "buy",
      "i" : "CSPR_USD",
      "m" : "4611686018432447271"
    }, {
      "d" : "1756459029528587276",
      "t" : 1756459029528,
      "tn" : 1756459029528587276,
      "q" : "120",
      "p" : "0.009932",
      "s" : "buy",
      "i" : "CSPR_USD",
      "m" : "4611686018432447270"
    }, {
      "d" : "1756459029238117790",
      "t" : 1756459029238,
      "tn" : 1756459029238117790,
      "q" : "120",
      "p" : "0.009932",
      "s" : "buy",
      "i" : "CSPR_USD",
      "m" : "4611686018432447269"
    }, {
      "d" : "1756459029117943411",
      "t" : 1756459029117,
      "tn" : 1756459029117943411,
      "q" : "120",
      "p" : "0.009932",
      "s" : "buy",
      "i" : "CSPR_USD",
      "m" : "4611686018432447268"
    }, {
      "d" : "1756459029097338627",
      "t" : 1756459029097,
      "tn" : 1756459029097338627,
      "q" : "120",
      "p" : "0.009932",
      "s" : "buy",
      "i" : "CSPR_USD",
      "m" : "4611686018432447267"
    }, {
      "d" : "1756459028987161072",
      "t" : 1756459028987,
      "tn" : 1756459028987161072,
      "q" : "120",
      "p" : "0.009932",
      "s" : "buy",
      "i" : "CSPR_USD",
      "m" : "4611686018432447266"
    }, {
      "d" : "1756459028776774529",
      "t" : 1756459028776,
      "tn" : 1756459028776774529,
      "q" : "120",
      "p" : "0.009932",
      "s" : "buy",
      "i" : "CSPR_USD",
      "m" : "4611686018432447265"
    }, {
      "d" : "1756459028766901752",
      "t" : 1756459028766,
      "tn" : 1756459028766901752,
      "q" : "120",
      "p" : "0.009932",
      "s" : "buy",
      "i" : "CSPR_USD",
      "m" : "4611686018432447264"
    }, {
      "d" : "1756459028526021005",
      "t" : 1756459028526,
      "tn" : 1756459028526021005,
      "q" : "120",
      "p" : "0.009932",
      "s" : "buy",
      "i" : "CSPR_USD",
      "m" : "4611686018432447263"
    }, {
      "d" : "1756459028395695116",
      "t" : 1756459028395,
      "tn" : 1756459028395695116,
      "q" : "120",
      "p" : "0.009932",
      "s" : "buy",
      "i" : "CSPR_USD",
      "m" : "4611686018432447262"
    }, {
      "d" : "1756459027994439415",
      "t" : 1756459027994,
      "tn" : 1756459027994439415,
      "q" : "120",
      "p" : "0.009932",
      "s" : "buy",
      "i" : "CSPR_USD",
      "m" : "4611686018432447261"
    }, {
      "d" : "1756459027528144518",
      "t" : 1756459027528,
      "tn" : 1756459027528144518,
      "q" : "120",
      "p" : "0.009932",
      "s" : "buy",
      "i" : "CSPR_USD",
      "m" : "4611686018432447260"
    }, {
      "d" : "1756459026996668081",
      "t" : 1756459026996,
      "tn" : 1756459026996668081,
      "q" : "120",
      "p" : "0.009932",
      "s" : "buy",
      "i" : "CSPR_USD",
      "m" : "4611686018432447259"
    }, {
      "d" : "1756459026991816979",
      "t" : 1756459026991,
      "tn" : 1756459026991816979,
      "q" : "120",
      "p" : "0.009932",
      "s" : "buy",
      "i" : "CSPR_USD",
      "m" : "4611686018432447258"
    }, {
      "d" : "1756459026525704052",
      "t" : 1756459026525,
      "tn" : 1756459026525704052,
      "q" : "120",
      "p" : "0.009932",
      "s" : "buy",
      "i" : "CSPR_USD",
      "m" : "4611686018432447257"
    }, {
      "d" : "1756459026435539908",
      "t" : 1756459026435,
      "tn" : 1756459026435539908,
      "q" : "120",
      "p" : "0.009932",
      "s" : "buy",
      "i" : "CSPR_USD",
      "m" : "4611686018432447256"
    }, {
      "d" : "1756459026360462817",
      "t" : 1756459026360,
      "tn" : 1756459026360462817,
      "q" : "120",
      "p" : "0.009932",
      "s" : "buy",
      "i" : "CSPR_USD",
      "m" : "4611686018432447255"
    }, {
      "d" : "1756459026345409424",
      "t" : 1756459026345,
      "tn" : 1756459026345409424,
      "q" : "120",
      "p" : "0.009932",
      "s" : "buy",
      "i" : "CSPR_USD",
      "m" : "4611686018432447254"
    }, {
      "d" : "1756459026296049699",
      "t" : 1756459026296,
      "tn" : 1756459026296049699,
      "q" : "120",
      "p" : "0.009932",
      "s" : "buy",
      "i" : "CSPR_USD",
      "m" : "4611686018432447253"
    }, {
      "d" : "1756459026240981150",
      "t" : 1756459026240,
      "tn" : 1756459026240981150,
      "q" : "120",
      "p" : "0.009932",
      "s" : "buy",
      "i" : "CSPR_USD",
      "m" : "4611686018432447252"
    }, {
      "d" : "1756459026145826288",
      "t" : 1756459026145,
      "tn" : 1756459026145826288,
      "q" : "120",
      "p" : "0.009932",
      "s" : "buy",
      "i" : "CSPR_USD",
      "m" : "4611686018432447251"
    }, {
      "d" : "1756459026120947053",
      "t" : 1756459026120,
      "tn" : 1756459026120947053,
      "q" : "120",
      "p" : "0.009932",
      "s" : "buy",
      "i" : "CSPR_USD",
      "m" : "4611686018432447250"
    }, {
      "d" : "1756459025999859087",
      "t" : 1756459025999,
      "tn" : 1756459025999859087,
      "q" : "120",
      "p" : "0.009932",
      "s" : "buy",
      "i" : "CSPR_USD",
      "m" : "4611686018432447249"
    }, {
      "d" : "1756459025899747375",
      "t" : 1756459025899,
      "tn" : 1756459025899747375,
      "q" : "120",
      "p" : "0.009932",
      "s" : "buy",
      "i" : "CSPR_USD",
      "m" : "4611686018432447248"
    }, {
      "d" : "1756459025784505826",
      "t" : 1756459025784,
      "tn" : 1756459025784505826,
      "q" : "120",
      "p" : "0.009932",
      "s" : "buy",
      "i" : "CSPR_USD",
      "m" : "4611686018432447247"
    }, {
      "d" : "1756459025769620022",
      "t" : 1756459025769,
      "tn" : 1756459025769620022,
      "q" : "120",
      "p" : "0.009932",
      "s" : "buy",
      "i" : "CSPR_USD",
      "m" : "4611686018432447246"
    }, {
      "d" : "1756459025558986066",
      "t" : 1756459025558,
      "tn" : 1756459025558986066,
      "q" : "120",
      "p" : "0.009932",
      "s" : "buy",
      "i" : "CSPR_USD",
      "m" : "4611686018432447245"
    }, {
      "d" : "1756459025534182583",
      "t" : 1756459025534,
      "tn" : 1756459025534182583,
      "q" : "120",
      "p" : "0.009932",
      "s" : "buy",
      "i" : "CSPR_USD",
      "m" : "4611686018432447244"
    }, {
      "d" : "1756459024996199228",
      "t" : 1756459024996,
      "tn" : 1756459024996199228,
      "q" : "120",
      "p" : "0.009932",
      "s" : "buy",
      "i" : "CSPR_USD",
      "m" : "4611686018432447243"
    }, {
      "d" : "1756459024991400688",
      "t" : 1756459024991,
      "tn" : 1756459024991400688,
      "q" : "120",
      "p" : "0.009932",
      "s" : "buy",
      "i" : "CSPR_USD",
      "m" : "4611686018432447242"
    }, {
      "d" : "1756459024529914965",
      "t" : 1756459024529,
      "tn" : 1756459024529914965,
      "q" : "120",
      "p" : "0.009932",
      "s" : "buy",
      "i" : "CSPR_USD",
      "m" : "4611686018432447241"
    }, {
      "d" : "1756459017814083746",
      "t" : 1756459017814,
      "tn" : 1756459017814083746,
      "q" : "1700",
      "p" : "0.009957",
      "s" : "sell",
      "i" : "CSPR_USD",
      "m" : "4611686018432447240"
    }, {
      "d" : "1756458930569822050",
      "t" : 1756458930569,
      "tn" : 1756458930569822050,
      "q" : "2100",
      "p" : "0.009962",
      "s" : "sell",
      "i" : "CSPR_USD",
      "m" : "4611686018432447239"
    }, {
      "d" : "1756458928951877102",
      "t" : 1756458928951,
      "tn" : 1756458928951877102,
      "q" : "1800",
      "p" : "0.009962",
      "s" : "sell",
      "i" : "CSPR_USD",
      "m" : "4611686018432447238"
    }, {
      "d" : "1756458927756580777",
      "t" : 1756458927756,
      "tn" : 1756458927756580777,
      "q" : "120",
      "p" : "0.009969",
      "s" : "buy",
      "i" : "CSPR_USD",
      "m" : "4611686018432447237"
    } ]
  }
}