{
  "id" : -1,
  "method" : "public/get-trades",
  "code" : 0,
  "result" : {
    "data" : [ {
      "d" : "1756456316433083870",
      "t" : 1756456316433,
      "tn" : 1756456316433083870,
      "q" : "283.4",
      "p" : "0.63438",
      "s" : "buy",
      "i" : "CTC_USD",
      "m" : "4611686018428949447"
    }, {
      "d" : "1756453218594064672",
      "t" : 1756453218594,
      "tn" : 1756453218594064672,
      "q" : "27.6",
      "p" : "0.63567",
      "s" : "sell",
      "i" : "CTC_USD",
      "m" : "4611686018428949446"
    }, {
      "d" : "1756449774229351088",
      "t" : 1756449774229,
      "tn" : 1756449774229351088,
      "q" : "108.2",
      "p" : "0.64060",
      "s" : "sell",
      "i" : "CTC_USD",
      "m" : "4611686018428949445"
    }, {
      "d" : "1756443003181957879",
      "t" : 1756443003181,
      "tn" : 1756443003181957879,
      "q" : "41.2",
      "p" : "0.64837",
      "s" : "sell",
      "i" : "CTC_USD",
      "m" : "4611686018428949444"
    }, {
      "d" : "1756442871479646660",
      "t" : 1756442871479,
      "tn" : 1756442871479646660,
      "q" : "1082.1",
      "p" : "0.65195",
      "s" : "sell",
      "i" : "CTC_USD",
      "m" : "4611686018428949443"
    }, {
      "d" : "1756442871479643864",
      "t" : 1756442871479,
      "tn" : 1756442871479643864,
      "q" : "59.0",
      "p" : "0.65197",
      "s" : "sell",
      "i" : "CTC_USD",
      "m" : "4611686018428949442"
    }, {
      "d" : "1756440927514360915",
      "t" : 1756440927514,
      "tn" : 1756440927514360915,
      "q" : "23.8",
      "p" : "0.65403",
      "s" : "sell",
      "i" : "CTC_USD",
      "m" : "4611686018428949441"
    }, {
      "d" : "1756434516412023941",
      "t" : 1756434516412,
      "tn" : 1756434516412023941,
      "q" : "22.3",
      "p" : "0.65750",
      "s" : "buy",
      "i" : "CTC_USD",
      "m" : "4611686018428949440"
    }, {
      "d" : "1756433517224094257",
      "t" : 1756433517224,
      "tn" : 1756433517224094257,
      "q" : "26.2",
      "p" : "0.66940",
      "s" : "buy",
      "i" : "CTC_USD",
      "m" : "4611686018428949439"
    }, {
      "d" : "1756433012611368328",
      "t" : 1756433012611,
      "tn" : 1756433012611368328,
      "q" : "26.2",
      "p" : "0.65642",
      "s" : "sell",
      "i" : "CTC_USD",
      "m" : "4611686018428949438"
    }, {
      "d" : "1756433012611365817",
      "t" : 1756433012611,
      "tn" : 1756433012611365817,
      "q" : "130.0",
      "p" : "0.65643",
      "s" : "sell",
      "i" : "CTC_USD",
      "m" : "4611686018428949437"
    }, {
      "d" : "1756432676943767741",
      "t" : 1756432676943,
      "tn" : 1756432676943767741,
      "q" : "26.5",
      "p" : "0.64810",
      "s" : "buy",
      "i" : "CTC_USD",
      "m" : "4611686018428949436"
    }, {
      "d" : "1756432676502050729",
      "t" : 1756432676502,
      "tn" : 1756432676502050729,
      "q" : "290.0",
      "p" : "0.64639",
      "s" : "buy",
      "i" : "CTC_USD",
      "m" : "4611686018428949435"
    }, {
      "d" : "1756429402857203711",
      "t" : 1756429402857,
      "tn" : 1756429402857203711,
      "q" : "29.0",
      "p" : "0.64231",
      "s" : "sell",
      "i" : "CTC_USD",
      "m" : "4611686018428949434"
    }, {
      "d" : "1756400449845729928",
      "t" : 1756400449845,
      "tn" : 1756400449845729928,
      "q" : "208.3",
      "p" : "0.63629",
      "s" : "sell",
      "i" : "CTC_USD",
      "m" : "4611686018428949433"
    }, {
      "d" : "1756390452107164730",
      "t" : 1756390452107,
      "tn" : 1756390452107164730,
      "q" : "26.5",
      "p" : "0.64806",
      "s" : "sell",
      "i" : "CTC_USD",
      "m" : "4611686018428949432"
    }, {
      "d" : "1756390452107162013",
      "t" : 1756390452107,
      "tn" : 1756390452107162013,
      "q" : "157.3",
      "p" : "0.64808",
      "s" : "sell",
      "i" : "CTC_USD",
      "m" : "4611686018428949431"
    }, {
      "d" : "1756390450883209083",
      "t" : 1756390450883,
      "tn" : 1756390450883209083,
      "q" : "157.3",
      "p" : "0.64805",
      "s" : "sell",
      "i" : "CTC_USD",
      "m" : "4611686018428949430"
    }, {
      "d" : "1756389940848327483",
      "t" : 1756389940848,
      "tn" : 1756389940848327483,
      "q" : "160.3",
      "p" : "0.64689",
      "s" : "buy",
      "i" : "CTC_USD",
      "m" : "4611686018428949429"
    }, {
      "d" : "1756382868507085971",
      "t" : 1756382868507,
      "tn" : 1756382868507085971,
      "q" : "24.3",
      "p" : "0.65025",
      "s" : "buy",
      "i" : "CTC_USD",
      "m" : "4611686018428949428"
    } ]
  }
}