{
  "id" : -1,
  "method" : "public/get-trades",
  "code" : 0,
  "result" : {
    "data" : [ {
      "d" : "1756460249229842163",
      "t" : 1756460249229,
      "tn" : 1756460249229842163,
      "q" : "1885",
      "p" : "0.08339",
      "s" : "sell",
      "i" : "CTSI_USD",
      "m" : "4611686018430198272"
    }, {
      "d" : "1756460249229707892",
      "t" : 1756460249229,
      "tn" : 1756460249229707892,
      "q" : "2834",
      "p" : "0.08339",
      "s" : "sell",
      "i" : "CTSI_USD",
      "m" : "4611686018430198271"
    }, {
      "d" : "1756460249229667467",
      "t" : 1756460249229,
      "tn" : 1756460249229667467,
      "q" : "1714",
      "p" : "0.08339",
      "s" : "sell",
      "i" : "CTSI_USD",
      "m" : "4611686018430198270"
    }, {
      "d" : "1756460249225750012",
      "t" : 1756460249225,
      "tn" : 1756460249225750012,
      "q" : "620",
      "p" : "0.08339",
      "s" : "buy",
      "i" : "CTSI_USD",
      "m" : "4611686018430198269"
    }, {
      "d" : "1756460202631328270",
      "t" : 1756460202631,
      "tn" : 1756460202631328270,
      "q" : "13",
      "p" : "0.08339",
      "s" : "buy",
      "i" : "CTSI_USD",
      "m" : "4611686018430198268"
    }, {
      "d" : "1756460029059744021",
      "t" : 1756460029059,
      "tn" : 1756460029059744021,
      "q" : "286",
      "p" : "0.08397",
      "s" : "sell",
      "i" : "CTSI_USD",
      "m" : "4611686018430198267"
    }, {
      "d" : "1756459478422280945",
      "t" : 1756459478422,
      "tn" : 1756459478422280945,
      "q" : "24",
      "p" : "0.08359",
      "s" : "buy",
      "i" : "CTSI_USD",
      "m" : "4611686018430198266"
    }, {
      "d" : "1756459420530441719",
      "t" : 1756459420530,
      "tn" : 1756459420530441719,
      "q" : "24",
      "p" : "0.08359",
      "s" : "buy",
      "i" : "CTSI_USD",
      "m" : "4611686018430198265"
    }, {
      "d" : "1756459359710224391",
      "t" : 1756459359710,
      "tn" : 1756459359710224391,
      "q" : "24",
      "p" : "0.08359",
      "s" : "buy",
      "i" : "CTSI_USD",
      "m" : "4611686018430198264"
    }, {
      "d" : "1756459298805397157",
      "t" : 1756459298805,
      "tn" : 1756459298805397157,
      "q" : "24",
      "p" : "0.08369",
      "s" : "buy",
      "i" : "CTSI_USD",
      "m" : "4611686018430198263"
    }, {
      "d" : "1756459238718175466",
      "t" : 1756459238718,
      "tn" : 1756459238718175466,
      "q" : "24",
      "p" : "0.08379",
      "s" : "buy",
      "i" : "CTSI_USD",
      "m" : "4611686018430198262"
    }, {
      "d" : "1756458662367136475",
      "t" : 1756458662367,
      "tn" : 1756458662367136475,
      "q" : "649",
      "p" : "0.08197",
      "s" : "sell",
      "i" : "CTSI_USD",
      "m" : "4611686018430198261"
    }, {
      "d" : "1756458456153328020",
      "t" : 1756458456153,
      "tn" : 1756458456153328020,
      "q" : "575",
      "p" : "0.08329",
      "s" : "buy",
      "i" : "CTSI_USD",
      "m" : "4611686018430198260"
    }, {
      "d" : "1756458151206051790",
      "t" : 1756458151206,
      "tn" : 1756458151206051789,
      "q" : "299",
      "p" : "0.08310",
      "s" : "sell",
      "i" : "CTSI_USD",
      "m" : "4611686018430198259"
    }, {
      "d" : "1756458151206051789",
      "t" : 1756458151206,
      "tn" : 1756458151206051789,
      "q" : "299",
      "p" : "0.08310",
      "s" : "sell",
      "i" : "CTSI_USD",
      "m" : "4611686018430198259"
    }, {
      "d" : "1756458018934360998",
      "t" : 1756458018934,
      "tn" : 1756458018934360998,
      "q" : "250",
      "p" : "0.08471",
      "s" : "buy",
      "i" : "CTSI_USD",
      "m" : "4611686018430198258"
    }, {
      "d" : "1756457192112069152",
      "t" : 1756457192112,
      "tn" : 1756457192112069152,
      "q" : "250",
      "p" : "0.08481",
      "s" : "buy",
      "i" : "CTSI_USD",
      "m" : "4611686018430198257"
    }, {
      "d" : "1756456544053986293",
      "t" : 1756456544053,
      "tn" : 1756456544053986293,
      "q" : "424",
      "p" : "0.08527",
      "s" : "sell",
      "i" : "CTSI_USD",
      "m" : "4611686018430198256"
    }, {
      "d" : "1756456544052559596",
      "t" : 1756456544052,
      "tn" : 1756456544052559594,
      "q" : "681",
      "p" : "0.08527",
      "s" : "buy",
      "i" : "CTSI_USD",
      "m" : "4611686018430198255"
    }, {
      "d" : "1756456544052559595",
      "t" : 1756456544052,
      "tn" : 1756456544052559594,
      "q" : "294",
      "p" : "0.08527",
      "s" : "buy",
      "i" : "CTSI_USD",
      "m" : "4611686018430198255"
    }, {
      "d" : "1756456544052559594",
      "t" : 1756456544052,
      "tn" : 1756456544052559594,
      "q" : "294",
      "p" : "0.08527",
      "s" : "buy",
      "i" : "CTSI_USD",
      "m" : "4611686018430198255"
    }, {
      "d" : "1756456050382025558",
      "t" : 1756456050382,
      "tn" : 1756456050382025558,
      "q" : "16",
      "p" : "0.08452",
      "s" : "buy",
      "i" : "CTSI_USD",
      "m" : "4611686018430198254"
    }, {
      "d" : "1756455655286734429",
      "t" : 1756455655286,
      "tn" : 1756455655286734429,
      "q" : "27",
      "p" : "0.08359",
      "s" : "sell",
      "i" : "CTSI_USD",
      "m" : "4611686018430198253"
    }, {
      "d" : "1756455244684096339",
      "t" : 1756455244684,
      "tn" : 1756455244684096339,
      "q" : "122",
      "p" : "0.08442",
      "s" : "buy",
      "i" : "CTSI_USD",
      "m" : "4611686018430198252"
    }, {
      "d" : "1756454918898274567",
      "t" : 1756454918898,
      "tn" : 1756454918898274567,
      "q" : "30",
      "p" : "0.08271",
      "s" : "sell",
      "i" : "CTSI_USD",
      "m" : "4611686018430198251"
    }, {
      "d" : "1756454529968309970",
      "t" : 1756454529968,
      "tn" : 1756454529968309970,
      "q" : "44",
      "p" : "0.08523",
      "s" : "buy",
      "i" : "CTSI_USD",
      "m" : "4611686018430198250"
    }, {
      "d" : "1756454437390083648",
      "t" : 1756454437390,
      "tn" : 1756454437390083648,
      "q" : "27",
      "p" : "0.08472",
      "s" : "buy",
      "i" : "CTSI_USD",
      "m" : "4611686018430198249"
    }, {
      "d" : "1756454254309491970",
      "t" : 1756454254309,
      "tn" : 1756454254309491970,
      "q" : "274",
      "p" : "0.08346",
      "s" : "sell",
      "i" : "CTSI_USD",
      "m" : "4611686018430198248"
    }, {
      "d" : "1756454020593614951",
      "t" : 1756454020593,
      "tn" : 1756454020593614951,
      "q" : "23",
      "p" : "0.08482",
      "s" : "buy",
      "i" : "CTSI_USD",
      "m" : "4611686018430198247"
    }, {
      "d" : "1756453962175219140",
      "t" : 1756453962175,
      "tn" : 1756453962175219140,
      "q" : "50",
      "p" : "0.08325",
      "s" : "sell",
      "i" : "CTSI_USD",
      "m" : "4611686018430198246"
    }, {
      "d" : "1756453955802614812",
      "t" : 1756453955802,
      "tn" : 1756453955802614812,
      "q" : "317",
      "p" : "0.08462",
      "s" : "sell",
      "i" : "CTSI_USD",
      "m" : "4611686018430198245"
    }, {
      "d" : "1756453955801617510",
      "t" : 1756453955801,
      "tn" : 1756453955801617510,
      "q" : "3019",
      "p" : "0.08462",
      "s" : "sell",
      "i" : "CTSI_USD",
      "m" : "4611686018430198244"
    }, {
      "d" : "1756453955801613625",
      "t" : 1756453955801,
      "tn" : 1756453955801613625,
      "q" : "4783",
      "p" : "0.08462",
      "s" : "sell",
      "i" : "CTSI_USD",
      "m" : "4611686018430198243"
    }, {
      "d" : "1756453955798457066",
      "t" : 1756453955798,
      "tn" : 1756453955798457066,
      "q" : "1881",
      "p" : "0.08462",
      "s" : "buy",
      "i" : "CTSI_USD",
      "m" : "4611686018430198242"
    }, {
      "d" : "1756453805237513954",
      "t" : 1756453805237,
      "tn" : 1756453805237513954,
      "q" : "219",
      "p" : "0.08326",
      "s" : "sell",
      "i" : "CTSI_USD",
      "m" : "4611686018430198241"
    }, {
      "d" : "1756453769042379782",
      "t" : 1756453769042,
      "tn" : 1756453769042379782,
      "q" : "27",
      "p" : "0.08317",
      "s" : "sell",
      "i" : "CTSI_USD",
      "m" : "4611686018430198240"
    }, {
      "d" : "1756453319734448249",
      "t" : 1756453319734,
      "tn" : 1756453319734448249,
      "q" : "1",
      "p" : "0.08501",
      "s" : "sell",
      "i" : "CTSI_USD",
      "m" : "4611686018430198239"
    }, {
      "d" : "1756453319733512215",
      "t" : 1756453319733,
      "tn" : 1756453319733512215,
      "q" : "674",
      "p" : "0.08501",
      "s" : "sell",
      "i" : "CTSI_USD",
      "m" : "4611686018430198238"
    }, {
      "d" : "1756453319725365864",
      "t" : 1756453319725,
      "tn" : 1756453319725365864,
      "q" : "1525",
      "p" : "0.08501",
      "s" : "buy",
      "i" : "CTSI_USD",
      "m" : "4611686018430198237"
    }, {
      "d" : "1756452603720512611",
      "t" : 1756452603720,
      "tn" : 1756452603720512611,
      "q" : "283",
      "p" : "0.08461",
      "s" : "buy",
      "i" : "CTSI_USD",
      "m" : "4611686018430198236"
    }, {
      "d" : "1756452498347115565",
      "t" : 1756452498347,
      "tn" : 1756452498347115565,
      "q" : "7618",
      "p" : "0.08348",
      "s" : "buy",
      "i" : "CTSI_USD",
      "m" : "4611686018430198235"
    }, {
      "d" : "1756452498342003345",
      "t" : 1756452498342,
      "tn" : 1756452498342003345,
      "q" : "1796",
      "p" : "0.08348",
      "s" : "sell",
      "i" : "CTSI_USD",
      "m" : "4611686018430198234"
    }, {
      "d" : "1756452253216728430",
      "t" : 1756452253216,
      "tn" : 1756452253216728430,
      "q" : "350",
      "p" : "0.08512",
      "s" : "buy",
      "i" : "CTSI_USD",
      "m" : "4611686018430198233"
    }, {
      "d" : "1756452012222527127",
      "t" : 1756452012222,
      "tn" : 1756452012222527127,
      "q" : "17",
      "p" : "0.08330",
      "s" : "sell",
      "i" : "CTSI_USD",
      "m" : "4611686018430198232"
    }, {
      "d" : "1756451782911800629",
      "t" : 1756451782911,
      "tn" : 1756451782911800629,
      "q" : "319",
      "p" : "0.08433",
      "s" : "sell",
      "i" : "CTSI_USD",
      "m" : "4611686018430198231"
    }, {
      "d" : "1756451249667256298",
      "t" : 1756451249667,
      "tn" : 1756451249667256298,
      "q" : "119",
      "p" : "0.08564",
      "s" : "sell",
      "i" : "CTSI_USD",
      "m" : "4611686018430198230"
    }, {
      "d" : "1756451249661542051",
      "t" : 1756451249661,
      "tn" : 1756451249661542051,
      "q" : "1881",
      "p" : "0.08564",
      "s" : "buy",
      "i" : "CTSI_USD",
      "m" : "4611686018430198229"
    }, {
      "d" : "1756450903490176621",
      "t" : 1756450903490,
      "tn" : 1756450903490176621,
      "q" : "158",
      "p" : "0.08539",
      "s" : "sell",
      "i" : "CTSI_USD",
      "m" : "4611686018430198228"
    }, {
      "d" : "1756450849582992075",
      "t" : 1756450849582,
      "tn" : 1756450849582992075,
      "q" : "143",
      "p" : "0.08607",
      "s" : "sell",
      "i" : "CTSI_USD",
      "m" : "4611686018430198227"
    }, {
      "d" : "1756450781247526056",
      "t" : 1756450781247,
      "tn" : 1756450781247526056,
      "q" : "188",
      "p" : "0.08704",
      "s" : "buy",
      "i" : "CTSI_USD",
      "m" : "4611686018430198226"
    }, {
      "d" : "1756450544452404166",
      "t" : 1756450544452,
      "tn" : 1756450544452404166,
      "q" : "550",
      "p" : "0.08704",
      "s" : "buy",
      "i" : "CTSI_USD",
      "m" : "4611686018430198225"
    }, {
      "d" : "1756450248911677617",
      "t" : 1756450248911,
      "tn" : 1756450248911677617,
      "q" : "17",
      "p" : "0.08751",
      "s" : "sell",
      "i" : "CTSI_USD",
      "m" : "4611686018430198224"
    }, {
      "d" : "1756449607084906770",
      "t" : 1756449607084,
      "tn" : 1756449607084906770,
      "q" : "1618",
      "p" : "0.08545",
      "s" : "sell",
      "i" : "CTSI_USD",
      "m" : "4611686018430198223"
    }, {
      "d" : "1756449607015363260",
      "t" : 1756449607015,
      "tn" : 1756449607015363260,
      "q" : "290",
      "p" : "0.08545",
      "s" : "sell",
      "i" : "CTSI_USD",
      "m" : "4611686018430198222"
    }, {
      "d" : "1756449542944731715",
      "t" : 1756449542944,
      "tn" : 1756449542944731715,
      "q" : "228",
      "p" : "0.08881",
      "s" : "buy",
      "i" : "CTSI_USD",
      "m" : "4611686018430198221"
    }, {
      "d" : "1756449542639307535",
      "t" : 1756449542639,
      "tn" : 1756449542639307535,
      "q" : "228",
      "p" : "0.08880",
      "s" : "buy",
      "i" : "CTSI_USD",
      "m" : "4611686018430198220"
    }, {
      "d" : "1756449532749533891",
      "t" : 1756449532749,
      "tn" : 1756449532749533891,
      "q" : "41",
      "p" : "0.08766",
      "s" : "sell",
      "i" : "CTSI_USD",
      "m" : "4611686018430198219"
    }, {
      "d" : "1756449021885449934",
      "t" : 1756449021885,
      "tn" : 1756449021885449934,
      "q" : "47",
      "p" : "0.08956",
      "s" : "buy",
      "i" : "CTSI_USD",
      "m" : "4611686018430198218"
    }, {
      "d" : "1756448976034517980",
      "t" : 1756448976034,
      "tn" : 1756448976034517980,
      "q" : "12",
      "p" : "0.08792",
      "s" : "sell",
      "i" : "CTSI_USD",
      "m" : "4611686018430198217"
    }, {
      "d" : "1756448726932028231",
      "t" : 1756448726932,
      "tn" : 1756448726932028231,
      "q" : "1071",
      "p" : "0.08986",
      "s" : "buy",
      "i" : "CTSI_USD",
      "m" : "4611686018430198216"
    }, {
      "d" : "1756447884851294492",
      "t" : 1756447884851,
      "tn" : 1756447884851294492,
      "q" : "26",
      "p" : "0.08944",
      "s" : "sell",
      "i" : "CTSI_USD",
      "m" : "4611686018430198215"
    }, {
      "d" : "1756447884847102848",
      "t" : 1756447884847,
      "tn" : 1756447884847102848,
      "q" : "140",
      "p" : "0.08944",
      "s" : "buy",
      "i" : "CTSI_USD",
      "m" : "4611686018430198214"
    }, {
      "d" : "1756447742135921040",
      "t" : 1756447742135,
      "tn" : 1756447742135921040,
      "q" : "183",
      "p" : "0.08934",
      "s" : "sell",
      "i" : "CTSI_USD",
      "m" : "4611686018430198213"
    }, {
      "d" : "1756447742130122652",
      "t" : 1756447742130,
      "tn" : 1756447742130122652,
      "q" : "1242",
      "p" : "0.08934",
      "s" : "buy",
      "i" : "CTSI_USD",
      "m" : "4611686018430198212"
    }, {
      "d" : "1756447707855740281",
      "t" : 1756447707855,
      "tn" : 1756447707855740281,
      "q" : "496",
      "p" : "0.08934",
      "s" : "buy",
      "i" : "CTSI_USD",
      "m" : "4611686018430198211"
    }, {
      "d" : "1756446842026915450",
      "t" : 1756446842026,
      "tn" : 1756446842026915450,
      "q" : "891",
      "p" : "0.08603",
      "s" : "sell",
      "i" : "CTSI_USD",
      "m" : "4611686018430198210"
    }, {
      "d" : "1756446842026912954",
      "t" : 1756446842026,
      "tn" : 1756446842026912954,
      "q" : "1738",
      "p" : "0.08628",
      "s" : "sell",
      "i" : "CTSI_USD",
      "m" : "4611686018430198209"
    }, {
      "d" : "1756445945125090762",
      "t" : 1756445945125,
      "tn" : 1756445945125090762,
      "q" : "567",
      "p" : "0.08773",
      "s" : "sell",
      "i" : "CTSI_USD",
      "m" : "4611686018430198208"
    }, {
      "d" : "1756445945122243693",
      "t" : 1756445945122,
      "tn" : 1756445945122243693,
      "q" : "8102",
      "p" : "0.08773",
      "s" : "sell",
      "i" : "CTSI_USD",
      "m" : "4611686018430198207"
    }, {
      "d" : "1756445945116138347",
      "t" : 1756445945116,
      "tn" : 1756445945116138347,
      "q" : "1371",
      "p" : "0.08773",
      "s" : "buy",
      "i" : "CTSI_USD",
      "m" : "4611686018430198206"
    }, {
      "d" : "1756445710933599096",
      "t" : 1756445710933,
      "tn" : 1756445710933599096,
      "q" : "371",
      "p" : "0.08588",
      "s" : "sell",
      "i" : "CTSI_USD",
      "m" : "4611686018430198205"
    }, {
      "d" : "1756445708968005064",
      "t" : 1756445708968,
      "tn" : 1756445708968005064,
      "q" : "1000",
      "p" : "0.08588",
      "s" : "sell",
      "i" : "CTSI_USD",
      "m" : "4611686018430198204"
    }, {
      "d" : "1756445203114487103",
      "t" : 1756445203114,
      "tn" : 1756445203114487103,
      "q" : "206",
      "p" : "0.08564",
      "s" : "sell",
      "i" : "CTSI_USD",
      "m" : "4611686018430198203"
    }, {
      "d" : "1756444230703423131",
      "t" : 1756444230703,
      "tn" : 1756444230703423131,
      "q" : "378",
      "p" : "0.08652",
      "s" : "sell",
      "i" : "CTSI_USD",
      "m" : "4611686018430198202"
    }, {
      "d" : "1756444230697339027",
      "t" : 1756444230697,
      "tn" : 1756444230697339027,
      "q" : "1909",
      "p" : "0.08652",
      "s" : "sell",
      "i" : "CTSI_USD",
      "m" : "4611686018430198201"
    }, {
      "d" : "1756444230694110196",
      "t" : 1756444230694,
      "tn" : 1756444230694110196,
      "q" : "313",
      "p" : "0.08652",
      "s" : "buy",
      "i" : "CTSI_USD",
      "m" : "4611686018430198200"
    }, {
      "d" : "1756443909124174725",
      "t" : 1756443909124,
      "tn" : 1756443909124174725,
      "q" : "1",
      "p" : "0.08651",
      "s" : "sell",
      "i" : "CTSI_USD",
      "m" : "4611686018430198199"
    }, {
      "d" : "1756443909123733254",
      "t" : 1756443909123,
      "tn" : 1756443909123733254,
      "q" : "1215",
      "p" : "0.08651",
      "s" : "sell",
      "i" : "CTSI_USD",
      "m" : "4611686018430198198"
    }, {
      "d" : "1756443909118505190",
      "t" : 1756443909118,
      "tn" : 1756443909118505190,
      "q" : "723",
      "p" : "0.08651",
      "s" : "buy",
      "i" : "CTSI_USD",
      "m" : "4611686018430198197"
    }, {
      "d" : "1756442428724360287",
      "t" : 1756442428724,
      "tn" : 1756442428724360287,
      "q" : "72",
      "p" : "0.08662",
      "s" : "buy",
      "i" : "CTSI_USD",
      "m" : "4611686018430198196"
    }, {
      "d" : "1756442356184844300",
      "t" : 1756442356184,
      "tn" : 1756442356184844299,
      "q" : "1068",
      "p" : "0.08682",
      "s" : "buy",
      "i" : "CTSI_USD",
      "m" : "4611686018430198195"
    }, {
      "d" : "1756442356184844299",
      "t" : 1756442356184,
      "tn" : 1756442356184844299,
      "q" : "12",
      "p" : "0.08682",
      "s" : "buy",
      "i" : "CTSI_USD",
      "m" : "4611686018430198195"
    }, {
      "d" : "1756441721958541460",
      "t" : 1756441721958,
      "tn" : 1756441721958541460,
      "q" : "4543",
      "p" : "0.08577",
      "s" : "buy",
      "i" : "CTSI_USD",
      "m" : "4611686018430198194"
    }, {
      "d" : "1756441721955707992",
      "t" : 1756441721955,
      "tn" : 1756441721955707992,
      "q" : "1812",
      "p" : "0.08577",
      "s" : "buy",
      "i" : "CTSI_USD",
      "m" : "4611686018430198193"
    }, {
      "d" : "1756441721955472840",
      "t" : 1756441721955,
      "tn" : 1756441721955472840,
      "q" : "1805",
      "p" : "0.08577",
      "s" : "buy",
      "i" : "CTSI_USD",
      "m" : "4611686018430198192"
    }, {
      "d" : "1756441721336295198",
      "t" : 1756441721336,
      "tn" : 1756441721336295198,
      "q" : "8235",
      "p" : "0.08556",
      "s" : "buy",
      "i" : "CTSI_USD",
      "m" : "4611686018430198191"
    }, {
      "d" : "1756441721329980578",
      "t" : 1756441721329,
      "tn" : 1756441721329980577,
      "q" : "1753",
      "p" : "0.08556",
      "s" : "sell",
      "i" : "CTSI_USD",
      "m" : "4611686018430198190"
    }, {
      "d" : "1756441721329980577",
      "t" : 1756441721329,
      "tn" : 1756441721329980577,
      "q" : "7012",
      "p" : "0.08556",
      "s" : "sell",
      "i" : "CTSI_USD",
      "m" : "4611686018430198190"
    }, {
      "d" : "1756441473116823140",
      "t" : 1756441473116,
      "tn" : 1756441473116823140,
      "q" : "28",
      "p" : "0.08713",
      "s" : "buy",
      "i" : "CTSI_USD",
      "m" : "4611686018430198189"
    }, {
      "d" : "1756441432936025002",
      "t" : 1756441432936,
      "tn" : 1756441432936025002,
      "q" : "60",
      "p" : "0.08704",
      "s" : "buy",
      "i" : "CTSI_USD",
      "m" : "4611686018430198188"
    }, {
      "d" : "1756441315502236098",
      "t" : 1756441315502,
      "tn" : 1756441315502236098,
      "q" : "21",
      "p" : "0.08542",
      "s" : "sell",
      "i" : "CTSI_USD",
      "m" : "4611686018430198187"
    }, {
      "d" : "1756441248172785534",
      "t" : 1756441248172,
      "tn" : 1756441248172785534,
      "q" : "49",
      "p" : "0.08520",
      "s" : "sell",
      "i" : "CTSI_USD",
      "m" : "4611686018430198186"
    }, {
      "d" : "1756441184859715947",
      "t" : 1756441184859,
      "tn" : 1756441184859715947,
      "q" : "26",
      "p" : "0.08514",
      "s" : "sell",
      "i" : "CTSI_USD",
      "m" : "4611686018430198185"
    }, {
      "d" : "1756440971877061635",
      "t" : 1756440971877,
      "tn" : 1756440971877061635,
      "q" : "94",
      "p" : "0.08613",
      "s" : "buy",
      "i" : "CTSI_USD",
      "m" : "4611686018430198184"
    }, {
      "d" : "1756440946866297113",
      "t" : 1756440946866,
      "tn" : 1756440946866297113,
      "q" : "372",
      "p" : "0.08593",
      "s" : "buy",
      "i" : "CTSI_USD",
      "m" : "4611686018430198183"
    }, {
      "d" : "1756440556021447801",
      "t" : 1756440556021,
      "tn" : 1756440556021447801,
      "q" : "14",
      "p" : "0.08593",
      "s" : "buy",
      "i" : "CTSI_USD",
      "m" : "4611686018430198182"
    }, {
      "d" : "1756440253141408633",
      "t" : 1756440253141,
      "tn" : 1756440253141408633,
      "q" : "16",
      "p" : "0.08664",
      "s" : "buy",
      "i" : "CTSI_USD",
      "m" : "4611686018430198181"
    }, {
      "d" : "1756440235695630496",
      "t" : 1756440235695,
      "tn" : 1756440235695630496,
      "q" : "313",
      "p" : "0.08602",
      "s" : "sell",
      "i" : "CTSI_USD",
      "m" : "4611686018430198180"
    }, {
      "d" : "1756440053823599501",
      "t" : 1756440053823,
      "tn" : 1756440053823599501,
      "q" : "73",
      "p" : "0.08603",
      "s" : "sell",
      "i" : "CTSI_USD",
      "m" : "4611686018430198179"
    }, {
      "d" : "1756439951039891225",
      "t" : 1756439951039,
      "tn" : 1756439951039891225,
      "q" : "14",
      "p" : "0.08627",
      "s" : "sell",
      "i" : "CTSI_USD",
      "m" : "4611686018430198178"
    }, {
      "d" : "1756439698227786993",
      "t" : 1756439698227,
      "tn" : 1756439698227786993,
      "q" : "219",
      "p" : "0.08770",
      "s" : "buy",
      "i" : "CTSI_USD",
      "m" : "4611686018430198177"
    }, {
      "d" : "1756439671818359657",
      "t" : 1756439671818,
      "tn" : 1756439671818359657,
      "q" : "27",
      "p" : "0.08772",
      "s" : "buy",
      "i" : "CTSI_USD",
      "m" : "4611686018430198176"
    }, {
      "d" : "1756439529675087178",
      "t" : 1756439529675,
      "tn" : 1756439529675087178,
      "q" : "12",
      "p" : "0.08832",
      "s" : "buy",
      "i" : "CTSI_USD",
      "m" : "4611686018430198175"
    }, {
      "d" : "1756439370658064887",
      "t" : 1756439370658,
      "tn" : 1756439370658064887,
      "q" : "109",
      "p" : "0.08824",
      "s" : "buy",
      "i" : "CTSI_USD",
      "m" : "4611686018430198174"
    }, {
      "d" : "1756439037870669647",
      "t" : 1756439037870,
      "tn" : 1756439037870669647,
      "q" : "80",
      "p" : "0.08834",
      "s" : "buy",
      "i" : "CTSI_USD",
      "m" : "4611686018430198173"
    }, {
      "d" : "1756439037867461134",
      "t" : 1756439037867,
      "tn" : 1756439037867461134,
      "q" : "227",
      "p" : "0.08834",
      "s" : "buy",
      "i" : "CTSI_USD",
      "m" : "4611686018430198172"
    }, {
      "d" : "1756437723316358517",
      "t" : 1756437723316,
      "tn" : 1756437723316358517,
      "q" : "390",
      "p" : "0.08575",
      "s" : "sell",
      "i" : "CTSI_USD",
      "m" : "4611686018430198171"
    }, {
      "d" : "1756437115118717904",
      "t" : 1756437115118,
      "tn" : 1756437115118717904,
      "q" : "724",
      "p" : "0.08653",
      "s" : "sell",
      "i" : "CTSI_USD",
      "m" : "4611686018430198170"
    }, {
      "d" : "1756437063410205017",
      "t" : 1756437063410,
      "tn" : 1756437063410205017,
      "q" : "283",
      "p" : "0.08785",
      "s" : "buy",
      "i" : "CTSI_USD",
      "m" : "4611686018430198169"
    }, {
      "d" : "1756436584771598131",
      "t" : 1756436584771,
      "tn" : 1756436584771598131,
      "q" : "318",
      "p" : "0.08806",
      "s" : "sell",
      "i" : "CTSI_USD",
      "m" : "4611686018430198168"
    }, {
      "d" : "1756436570035735615",
      "t" : 1756436570035,
      "tn" : 1756436570035735615,
      "q" : "318",
      "p" : "0.08836",
      "s" : "sell",
      "i" : "CTSI_USD",
      "m" : "4611686018430198167"
    }, {
      "d" : "1756436035352519726",
      "t" : 1756436035352,
      "tn" : 1756436035352519726,
      "q" : "1",
      "p" : "0.09026",
      "s" : "sell",
      "i" : "CTSI_USD",
      "m" : "4611686018430198166"
    }, {
      "d" : "1756436035352282703",
      "t" : 1756436035352,
      "tn" : 1756436035352282703,
      "q" : "806",
      "p" : "0.09026",
      "s" : "sell",
      "i" : "CTSI_USD",
      "m" : "4611686018430198165"
    }, {
      "d" : "1756436035344621877",
      "t" : 1756436035344,
      "tn" : 1756436035344621877,
      "q" : "226",
      "p" : "0.09026",
      "s" : "buy",
      "i" : "CTSI_USD",
      "m" : "4611686018430198164"
    }, {
      "d" : "1756435956445811791",
      "t" : 1756435956445,
      "tn" : 1756435956445811791,
      "q" : "23",
      "p" : "0.08876",
      "s" : "sell",
      "i" : "CTSI_USD",
      "m" : "4611686018430198163"
    }, {
      "d" : "1756435688113680581",
      "t" : 1756435688113,
      "tn" : 1756435688113680581,
      "q" : "107",
      "p" : "0.09006",
      "s" : "buy",
      "i" : "CTSI_USD",
      "m" : "4611686018430198162"
    }, {
      "d" : "1756435649041937188",
      "t" : 1756435649041,
      "tn" : 1756435649041937188,
      "q" : "318",
      "p" : "0.08898",
      "s" : "sell",
      "i" : "CTSI_USD",
      "m" : "4611686018430198161"
    }, {
      "d" : "1756435425662614144",
      "t" : 1756435425662,
      "tn" : 1756435425662614144,
      "q" : "547",
      "p" : "0.08968",
      "s" : "buy",
      "i" : "CTSI_USD",
      "m" : "4611686018430198160"
    }, {
      "d" : "1756435425657811280",
      "t" : 1756435425657,
      "tn" : 1756435425657811280,
      "q" : "153",
      "p" : "0.08968",
      "s" : "sell",
      "i" : "CTSI_USD",
      "m" : "4611686018430198159"
    }, {
      "d" : "1756435289521298412",
      "t" : 1756435289521,
      "tn" : 1756435289521298411,
      "q" : "318",
      "p" : "0.08967",
      "s" : "sell",
      "i" : "CTSI_USD",
      "m" : "4611686018430198158"
    }, {
      "d" : "1756435289521298411",
      "t" : 1756435289521,
      "tn" : 1756435289521298411,
      "q" : "318",
      "p" : "0.08967",
      "s" : "sell",
      "i" : "CTSI_USD",
      "m" : "4611686018430198158"
    }, {
      "d" : "1756435037297757796",
      "t" : 1756435037297,
      "tn" : 1756435037297757796,
      "q" : "23",
      "p" : "0.09143",
      "s" : "buy",
      "i" : "CTSI_USD",
      "m" : "4611686018430198157"
    }, {
      "d" : "1756435030957497657",
      "t" : 1756435030957,
      "tn" : 1756435030957497657,
      "q" : "285",
      "p" : "0.08992",
      "s" : "sell",
      "i" : "CTSI_USD",
      "m" : "4611686018430198156"
    }, {
      "d" : "1756434973478463322",
      "t" : 1756434973478,
      "tn" : 1756434973478463322,
      "q" : "29",
      "p" : "0.08985",
      "s" : "sell",
      "i" : "CTSI_USD",
      "m" : "4611686018430198155"
    }, {
      "d" : "1756434581050706334",
      "t" : 1756434581050,
      "tn" : 1756434581050706334,
      "q" : "112",
      "p" : "0.08994",
      "s" : "sell",
      "i" : "CTSI_USD",
      "m" : "4611686018430198154"
    }, {
      "d" : "1756434512713885260",
      "t" : 1756434512713,
      "tn" : 1756434512713885260,
      "q" : "66",
      "p" : "0.09006",
      "s" : "sell",
      "i" : "CTSI_USD",
      "m" : "4611686018430198153"
    }, {
      "d" : "1756434220942042018",
      "t" : 1756434220942,
      "tn" : 1756434220942042018,
      "q" : "250",
      "p" : "0.09157",
      "s" : "buy",
      "i" : "CTSI_USD",
      "m" : "4611686018430198152"
    }, {
      "d" : "1756433725878445337",
      "t" : 1756433725878,
      "tn" : 1756433725878445337,
      "q" : "113",
      "p" : "0.09115",
      "s" : "sell",
      "i" : "CTSI_USD",
      "m" : "4611686018430198151"
    }, {
      "d" : "1756433486340755234",
      "t" : 1756433486340,
      "tn" : 1756433486340755234,
      "q" : "452",
      "p" : "0.09208",
      "s" : "buy",
      "i" : "CTSI_USD",
      "m" : "4611686018430198150"
    }, {
      "d" : "1756433214181305554",
      "t" : 1756433214181,
      "tn" : 1756433214181305554,
      "q" : "56",
      "p" : "0.09161",
      "s" : "buy",
      "i" : "CTSI_USD",
      "m" : "4611686018430198149"
    }, {
      "d" : "1756432442380507755",
      "t" : 1756432442380,
      "tn" : 1756432442380507755,
      "q" : "290",
      "p" : "0.09128",
      "s" : "sell",
      "i" : "CTSI_USD",
      "m" : "4611686018430198148"
    }, {
      "d" : "1756432380727500431",
      "t" : 1756432380727,
      "tn" : 1756432380727500431,
      "q" : "291",
      "p" : "0.09140",
      "s" : "sell",
      "i" : "CTSI_USD",
      "m" : "4611686018430198147"
    }, {
      "d" : "1756432378501180631",
      "t" : 1756432378501,
      "tn" : 1756432378501180631,
      "q" : "52",
      "p" : "0.09218",
      "s" : "buy",
      "i" : "CTSI_USD",
      "m" : "4611686018430198146"
    }, {
      "d" : "1756432358257451499",
      "t" : 1756432358257,
      "tn" : 1756432358257451499,
      "q" : "201",
      "p" : "0.09146",
      "s" : "sell",
      "i" : "CTSI_USD",
      "m" : "4611686018430198145"
    }, {
      "d" : "1756432132840230645",
      "t" : 1756432132840,
      "tn" : 1756432132840230645,
      "q" : "20",
      "p" : "0.09328",
      "s" : "buy",
      "i" : "CTSI_USD",
      "m" : "4611686018430198144"
    }, {
      "d" : "1756432113960409225",
      "t" : 1756432113960,
      "tn" : 1756432113960409225,
      "q" : "20",
      "p" : "0.09338",
      "s" : "buy",
      "i" : "CTSI_USD",
      "m" : "4611686018430198143"
    }, {
      "d" : "1756431969288280220",
      "t" : 1756431969288,
      "tn" : 1756431969288280220,
      "q" : "20",
      "p" : "0.09399",
      "s" : "buy",
      "i" : "CTSI_USD",
      "m" : "4611686018430198142"
    }, {
      "d" : "1756431791048800191",
      "t" : 1756431791048,
      "tn" : 1756431791048800191,
      "q" : "133",
      "p" : "0.09459",
      "s" : "buy",
      "i" : "CTSI_USD",
      "m" : "4611686018430198141"
    }, {
      "d" : "1756431408048173315",
      "t" : 1756431408048,
      "tn" : 1756431408048173315,
      "q" : "201",
      "p" : "0.09192",
      "s" : "sell",
      "i" : "CTSI_USD",
      "m" : "4611686018430198140"
    }, {
      "d" : "1756431174833230394",
      "t" : 1756431174833,
      "tn" : 1756431174833230394,
      "q" : "1",
      "p" : "0.09435",
      "s" : "sell",
      "i" : "CTSI_USD",
      "m" : "4611686018430198139"
    }, {
      "d" : "1756431174832640933",
      "t" : 1756431174832,
      "tn" : 1756431174832640933,
      "q" : "1794",
      "p" : "0.09435",
      "s" : "sell",
      "i" : "CTSI_USD",
      "m" : "4611686018430198138"
    }, {
      "d" : "1756431174824645718",
      "t" : 1756431174824,
      "tn" : 1756431174824645718,
      "q" : "5235",
      "p" : "0.09435",
      "s" : "buy",
      "i" : "CTSI_USD",
      "m" : "4611686018430198137"
    }, {
      "d" : "1756431171880879315",
      "t" : 1756431171880,
      "tn" : 1756431171880879315,
      "q" : "1852",
      "p" : "0.09433",
      "s" : "sell",
      "i" : "CTSI_USD",
      "m" : "4611686018430198136"
    }, {
      "d" : "1756431171877515058",
      "t" : 1756431171877,
      "tn" : 1756431171877515058,
      "q" : "2100",
      "p" : "0.09433",
      "s" : "sell",
      "i" : "CTSI_USD",
      "m" : "4611686018430198135"
    }, {
      "d" : "1756431171877379091",
      "t" : 1756431171877,
      "tn" : 1756431171877379091,
      "q" : "500",
      "p" : "0.09433",
      "s" : "sell",
      "i" : "CTSI_USD",
      "m" : "4611686018430198134"
    }, {
      "d" : "1756431171876961351",
      "t" : 1756431171876,
      "tn" : 1756431171876961351,
      "q" : "938",
      "p" : "0.09433",
      "s" : "sell",
      "i" : "CTSI_USD",
      "m" : "4611686018430198133"
    }, {
      "d" : "1756431171870081050",
      "t" : 1756431171870,
      "tn" : 1756431171870081050,
      "q" : "2100",
      "p" : "0.09433",
      "s" : "sell",
      "i" : "CTSI_USD",
      "m" : "4611686018430198132"
    }, {
      "d" : "1756431171867181799",
      "t" : 1756431171867,
      "tn" : 1756431171867181799,
      "q" : "2100",
      "p" : "0.09433",
      "s" : "sell",
      "i" : "CTSI_USD",
      "m" : "4611686018430198131"
    }, {
      "d" : "1756431171867097067",
      "t" : 1756431171867,
      "tn" : 1756431171867097067,
      "q" : "106",
      "p" : "0.09433",
      "s" : "sell",
      "i" : "CTSI_USD",
      "m" : "4611686018430198130"
    }, {
      "d" : "1756431171858207926",
      "t" : 1756431171858,
      "tn" : 1756431171858207926,
      "q" : "14",
      "p" : "0.09433",
      "s" : "sell",
      "i" : "CTSI_USD",
      "m" : "4611686018430198129"
    } ]
  }
}