{
  "id" : -1,
  "method" : "public/get-trades",
  "code" : 0,
  "result" : {
    "data" : [ {
      "d" : "1756460347824052984",
      "t" : 1756460347824,
      "tn" : 1756460347824052984,
      "q" : "1883",
      "p" : "0.08291",
      "s" : "buy",
      "i" : "CTSI_USDT",
      "m" : "4611686018430327648"
    }, {
      "d" : "1756460249234563370",
      "t" : 1756460249234,
      "tn" : 1756460249234563370,
      "q" : "82",
      "p" : "0.08330",
      "s" : "sell",
      "i" : "CTSI_USDT",
      "m" : "4611686018430327647"
    }, {
      "d" : "1756460249230863265",
      "t" : 1756460249230,
      "tn" : 1756460249230863265,
      "q" : "1802",
      "p" : "0.08289",
      "s" : "buy",
      "i" : "CTSI_USDT",
      "m" : "4611686018430327646"
    }, {
      "d" : "1756460249228927820",
      "t" : 1756460249228,
      "tn" : 1756460249228927820,
      "q" : "1884",
      "p" : "0.08331",
      "s" : "buy",
      "i" : "CTSI_USDT",
      "m" : "4611686018430327645"
    }, {
      "d" : "1756460249228925565",
      "t" : 1756460249228,
      "tn" : 1756460249228925565,
      "q" : "2835",
      "p" : "0.08330",
      "s" : "buy",
      "i" : "CTSI_USDT",
      "m" : "4611686018430327644"
    }, {
      "d" : "1756460249228922025",
      "t" : 1756460249228,
      "tn" : 1756460249228922025,
      "q" : "1715",
      "p" : "0.08289",
      "s" : "buy",
      "i" : "CTSI_USDT",
      "m" : "4611686018430327643"
    }, {
      "d" : "1756460029065713342",
      "t" : 1756460029065,
      "tn" : 1756460029065713342,
      "q" : "240",
      "p" : "0.08320",
      "s" : "buy",
      "i" : "CTSI_USDT",
      "m" : "4611686018430327642"
    }, {
      "d" : "1756460029062605095",
      "t" : 1756460029062,
      "tn" : 1756460029062605095,
      "q" : "286",
      "p" : "0.08320",
      "s" : "buy",
      "i" : "CTSI_USDT",
      "m" : "4611686018430327641"
    }, {
      "d" : "1756460029060720927",
      "t" : 1756460029060,
      "tn" : 1756460029060720927,
      "q" : "288",
      "p" : "0.08320",
      "s" : "buy",
      "i" : "CTSI_USDT",
      "m" : "4611686018430327640"
    }, {
      "d" : "1756459536509933545",
      "t" : 1756459536509,
      "tn" : 1756459536509933545,
      "q" : "1817",
      "p" : "0.08275",
      "s" : "sell",
      "i" : "CTSI_USDT",
      "m" : "4611686018430327639"
    }, {
      "d" : "1756457841922168991",
      "t" : 1756457841922,
      "tn" : 1756457841922168991,
      "q" : "1895",
      "p" : "0.08402",
      "s" : "buy",
      "i" : "CTSI_USDT",
      "m" : "4611686018430327638"
    }, {
      "d" : "1756457813237004918",
      "t" : 1756457813237,
      "tn" : 1756457813237004918,
      "q" : "1778",
      "p" : "0.08402",
      "s" : "buy",
      "i" : "CTSI_USDT",
      "m" : "4611686018430327637"
    }, {
      "d" : "1756456623484199106",
      "t" : 1756456623484,
      "tn" : 1756456623484199106,
      "q" : "423",
      "p" : "0.08422",
      "s" : "buy",
      "i" : "CTSI_USDT",
      "m" : "4611686018430327636"
    }, {
      "d" : "1756456544055939482",
      "t" : 1756456544055,
      "tn" : 1756456544055939482,
      "q" : "424",
      "p" : "0.08451",
      "s" : "buy",
      "i" : "CTSI_USDT",
      "m" : "4611686018430327635"
    }, {
      "d" : "1756456514647131130",
      "t" : 1756456514647,
      "tn" : 1756456514647131130,
      "q" : "1860",
      "p" : "0.08441",
      "s" : "buy",
      "i" : "CTSI_USDT",
      "m" : "4611686018430327634"
    }, {
      "d" : "1756455608160612249",
      "t" : 1756455608160,
      "tn" : 1756455608160612249,
      "q" : "352",
      "p" : "0.08375",
      "s" : "sell",
      "i" : "CTSI_USDT",
      "m" : "4611686018430327633"
    }, {
      "d" : "1756455090769860358",
      "t" : 1756455090769,
      "tn" : 1756455090769860358,
      "q" : "1415",
      "p" : "0.08368",
      "s" : "buy",
      "i" : "CTSI_USDT",
      "m" : "4611686018430327632"
    }, {
      "d" : "1756455090664830193",
      "t" : 1756455090664,
      "tn" : 1756455090664830193,
      "q" : "1929",
      "p" : "0.08368",
      "s" : "buy",
      "i" : "CTSI_USDT",
      "m" : "4611686018430327631"
    }, {
      "d" : "1756455079253082039",
      "t" : 1756455079253,
      "tn" : 1756455079253082039,
      "q" : "1840",
      "p" : "0.08357",
      "s" : "buy",
      "i" : "CTSI_USDT",
      "m" : "4611686018430327630"
    }, {
      "d" : "1756454918899129362",
      "t" : 1756454918899,
      "tn" : 1756454918899129362,
      "q" : "30",
      "p" : "0.08322",
      "s" : "sell",
      "i" : "CTSI_USDT",
      "m" : "4611686018430327629"
    }, {
      "d" : "1756454819368300564",
      "t" : 1756454819368,
      "tn" : 1756454819368300564,
      "q" : "13",
      "p" : "0.08337",
      "s" : "buy",
      "i" : "CTSI_USDT",
      "m" : "4611686018430327628"
    }, {
      "d" : "1756454819365217146",
      "t" : 1756454819365,
      "tn" : 1756454819365217146,
      "q" : "1925",
      "p" : "0.08337",
      "s" : "buy",
      "i" : "CTSI_USDT",
      "m" : "4611686018430327627"
    }, {
      "d" : "1756454254310403452",
      "t" : 1756454254310,
      "tn" : 1756454254310403452,
      "q" : "274",
      "p" : "0.08403",
      "s" : "sell",
      "i" : "CTSI_USDT",
      "m" : "4611686018430327626"
    }, {
      "d" : "1756453955800831300",
      "t" : 1756453955800,
      "tn" : 1756453955800831299,
      "q" : "1611",
      "p" : "0.08438",
      "s" : "buy",
      "i" : "CTSI_USDT",
      "m" : "4611686018430327625"
    }, {
      "d" : "1756453955800831299",
      "t" : 1756453955800,
      "tn" : 1756453955800831299,
      "q" : "1409",
      "p" : "0.08438",
      "s" : "buy",
      "i" : "CTSI_USDT",
      "m" : "4611686018430327625"
    }, {
      "d" : "1756453955800827766",
      "t" : 1756453955800,
      "tn" : 1756453955800827766,
      "q" : "2835",
      "p" : "0.08425",
      "s" : "buy",
      "i" : "CTSI_USDT",
      "m" : "4611686018430327624"
    }, {
      "d" : "1756453955800824346",
      "t" : 1756453955800,
      "tn" : 1756453955800824346,
      "q" : "1950",
      "p" : "0.08396",
      "s" : "buy",
      "i" : "CTSI_USDT",
      "m" : "4611686018430327623"
    }, {
      "d" : "1756453805238322380",
      "t" : 1756453805238,
      "tn" : 1756453805238322380,
      "q" : "219",
      "p" : "0.08371",
      "s" : "sell",
      "i" : "CTSI_USDT",
      "m" : "4611686018430327622"
    }, {
      "d" : "1756453539702178531",
      "t" : 1756453539702,
      "tn" : 1756453539702178531,
      "q" : "1192",
      "p" : "0.08396",
      "s" : "buy",
      "i" : "CTSI_USDT",
      "m" : "4611686018430327621"
    }, {
      "d" : "1756453319732428896",
      "t" : 1756453319732,
      "tn" : 1756453319732428896,
      "q" : "675",
      "p" : "0.08426",
      "s" : "buy",
      "i" : "CTSI_USDT",
      "m" : "4611686018430327620"
    }, {
      "d" : "1756453316172534376",
      "t" : 1756453316172,
      "tn" : 1756453316172534376,
      "q" : "362",
      "p" : "0.08426",
      "s" : "buy",
      "i" : "CTSI_USDT",
      "m" : "4611686018430327619"
    }, {
      "d" : "1756453307539673775",
      "t" : 1756453307539,
      "tn" : 1756453307539673775,
      "q" : "505",
      "p" : "0.08434",
      "s" : "buy",
      "i" : "CTSI_USDT",
      "m" : "4611686018430327618"
    }, {
      "d" : "1756453216863082226",
      "t" : 1756453216863,
      "tn" : 1756453216863082226,
      "q" : "1033",
      "p" : "0.08408",
      "s" : "buy",
      "i" : "CTSI_USDT",
      "m" : "4611686018430327617"
    }, {
      "d" : "1756453216854247491",
      "t" : 1756453216854,
      "tn" : 1756453216854247491,
      "q" : "1982",
      "p" : "0.08372",
      "s" : "buy",
      "i" : "CTSI_USDT",
      "m" : "4611686018430327616"
    }, {
      "d" : "1756453216845139095",
      "t" : 1756453216845,
      "tn" : 1756453216845139095,
      "q" : "1877",
      "p" : "0.08372",
      "s" : "buy",
      "i" : "CTSI_USDT",
      "m" : "4611686018430327615"
    }, {
      "d" : "1756453084625073396",
      "t" : 1756453084625,
      "tn" : 1756453084625073396,
      "q" : "604",
      "p" : "0.08366",
      "s" : "sell",
      "i" : "CTSI_USDT",
      "m" : "4611686018430327614"
    }, {
      "d" : "1756453084622262336",
      "t" : 1756453084622,
      "tn" : 1756453084622262336,
      "q" : "1332",
      "p" : "0.08366",
      "s" : "sell",
      "i" : "CTSI_USDT",
      "m" : "4611686018430327613"
    }, {
      "d" : "1756453084615086148",
      "t" : 1756453084615,
      "tn" : 1756453084615086148,
      "q" : "1848",
      "p" : "0.08376",
      "s" : "sell",
      "i" : "CTSI_USDT",
      "m" : "4611686018430327612"
    }, {
      "d" : "1756452941986769797",
      "t" : 1756452941986,
      "tn" : 1756452941986769797,
      "q" : "996",
      "p" : "0.08396",
      "s" : "sell",
      "i" : "CTSI_USDT",
      "m" : "4611686018430327611"
    }, {
      "d" : "1756452743851279686",
      "t" : 1756452743851,
      "tn" : 1756452743851279686,
      "q" : "1192",
      "p" : "0.08381",
      "s" : "buy",
      "i" : "CTSI_USDT",
      "m" : "4611686018430327610"
    }, {
      "d" : "1756452498347851218",
      "t" : 1756452498347,
      "tn" : 1756452498347851218,
      "q" : "142",
      "p" : "0.08354",
      "s" : "sell",
      "i" : "CTSI_USDT",
      "m" : "4611686018430327609"
    }, {
      "d" : "1756452498347849256",
      "t" : 1756452498347,
      "tn" : 1756452498347849256,
      "q" : "1033",
      "p" : "0.08355",
      "s" : "sell",
      "i" : "CTSI_USDT",
      "m" : "4611686018430327608"
    }, {
      "d" : "1756452498347846244",
      "t" : 1756452498347,
      "tn" : 1756452498347846244,
      "q" : "2835",
      "p" : "0.08359",
      "s" : "sell",
      "i" : "CTSI_USDT",
      "m" : "4611686018430327607"
    }, {
      "d" : "1756452498347843789",
      "t" : 1756452498347,
      "tn" : 1756452498347843789,
      "q" : "1794",
      "p" : "0.08360",
      "s" : "sell",
      "i" : "CTSI_USDT",
      "m" : "4611686018430327606"
    }, {
      "d" : "1756452498347841703",
      "t" : 1756452498347,
      "tn" : 1756452498347841703,
      "q" : "1812",
      "p" : "0.08396",
      "s" : "sell",
      "i" : "CTSI_USDT",
      "m" : "4611686018430327605"
    }, {
      "d" : "1756452358503837072",
      "t" : 1756452358503,
      "tn" : 1756452358503837072,
      "q" : "714",
      "p" : "0.08401",
      "s" : "buy",
      "i" : "CTSI_USDT",
      "m" : "4611686018430327604"
    }, {
      "d" : "1756452012223311982",
      "t" : 1756452012223,
      "tn" : 1756452012223311982,
      "q" : "17",
      "p" : "0.08386",
      "s" : "sell",
      "i" : "CTSI_USDT",
      "m" : "4611686018430327603"
    }, {
      "d" : "1756451827132843853",
      "t" : 1756451827132,
      "tn" : 1756451827132843853,
      "q" : "455",
      "p" : "0.08402",
      "s" : "buy",
      "i" : "CTSI_USDT",
      "m" : "4611686018430327602"
    }, {
      "d" : "1756451692147398290",
      "t" : 1756451692147,
      "tn" : 1756451692147398290,
      "q" : "394",
      "p" : "0.08439",
      "s" : "sell",
      "i" : "CTSI_USDT",
      "m" : "4611686018430327601"
    }, {
      "d" : "1756451276533557620",
      "t" : 1756451276533,
      "tn" : 1756451276533557619,
      "q" : "1712",
      "p" : "0.08493",
      "s" : "sell",
      "i" : "CTSI_USDT",
      "m" : "4611686018430327600"
    }, {
      "d" : "1756451276506314705",
      "t" : 1756451276506,
      "tn" : 1756451276506314705,
      "q" : "294",
      "p" : "0.08493",
      "s" : "sell",
      "i" : "CTSI_USDT",
      "m" : "4611686018430327599"
    }, {
      "d" : "1756451276489556492",
      "t" : 1756451276489,
      "tn" : 1756451276489556492,
      "q" : "471",
      "p" : "0.08493",
      "s" : "sell",
      "i" : "CTSI_USDT",
      "m" : "4611686018430327598"
    }, {
      "d" : "1756451276473328695",
      "t" : 1756451276473,
      "tn" : 1756451276473328695,
      "q" : "942",
      "p" : "0.08493",
      "s" : "sell",
      "i" : "CTSI_USDT",
      "m" : "4611686018430327597"
    }, {
      "d" : "1756451276392750779",
      "t" : 1756451276392,
      "tn" : 1756451276392750779,
      "q" : "470",
      "p" : "0.08503",
      "s" : "sell",
      "i" : "CTSI_USDT",
      "m" : "4611686018430327596"
    }, {
      "d" : "1756451276372429268",
      "t" : 1756451276372,
      "tn" : 1756451276372429268,
      "q" : "941",
      "p" : "0.08503",
      "s" : "sell",
      "i" : "CTSI_USDT",
      "m" : "4611686018430327595"
    }, {
      "d" : "1756451249668222527",
      "t" : 1756451249668,
      "tn" : 1756451249668222527,
      "q" : "119",
      "p" : "0.08508",
      "s" : "buy",
      "i" : "CTSI_USDT",
      "m" : "4611686018430327594"
    }, {
      "d" : "1756451223819222557",
      "t" : 1756451223819,
      "tn" : 1756451223819222557,
      "q" : "1760",
      "p" : "0.08523",
      "s" : "sell",
      "i" : "CTSI_USDT",
      "m" : "4611686018430327593"
    }, {
      "d" : "1756451223801470537",
      "t" : 1756451223801,
      "tn" : 1756451223801470537,
      "q" : "939",
      "p" : "0.08524",
      "s" : "sell",
      "i" : "CTSI_USDT",
      "m" : "4611686018430327592"
    }, {
      "d" : "1756450903490935536",
      "t" : 1756450903490,
      "tn" : 1756450903490935536,
      "q" : "158",
      "p" : "0.08578",
      "s" : "sell",
      "i" : "CTSI_USDT",
      "m" : "4611686018430327591"
    }, {
      "d" : "1756450653874517981",
      "t" : 1756450653874,
      "tn" : 1756450653874517981,
      "q" : "1735",
      "p" : "0.08644",
      "s" : "sell",
      "i" : "CTSI_USDT",
      "m" : "4611686018430327590"
    }, {
      "d" : "1756450653814397522",
      "t" : 1756450653814,
      "tn" : 1756450653814397521,
      "q" : "1731",
      "p" : "0.08645",
      "s" : "sell",
      "i" : "CTSI_USDT",
      "m" : "4611686018430327589"
    }, {
      "d" : "1756450653814397521",
      "t" : 1756450653814,
      "tn" : 1756450653814397521,
      "q" : "4",
      "p" : "0.08645",
      "s" : "sell",
      "i" : "CTSI_USDT",
      "m" : "4611686018430327589"
    }, {
      "d" : "1756450653754508431",
      "t" : 1756450653754,
      "tn" : 1756450653754508430,
      "q" : "1539",
      "p" : "0.08645",
      "s" : "sell",
      "i" : "CTSI_USDT",
      "m" : "4611686018430327588"
    }, {
      "d" : "1756450653754508430",
      "t" : 1756450653754,
      "tn" : 1756450653754508430,
      "q" : "196",
      "p" : "0.08645",
      "s" : "sell",
      "i" : "CTSI_USDT",
      "m" : "4611686018430327588"
    }, {
      "d" : "1756450653667275159",
      "t" : 1756450653667,
      "tn" : 1756450653667275158,
      "q" : "1544",
      "p" : "0.08645",
      "s" : "sell",
      "i" : "CTSI_USDT",
      "m" : "4611686018430327587"
    }, {
      "d" : "1756450653667275158",
      "t" : 1756450653667,
      "tn" : 1756450653667275158,
      "q" : "191",
      "p" : "0.08645",
      "s" : "sell",
      "i" : "CTSI_USDT",
      "m" : "4611686018430327587"
    }, {
      "d" : "1756450653607272521",
      "t" : 1756450653607,
      "tn" : 1756450653607272521,
      "q" : "1735",
      "p" : "0.08645",
      "s" : "sell",
      "i" : "CTSI_USDT",
      "m" : "4611686018430327586"
    }, {
      "d" : "1756450653526363219",
      "t" : 1756450653526,
      "tn" : 1756450653526363219,
      "q" : "1279",
      "p" : "0.08646",
      "s" : "sell",
      "i" : "CTSI_USDT",
      "m" : "4611686018430327585"
    }, {
      "d" : "1756450653525991807",
      "t" : 1756450653525,
      "tn" : 1756450653525991807,
      "q" : "706",
      "p" : "0.08646",
      "s" : "sell",
      "i" : "CTSI_USDT",
      "m" : "4611686018430327584"
    }, {
      "d" : "1756450095168297600",
      "t" : 1756450095168,
      "tn" : 1756450095168297599,
      "q" : "817",
      "p" : "0.08644",
      "s" : "sell",
      "i" : "CTSI_USDT",
      "m" : "4611686018430327583"
    }, {
      "d" : "1756450095168297599",
      "t" : 1756450095168,
      "tn" : 1756450095168297599,
      "q" : "108",
      "p" : "0.08644",
      "s" : "sell",
      "i" : "CTSI_USDT",
      "m" : "4611686018430327583"
    }, {
      "d" : "1756450095103222355",
      "t" : 1756450095103,
      "tn" : 1756450095103222355,
      "q" : "463",
      "p" : "0.08644",
      "s" : "sell",
      "i" : "CTSI_USDT",
      "m" : "4611686018430327582"
    }, {
      "d" : "1756450095019269223",
      "t" : 1756450095019,
      "tn" : 1756450095019269222,
      "q" : "588",
      "p" : "0.08644",
      "s" : "sell",
      "i" : "CTSI_USDT",
      "m" : "4611686018430327581"
    }, {
      "d" : "1756450095019269222",
      "t" : 1756450095019,
      "tn" : 1756450095019269222,
      "q" : "337",
      "p" : "0.08644",
      "s" : "sell",
      "i" : "CTSI_USDT",
      "m" : "4611686018430327581"
    }, {
      "d" : "1756450095003183827",
      "t" : 1756450095003,
      "tn" : 1756450095003183827,
      "q" : "463",
      "p" : "0.08644",
      "s" : "sell",
      "i" : "CTSI_USDT",
      "m" : "4611686018430327580"
    }, {
      "d" : "1756450094948740303",
      "t" : 1756450094948,
      "tn" : 1756450094948740303,
      "q" : "925",
      "p" : "0.08644",
      "s" : "sell",
      "i" : "CTSI_USDT",
      "m" : "4611686018430327579"
    }, {
      "d" : "1756449920319463476",
      "t" : 1756449920319,
      "tn" : 1756449920319463475,
      "q" : "445",
      "p" : "0.08662",
      "s" : "sell",
      "i" : "CTSI_USDT",
      "m" : "4611686018430327578"
    }, {
      "d" : "1756449920319463475",
      "t" : 1756449920319,
      "tn" : 1756449920319463475,
      "q" : "673",
      "p" : "0.08662",
      "s" : "sell",
      "i" : "CTSI_USDT",
      "m" : "4611686018430327578"
    }, {
      "d" : "1756449920216513832",
      "t" : 1756449920216,
      "tn" : 1756449920216513831,
      "q" : "355",
      "p" : "0.08662",
      "s" : "sell",
      "i" : "CTSI_USDT",
      "m" : "4611686018430327577"
    }, {
      "d" : "1756449920216513831",
      "t" : 1756449920216,
      "tn" : 1756449920216513831,
      "q" : "763",
      "p" : "0.08662",
      "s" : "sell",
      "i" : "CTSI_USDT",
      "m" : "4611686018430327577"
    }, {
      "d" : "1756449920128656491",
      "t" : 1756449920128,
      "tn" : 1756449920128656491,
      "q" : "1229",
      "p" : "0.08662",
      "s" : "sell",
      "i" : "CTSI_USDT",
      "m" : "4611686018430327576"
    }, {
      "d" : "1756449679282162231",
      "t" : 1756449679282,
      "tn" : 1756449679282162230,
      "q" : "1616",
      "p" : "0.08698",
      "s" : "sell",
      "i" : "CTSI_USDT",
      "m" : "4611686018430327575"
    }, {
      "d" : "1756449679282162230",
      "t" : 1756449679282,
      "tn" : 1756449679282162230,
      "q" : "109",
      "p" : "0.08698",
      "s" : "sell",
      "i" : "CTSI_USDT",
      "m" : "4611686018430327575"
    }, {
      "d" : "1756449679182018945",
      "t" : 1756449679182,
      "tn" : 1756449679182018944,
      "q" : "1707",
      "p" : "0.08698",
      "s" : "sell",
      "i" : "CTSI_USDT",
      "m" : "4611686018430327574"
    }, {
      "d" : "1756449679182018944",
      "t" : 1756449679182,
      "tn" : 1756449679182018944,
      "q" : "18",
      "p" : "0.08698",
      "s" : "sell",
      "i" : "CTSI_USDT",
      "m" : "4611686018430327574"
    }, {
      "d" : "1756449679111849725",
      "t" : 1756449679111,
      "tn" : 1756449679111849725,
      "q" : "1725",
      "p" : "0.08698",
      "s" : "sell",
      "i" : "CTSI_USDT",
      "m" : "4611686018430327573"
    }, {
      "d" : "1756449678996460294",
      "t" : 1756449678996,
      "tn" : 1756449678996460294,
      "q" : "492",
      "p" : "0.08688",
      "s" : "sell",
      "i" : "CTSI_USDT",
      "m" : "4611686018430327572"
    }, {
      "d" : "1756449678880908340",
      "t" : 1756449678880,
      "tn" : 1756449678880908339,
      "q" : "1687",
      "p" : "0.08698",
      "s" : "sell",
      "i" : "CTSI_USDT",
      "m" : "4611686018430327571"
    }, {
      "d" : "1756449678880908339",
      "t" : 1756449678880,
      "tn" : 1756449678880908339,
      "q" : "38",
      "p" : "0.08698",
      "s" : "sell",
      "i" : "CTSI_USDT",
      "m" : "4611686018430327571"
    }, {
      "d" : "1756449678780516247",
      "t" : 1756449678780,
      "tn" : 1756449678780516247,
      "q" : "1725",
      "p" : "0.08698",
      "s" : "sell",
      "i" : "CTSI_USDT",
      "m" : "4611686018430327570"
    }, {
      "d" : "1756449678680393939",
      "t" : 1756449678680,
      "tn" : 1756449678680393939,
      "q" : "55",
      "p" : "0.08698",
      "s" : "sell",
      "i" : "CTSI_USDT",
      "m" : "4611686018430327569"
    }, {
      "d" : "1756449678679640942",
      "t" : 1756449678679,
      "tn" : 1756449678679640942,
      "q" : "1894",
      "p" : "0.08698",
      "s" : "sell",
      "i" : "CTSI_USDT",
      "m" : "4611686018430327568"
    }, {
      "d" : "1756449678548865476",
      "t" : 1756449678548,
      "tn" : 1756449678548865476,
      "q" : "1978",
      "p" : "0.08698",
      "s" : "sell",
      "i" : "CTSI_USDT",
      "m" : "4611686018430327567"
    }, {
      "d" : "1756449678363393076",
      "t" : 1756449678363,
      "tn" : 1756449678363393076,
      "q" : "648",
      "p" : "0.08689",
      "s" : "sell",
      "i" : "CTSI_USDT",
      "m" : "4611686018430327566"
    }, {
      "d" : "1756449678362777094",
      "t" : 1756449678362,
      "tn" : 1756449678362777093,
      "q" : "11",
      "p" : "0.08689",
      "s" : "sell",
      "i" : "CTSI_USDT",
      "m" : "4611686018430327565"
    }, {
      "d" : "1756449678362777093",
      "t" : 1756449678362,
      "tn" : 1756449678362777093,
      "q" : "1174",
      "p" : "0.08689",
      "s" : "sell",
      "i" : "CTSI_USDT",
      "m" : "4611686018430327565"
    }, {
      "d" : "1756449678277557629",
      "t" : 1756449678277,
      "tn" : 1756449678277557629,
      "q" : "692",
      "p" : "0.08689",
      "s" : "sell",
      "i" : "CTSI_USDT",
      "m" : "4611686018430327564"
    }, {
      "d" : "1756449678177409927",
      "t" : 1756449678177,
      "tn" : 1756449678177409927,
      "q" : "1866",
      "p" : "0.08689",
      "s" : "sell",
      "i" : "CTSI_USDT",
      "m" : "4611686018430327563"
    }, {
      "d" : "1756449678077276750",
      "t" : 1756449678077,
      "tn" : 1756449678077276750,
      "q" : "1893",
      "p" : "0.08689",
      "s" : "sell",
      "i" : "CTSI_USDT",
      "m" : "4611686018430327562"
    }, {
      "d" : "1756449677977099384",
      "t" : 1756449677977,
      "tn" : 1756449677977099384,
      "q" : "1928",
      "p" : "0.08689",
      "s" : "sell",
      "i" : "CTSI_USDT",
      "m" : "4611686018430327561"
    }, {
      "d" : "1756449677877029186",
      "t" : 1756449677877,
      "tn" : 1756449677877029186,
      "q" : "1760",
      "p" : "0.08689",
      "s" : "sell",
      "i" : "CTSI_USDT",
      "m" : "4611686018430327560"
    }, {
      "d" : "1756449677395858614",
      "t" : 1756449677395,
      "tn" : 1756449677395858614,
      "q" : "1804",
      "p" : "0.08676",
      "s" : "buy",
      "i" : "CTSI_USDT",
      "m" : "4611686018430327559"
    }, {
      "d" : "1756449671302993606",
      "t" : 1756449671302,
      "tn" : 1756449671302993606,
      "q" : "1898",
      "p" : "0.08670",
      "s" : "sell",
      "i" : "CTSI_USDT",
      "m" : "4611686018430327558"
    }, {
      "d" : "1756449671198314347",
      "t" : 1756449671198,
      "tn" : 1756449671198314347,
      "q" : "1957",
      "p" : "0.08665",
      "s" : "sell",
      "i" : "CTSI_USDT",
      "m" : "4611686018430327557"
    }, {
      "d" : "1756449671190181812",
      "t" : 1756449671190,
      "tn" : 1756449671190181812,
      "q" : "1711",
      "p" : "0.08665",
      "s" : "sell",
      "i" : "CTSI_USDT",
      "m" : "4611686018430327556"
    }, {
      "d" : "1756449671052916048",
      "t" : 1756449671052,
      "tn" : 1756449671052916048,
      "q" : "1955",
      "p" : "0.08665",
      "s" : "sell",
      "i" : "CTSI_USDT",
      "m" : "4611686018430327555"
    }, {
      "d" : "1756449664861511407",
      "t" : 1756449664861,
      "tn" : 1756449664861511407,
      "q" : "1766",
      "p" : "0.08665",
      "s" : "sell",
      "i" : "CTSI_USDT",
      "m" : "4611686018430327554"
    }, {
      "d" : "1756449664716210019",
      "t" : 1756449664716,
      "tn" : 1756449664716210019,
      "q" : "1838",
      "p" : "0.08665",
      "s" : "sell",
      "i" : "CTSI_USDT",
      "m" : "4611686018430327553"
    }, {
      "d" : "1756449664661241903",
      "t" : 1756449664661,
      "tn" : 1756449664661241903,
      "q" : "1937",
      "p" : "0.08666",
      "s" : "sell",
      "i" : "CTSI_USDT",
      "m" : "4611686018430327552"
    }, {
      "d" : "1756449664561095737",
      "t" : 1756449664561,
      "tn" : 1756449664561095737,
      "q" : "1914",
      "p" : "0.08666",
      "s" : "sell",
      "i" : "CTSI_USDT",
      "m" : "4611686018430327551"
    }, {
      "d" : "1756449664464774372",
      "t" : 1756449664464,
      "tn" : 1756449664464774372,
      "q" : "1975",
      "p" : "0.08666",
      "s" : "sell",
      "i" : "CTSI_USDT",
      "m" : "4611686018430327550"
    }, {
      "d" : "1756449664409701797",
      "t" : 1756449664409,
      "tn" : 1756449664409701797,
      "q" : "1724",
      "p" : "0.08666",
      "s" : "sell",
      "i" : "CTSI_USDT",
      "m" : "4611686018430327549"
    }, {
      "d" : "1756449664359609238",
      "t" : 1756449664359,
      "tn" : 1756449664359609238,
      "q" : "1910",
      "p" : "0.08666",
      "s" : "sell",
      "i" : "CTSI_USDT",
      "m" : "4611686018430327548"
    }, {
      "d" : "1756449664264504650",
      "t" : 1756449664264,
      "tn" : 1756449664264504650,
      "q" : "1944",
      "p" : "0.08666",
      "s" : "sell",
      "i" : "CTSI_USDT",
      "m" : "4611686018430327547"
    }, {
      "d" : "1756449664164466416",
      "t" : 1756449664164,
      "tn" : 1756449664164466416,
      "q" : "1872",
      "p" : "0.08666",
      "s" : "sell",
      "i" : "CTSI_USDT",
      "m" : "4611686018430327546"
    }, {
      "d" : "1756449664064322951",
      "t" : 1756449664064,
      "tn" : 1756449664064322951,
      "q" : "1724",
      "p" : "0.08666",
      "s" : "sell",
      "i" : "CTSI_USDT",
      "m" : "4611686018430327545"
    }, {
      "d" : "1756449663934152213",
      "t" : 1756449663934,
      "tn" : 1756449663934152213,
      "q" : "1760",
      "p" : "0.08666",
      "s" : "sell",
      "i" : "CTSI_USDT",
      "m" : "4611686018430327544"
    }, {
      "d" : "1756449663864076424",
      "t" : 1756449663864,
      "tn" : 1756449663864076424,
      "q" : "1991",
      "p" : "0.08667",
      "s" : "sell",
      "i" : "CTSI_USDT",
      "m" : "4611686018430327543"
    }, {
      "d" : "1756449663763857311",
      "t" : 1756449663763,
      "tn" : 1756449663763857311,
      "q" : "1796",
      "p" : "0.08667",
      "s" : "sell",
      "i" : "CTSI_USDT",
      "m" : "4611686018430327542"
    }, {
      "d" : "1756449663678770275",
      "t" : 1756449663678,
      "tn" : 1756449663678770275,
      "q" : "1728",
      "p" : "0.08667",
      "s" : "sell",
      "i" : "CTSI_USDT",
      "m" : "4611686018430327541"
    }, {
      "d" : "1756449663671938777",
      "t" : 1756449663671,
      "tn" : 1756449663671938777,
      "q" : "1848",
      "p" : "0.08667",
      "s" : "sell",
      "i" : "CTSI_USDT",
      "m" : "4611686018430327540"
    }, {
      "d" : "1756449663452492744",
      "t" : 1756449663452,
      "tn" : 1756449663452492744,
      "q" : "1709",
      "p" : "0.08667",
      "s" : "sell",
      "i" : "CTSI_USDT",
      "m" : "4611686018430327539"
    }, {
      "d" : "1756449660354653089",
      "t" : 1756449660354,
      "tn" : 1756449660354653089,
      "q" : "1917",
      "p" : "0.08637",
      "s" : "sell",
      "i" : "CTSI_USDT",
      "m" : "4611686018430327538"
    }, {
      "d" : "1756449645015472004",
      "t" : 1756449645015,
      "tn" : 1756449645015472004,
      "q" : "1924",
      "p" : "0.08623",
      "s" : "sell",
      "i" : "CTSI_USDT",
      "m" : "4611686018430327537"
    }, {
      "d" : "1756449644935398635",
      "t" : 1756449644935,
      "tn" : 1756449644935398635,
      "q" : "1866",
      "p" : "0.08623",
      "s" : "sell",
      "i" : "CTSI_USDT",
      "m" : "4611686018430327536"
    }, {
      "d" : "1756449644835353588",
      "t" : 1756449644835,
      "tn" : 1756449644835353588,
      "q" : "1792",
      "p" : "0.08623",
      "s" : "sell",
      "i" : "CTSI_USDT",
      "m" : "4611686018430327535"
    }, {
      "d" : "1756449644740001469",
      "t" : 1756449644740,
      "tn" : 1756449644740001469,
      "q" : "1763",
      "p" : "0.08624",
      "s" : "sell",
      "i" : "CTSI_USDT",
      "m" : "4611686018430327534"
    }, {
      "d" : "1756449644639923405",
      "t" : 1756449644639,
      "tn" : 1756449644639923405,
      "q" : "1740",
      "p" : "0.08624",
      "s" : "sell",
      "i" : "CTSI_USDT",
      "m" : "4611686018430327533"
    }, {
      "d" : "1756449644524770518",
      "t" : 1756449644524,
      "tn" : 1756449644524770518,
      "q" : "136",
      "p" : "0.08624",
      "s" : "sell",
      "i" : "CTSI_USDT",
      "m" : "4611686018430327532"
    }, {
      "d" : "1756449644520724257",
      "t" : 1756449644520,
      "tn" : 1756449644520724257,
      "q" : "1739",
      "p" : "0.08624",
      "s" : "sell",
      "i" : "CTSI_USDT",
      "m" : "4611686018430327531"
    }, {
      "d" : "1756449640999711920",
      "t" : 1756449640999,
      "tn" : 1756449640999711920,
      "q" : "1730",
      "p" : "0.08613",
      "s" : "sell",
      "i" : "CTSI_USDT",
      "m" : "4611686018430327530"
    }, {
      "d" : "1756449640988987800",
      "t" : 1756449640988,
      "tn" : 1756449640988987800,
      "q" : "1904",
      "p" : "0.08613",
      "s" : "sell",
      "i" : "CTSI_USDT",
      "m" : "4611686018430327529"
    }, {
      "d" : "1756449639089411252",
      "t" : 1756449639089,
      "tn" : 1756449639089411252,
      "q" : "1742",
      "p" : "0.08623",
      "s" : "sell",
      "i" : "CTSI_USDT",
      "m" : "4611686018430327528"
    }, {
      "d" : "1756449639045999582",
      "t" : 1756449639045,
      "tn" : 1756449639045999582,
      "q" : "1914",
      "p" : "0.08623",
      "s" : "sell",
      "i" : "CTSI_USDT",
      "m" : "4611686018430327527"
    }, {
      "d" : "1756449628015536784",
      "t" : 1756449628015,
      "tn" : 1756449628015536784,
      "q" : "827",
      "p" : "0.08601",
      "s" : "buy",
      "i" : "CTSI_USDT",
      "m" : "4611686018430327526"
    }, {
      "d" : "1756449627915432899",
      "t" : 1756449627915,
      "tn" : 1756449627915432899,
      "q" : "1775",
      "p" : "0.08601",
      "s" : "buy",
      "i" : "CTSI_USDT",
      "m" : "4611686018430327525"
    }, {
      "d" : "1756449627820242974",
      "t" : 1756449627820,
      "tn" : 1756449627820242974,
      "q" : "1793",
      "p" : "0.08601",
      "s" : "buy",
      "i" : "CTSI_USDT",
      "m" : "4611686018430327524"
    }, {
      "d" : "1756449627714999991",
      "t" : 1756449627714,
      "tn" : 1756449627714999991,
      "q" : "1993",
      "p" : "0.08601",
      "s" : "buy",
      "i" : "CTSI_USDT",
      "m" : "4611686018430327523"
    }, {
      "d" : "1756449627619937710",
      "t" : 1756449627619,
      "tn" : 1756449627619937710,
      "q" : "1780",
      "p" : "0.08601",
      "s" : "buy",
      "i" : "CTSI_USDT",
      "m" : "4611686018430327522"
    }, {
      "d" : "1756449627519685327",
      "t" : 1756449627519,
      "tn" : 1756449627519685327,
      "q" : "1928",
      "p" : "0.08601",
      "s" : "buy",
      "i" : "CTSI_USDT",
      "m" : "4611686018430327521"
    }, {
      "d" : "1756449627418510305",
      "t" : 1756449627418,
      "tn" : 1756449627418510305,
      "q" : "1847",
      "p" : "0.08601",
      "s" : "buy",
      "i" : "CTSI_USDT",
      "m" : "4611686018430327520"
    }, {
      "d" : "1756449627318378694",
      "t" : 1756449627318,
      "tn" : 1756449627318378694,
      "q" : "1777",
      "p" : "0.08601",
      "s" : "buy",
      "i" : "CTSI_USDT",
      "m" : "4611686018430327519"
    }, {
      "d" : "1756449627238278512",
      "t" : 1756449627238,
      "tn" : 1756449627238278512,
      "q" : "1955",
      "p" : "0.08601",
      "s" : "buy",
      "i" : "CTSI_USDT",
      "m" : "4611686018430327518"
    }, {
      "d" : "1756449627183179552",
      "t" : 1756449627183,
      "tn" : 1756449627183179552,
      "q" : "1849",
      "p" : "0.08600",
      "s" : "buy",
      "i" : "CTSI_USDT",
      "m" : "4611686018430327517"
    }, {
      "d" : "1756449627087862763",
      "t" : 1756449627087,
      "tn" : 1756449627087862763,
      "q" : "1901",
      "p" : "0.08600",
      "s" : "buy",
      "i" : "CTSI_USDT",
      "m" : "4611686018430327516"
    }, {
      "d" : "1756449626997873913",
      "t" : 1756449626997,
      "tn" : 1756449626997873913,
      "q" : "1879",
      "p" : "0.08600",
      "s" : "buy",
      "i" : "CTSI_USDT",
      "m" : "4611686018430327515"
    }, {
      "d" : "1756449626917547972",
      "t" : 1756449626917,
      "tn" : 1756449626917547972,
      "q" : "1782",
      "p" : "0.08599",
      "s" : "buy",
      "i" : "CTSI_USDT",
      "m" : "4611686018430327514"
    }, {
      "d" : "1756449626817398683",
      "t" : 1756449626817,
      "tn" : 1756449626817398683,
      "q" : "1898",
      "p" : "0.08599",
      "s" : "buy",
      "i" : "CTSI_USDT",
      "m" : "4611686018430327513"
    }, {
      "d" : "1756449626717230508",
      "t" : 1756449626717,
      "tn" : 1756449626717230508,
      "q" : "1999",
      "p" : "0.08599",
      "s" : "buy",
      "i" : "CTSI_USDT",
      "m" : "4611686018430327512"
    }, {
      "d" : "1756449626612106250",
      "t" : 1756449626612,
      "tn" : 1756449626612106250,
      "q" : "1714",
      "p" : "0.08599",
      "s" : "buy",
      "i" : "CTSI_USDT",
      "m" : "4611686018430327511"
    } ]
  }
}