{
  "id" : -1,
  "method" : "public/get-trades",
  "code" : 0,
  "result" : {
    "data" : [ {
      "d" : "1756438678455791338",
      "t" : 1756438678455,
      "tn" : 1756438678455791338,
      "q" : "670",
      "p" : "0.08746",
      "s" : "buy",
      "i" : "CTSIUSD-PERP",
      "m" : "4611686018430126941"
    }, {
      "d" : "1756438614273705963",
      "t" : 1756438614273,
      "tn" : 1756438614273705963,
      "q" : "1140",
      "p" : "0.08744",
      "s" : "buy",
      "i" : "CTSIUSD-PERP",
      "m" : "4611686018430126940"
    }, {
      "d" : "1756438226829100982",
      "t" : 1756438226829,
      "tn" : 1756438226829100982,
      "q" : "570",
      "p" : "0.08701",
      "s" : "buy",
      "i" : "CTSIUSD-PERP",
      "m" : "4611686018430126939"
    }, {
      "d" : "1756438214428147023",
      "t" : 1756438214428,
      "tn" : 1756438214428147023,
      "q" : "570",
      "p" : "0.08700",
      "s" : "buy",
      "i" : "CTSIUSD-PERP",
      "m" : "4611686018430126938"
    }, {
      "d" : "1756437745902853853",
      "t" : 1756437745902,
      "tn" : 1756437745902853853,
      "q" : "1150",
      "p" : "0.08643",
      "s" : "buy",
      "i" : "CTSIUSD-PERP",
      "m" : "4611686018430126937"
    }, {
      "d" : "1756437716974281275",
      "t" : 1756437716974,
      "tn" : 1756437716974281275,
      "q" : "1150",
      "p" : "0.08646",
      "s" : "buy",
      "i" : "CTSIUSD-PERP",
      "m" : "4611686018430126936"
    }, {
      "d" : "1756437568626689440",
      "t" : 1756437568626,
      "tn" : 1756437568626689440,
      "q" : "1150",
      "p" : "0.08664",
      "s" : "buy",
      "i" : "CTSIUSD-PERP",
      "m" : "4611686018430126935"
    }, {
      "d" : "1756437485578942865",
      "t" : 1756437485578,
      "tn" : 1756437485578942865,
      "q" : "6400",
      "p" : "0.08660",
      "s" : "sell",
      "i" : "CTSIUSD-PERP",
      "m" : "4611686018430126934"
    }, {
      "d" : "1756437485575671937",
      "t" : 1756437485575,
      "tn" : 1756437485575671937,
      "q" : "2830",
      "p" : "0.08660",
      "s" : "sell",
      "i" : "CTSIUSD-PERP",
      "m" : "4611686018430126933"
    }, {
      "d" : "1756437104171338983",
      "t" : 1756437104171,
      "tn" : 1756437104171338983,
      "q" : "1000",
      "p" : "0.08720",
      "s" : "buy",
      "i" : "CTSIUSD-PERP",
      "m" : "4611686018430126932"
    }, {
      "d" : "1756431796552606315",
      "t" : 1756431796552,
      "tn" : 1756431796552606315,
      "q" : "90",
      "p" : "0.09300",
      "s" : "buy",
      "i" : "CTSIUSD-PERP",
      "m" : "4611686018430126931"
    }, {
      "d" : "1756431796298524668",
      "t" : 1756431796298,
      "tn" : 1756431796298524668,
      "q" : "1420",
      "p" : "0.09300",
      "s" : "buy",
      "i" : "CTSIUSD-PERP",
      "m" : "4611686018430126930"
    }, {
      "d" : "1756431793806362742",
      "t" : 1756431793806,
      "tn" : 1756431793806362742,
      "q" : "710",
      "p" : "0.09300",
      "s" : "buy",
      "i" : "CTSIUSD-PERP",
      "m" : "4611686018430126929"
    }, {
      "d" : "1756431793335267921",
      "t" : 1756431793335,
      "tn" : 1756431793335267921,
      "q" : "2530",
      "p" : "0.09300",
      "s" : "buy",
      "i" : "CTSIUSD-PERP",
      "m" : "4611686018430126928"
    }, {
      "d" : "1756431793081757004",
      "t" : 1756431793081,
      "tn" : 1756431793081757004,
      "q" : "2240",
      "p" : "0.09300",
      "s" : "buy",
      "i" : "CTSIUSD-PERP",
      "m" : "4611686018430126927"
    }, {
      "d" : "1756431792780300226",
      "t" : 1756431792780,
      "tn" : 1756431792780300226,
      "q" : "1420",
      "p" : "0.09300",
      "s" : "buy",
      "i" : "CTSIUSD-PERP",
      "m" : "4611686018430126926"
    }, {
      "d" : "1756431792478359566",
      "t" : 1756431792478,
      "tn" : 1756431792478359566,
      "q" : "1420",
      "p" : "0.09300",
      "s" : "buy",
      "i" : "CTSIUSD-PERP",
      "m" : "4611686018430126925"
    }, {
      "d" : "1756431792089979038",
      "t" : 1756431792089,
      "tn" : 1756431792089979038,
      "q" : "1430",
      "p" : "0.09300",
      "s" : "buy",
      "i" : "CTSIUSD-PERP",
      "m" : "4611686018430126924"
    }, {
      "d" : "1756431791540185993",
      "t" : 1756431791540,
      "tn" : 1756431791540185993,
      "q" : "910",
      "p" : "0.09300",
      "s" : "buy",
      "i" : "CTSIUSD-PERP",
      "m" : "4611686018430126923"
    }, {
      "d" : "1756431791247008412",
      "t" : 1756431791247,
      "tn" : 1756431791247008412,
      "q" : "710",
      "p" : "0.09300",
      "s" : "buy",
      "i" : "CTSIUSD-PERP",
      "m" : "4611686018430126922"
    }, {
      "d" : "1756431790744770957",
      "t" : 1756431790744,
      "tn" : 1756431790744770957,
      "q" : "3220",
      "p" : "0.09300",
      "s" : "buy",
      "i" : "CTSIUSD-PERP",
      "m" : "4611686018430126921"
    }, {
      "d" : "1756431790432221324",
      "t" : 1756431790432,
      "tn" : 1756431790432221324,
      "q" : "3220",
      "p" : "0.09300",
      "s" : "buy",
      "i" : "CTSIUSD-PERP",
      "m" : "4611686018430126920"
    }, {
      "d" : "1756431789615113268",
      "t" : 1756431789615,
      "tn" : 1756431789615113268,
      "q" : "3220",
      "p" : "0.09300",
      "s" : "buy",
      "i" : "CTSIUSD-PERP",
      "m" : "4611686018430126919"
    }, {
      "d" : "1756431789355390999",
      "t" : 1756431789355,
      "tn" : 1756431789355390999,
      "q" : "1470",
      "p" : "0.09300",
      "s" : "buy",
      "i" : "CTSIUSD-PERP",
      "m" : "4611686018430126918"
    }, {
      "d" : "1756431789084153924",
      "t" : 1756431789084,
      "tn" : 1756431789084153924,
      "q" : "170",
      "p" : "0.09300",
      "s" : "buy",
      "i" : "CTSIUSD-PERP",
      "m" : "4611686018430126917"
    }, {
      "d" : "1756431788830634030",
      "t" : 1756431788830,
      "tn" : 1756431788830634030,
      "q" : "710",
      "p" : "0.09300",
      "s" : "buy",
      "i" : "CTSIUSD-PERP",
      "m" : "4611686018430126916"
    }, {
      "d" : "1756431788564528998",
      "t" : 1756431788564,
      "tn" : 1756431788564528998,
      "q" : "660",
      "p" : "0.09300",
      "s" : "buy",
      "i" : "CTSIUSD-PERP",
      "m" : "4611686018430126915"
    }, {
      "d" : "1756431788504755260",
      "t" : 1756431788504,
      "tn" : 1756431788504755260,
      "q" : "200",
      "p" : "0.09300",
      "s" : "buy",
      "i" : "CTSIUSD-PERP",
      "m" : "4611686018430126914"
    }, {
      "d" : "1756431788382030292",
      "t" : 1756431788382,
      "tn" : 1756431788382030292,
      "q" : "2330",
      "p" : "0.09300",
      "s" : "buy",
      "i" : "CTSIUSD-PERP",
      "m" : "4611686018430126913"
    }, {
      "d" : "1756431788339857151",
      "t" : 1756431788339,
      "tn" : 1756431788339857151,
      "q" : "530",
      "p" : "0.09300",
      "s" : "buy",
      "i" : "CTSIUSD-PERP",
      "m" : "4611686018430126912"
    }, {
      "d" : "1756431788252569842",
      "t" : 1756431788252,
      "tn" : 1756431788252569842,
      "q" : "1060",
      "p" : "0.09300",
      "s" : "buy",
      "i" : "CTSIUSD-PERP",
      "m" : "4611686018430126911"
    }, {
      "d" : "1756429080176130444",
      "t" : 1756429080176,
      "tn" : 1756429080176130444,
      "q" : "790",
      "p" : "0.08898",
      "s" : "buy",
      "i" : "CTSIUSD-PERP",
      "m" : "4611686018430126910"
    }, {
      "d" : "1756428964137721224",
      "t" : 1756428964137,
      "tn" : 1756428964137721224,
      "q" : "1000",
      "p" : "0.08970",
      "s" : "buy",
      "i" : "CTSIUSD-PERP",
      "m" : "4611686018430126909"
    }, {
      "d" : "1756428622290550665",
      "t" : 1756428622290,
      "tn" : 1756428622290550665,
      "q" : "740",
      "p" : "0.08966",
      "s" : "buy",
      "i" : "CTSIUSD-PERP",
      "m" : "4611686018430126908"
    }, {
      "d" : "1756428543997599959",
      "t" : 1756428543997,
      "tn" : 1756428543997599959,
      "q" : "1110",
      "p" : "0.08926",
      "s" : "buy",
      "i" : "CTSIUSD-PERP",
      "m" : "4611686018430126907"
    }, {
      "d" : "1756428210992562197",
      "t" : 1756428210992,
      "tn" : 1756428210992562197,
      "q" : "400",
      "p" : "0.08998",
      "s" : "buy",
      "i" : "CTSIUSD-PERP",
      "m" : "4611686018430126906"
    }, {
      "d" : "1756428122504145242",
      "t" : 1756428122504,
      "tn" : 1756428122504145242,
      "q" : "310",
      "p" : "0.09026",
      "s" : "buy",
      "i" : "CTSIUSD-PERP",
      "m" : "4611686018430126905"
    }, {
      "d" : "1756428065794599009",
      "t" : 1756428065794,
      "tn" : 1756428065794599009,
      "q" : "1110",
      "p" : "0.08988",
      "s" : "buy",
      "i" : "CTSIUSD-PERP",
      "m" : "4611686018430126904"
    }, {
      "d" : "1756428065483365942",
      "t" : 1756428065483,
      "tn" : 1756428065483365942,
      "q" : "1110",
      "p" : "0.08988",
      "s" : "buy",
      "i" : "CTSIUSD-PERP",
      "m" : "4611686018430126903"
    }, {
      "d" : "1756428065173056578",
      "t" : 1756428065173,
      "tn" : 1756428065173056578,
      "q" : "1110",
      "p" : "0.08993",
      "s" : "buy",
      "i" : "CTSIUSD-PERP",
      "m" : "4611686018430126902"
    }, {
      "d" : "1756428064839005525",
      "t" : 1756428064839,
      "tn" : 1756428064839005525,
      "q" : "1100",
      "p" : "0.09006",
      "s" : "buy",
      "i" : "CTSIUSD-PERP",
      "m" : "4611686018430126901"
    }, {
      "d" : "1756428050241044732",
      "t" : 1756428050241,
      "tn" : 1756428050241044732,
      "q" : "1110",
      "p" : "0.08972",
      "s" : "buy",
      "i" : "CTSIUSD-PERP",
      "m" : "4611686018430126900"
    }, {
      "d" : "1756427895721296574",
      "t" : 1756427895721,
      "tn" : 1756427895721296574,
      "q" : "140",
      "p" : "0.08982",
      "s" : "buy",
      "i" : "CTSIUSD-PERP",
      "m" : "4611686018430126899"
    }, {
      "d" : "1756427881314735672",
      "t" : 1756427881314,
      "tn" : 1756427881314735672,
      "q" : "210",
      "p" : "0.08958",
      "s" : "buy",
      "i" : "CTSIUSD-PERP",
      "m" : "4611686018430126898"
    }, {
      "d" : "1756427714968191168",
      "t" : 1756427714968,
      "tn" : 1756427714968191168,
      "q" : "590",
      "p" : "0.08978",
      "s" : "buy",
      "i" : "CTSIUSD-PERP",
      "m" : "4611686018430126897"
    }, {
      "d" : "1756427292974009611",
      "t" : 1756427292974,
      "tn" : 1756427292974009611,
      "q" : "340",
      "p" : "0.08958",
      "s" : "buy",
      "i" : "CTSIUSD-PERP",
      "m" : "4611686018430126896"
    }, {
      "d" : "1756427281406102441",
      "t" : 1756427281406,
      "tn" : 1756427281406102441,
      "q" : "1110",
      "p" : "0.08928",
      "s" : "buy",
      "i" : "CTSIUSD-PERP",
      "m" : "4611686018430126895"
    }, {
      "d" : "1756427022813192272",
      "t" : 1756427022813,
      "tn" : 1756427022813192272,
      "q" : "1120",
      "p" : "0.08898",
      "s" : "buy",
      "i" : "CTSIUSD-PERP",
      "m" : "4611686018430126894"
    }, {
      "d" : "1756427022501852373",
      "t" : 1756427022501,
      "tn" : 1756427022501852373,
      "q" : "1120",
      "p" : "0.08900",
      "s" : "buy",
      "i" : "CTSIUSD-PERP",
      "m" : "4611686018430126893"
    }, {
      "d" : "1756426921412151521",
      "t" : 1756426921412,
      "tn" : 1756426921412151521,
      "q" : "1110",
      "p" : "0.08960",
      "s" : "buy",
      "i" : "CTSIUSD-PERP",
      "m" : "4611686018430126892"
    }, {
      "d" : "1756426921101669565",
      "t" : 1756426921101,
      "tn" : 1756426921101669565,
      "q" : "1110",
      "p" : "0.08960",
      "s" : "buy",
      "i" : "CTSIUSD-PERP",
      "m" : "4611686018430126891"
    }, {
      "d" : "1756426920791268123",
      "t" : 1756426920791,
      "tn" : 1756426920791268123,
      "q" : "1110",
      "p" : "0.08950",
      "s" : "buy",
      "i" : "CTSIUSD-PERP",
      "m" : "4611686018430126890"
    }, {
      "d" : "1756426786862141042",
      "t" : 1756426786862,
      "tn" : 1756426786862141042,
      "q" : "1110",
      "p" : "0.08940",
      "s" : "buy",
      "i" : "CTSIUSD-PERP",
      "m" : "4611686018430126889"
    }, {
      "d" : "1756426786549078953",
      "t" : 1756426786549,
      "tn" : 1756426786549078953,
      "q" : "1110",
      "p" : "0.08954",
      "s" : "buy",
      "i" : "CTSIUSD-PERP",
      "m" : "4611686018430126888"
    }, {
      "d" : "1756426526150787043",
      "t" : 1756426526150,
      "tn" : 1756426526150787043,
      "q" : "1110",
      "p" : "0.08992",
      "s" : "buy",
      "i" : "CTSIUSD-PERP",
      "m" : "4611686018430126887"
    }, {
      "d" : "1756426525835291239",
      "t" : 1756426525835,
      "tn" : 1756426525835291239,
      "q" : "1110",
      "p" : "0.08982",
      "s" : "buy",
      "i" : "CTSIUSD-PERP",
      "m" : "4611686018430126886"
    }, {
      "d" : "1756426523243936120",
      "t" : 1756426523243,
      "tn" : 1756426523243936120,
      "q" : "1100",
      "p" : "0.09003",
      "s" : "buy",
      "i" : "CTSIUSD-PERP",
      "m" : "4611686018430126885"
    }, {
      "d" : "1756426343794248111",
      "t" : 1756426343794,
      "tn" : 1756426343794248111,
      "q" : "1100",
      "p" : "0.09027",
      "s" : "buy",
      "i" : "CTSIUSD-PERP",
      "m" : "4611686018430126884"
    }, {
      "d" : "1756426179704124999",
      "t" : 1756426179704,
      "tn" : 1756426179704124999,
      "q" : "1110",
      "p" : "0.08980",
      "s" : "buy",
      "i" : "CTSIUSD-PERP",
      "m" : "4611686018430126883"
    }, {
      "d" : "1756426179393629548",
      "t" : 1756426179393,
      "tn" : 1756426179393629548,
      "q" : "1110",
      "p" : "0.08980",
      "s" : "buy",
      "i" : "CTSIUSD-PERP",
      "m" : "4611686018430126882"
    }, {
      "d" : "1756426179083211799",
      "t" : 1756426179083,
      "tn" : 1756426179083211799,
      "q" : "1110",
      "p" : "0.08983",
      "s" : "buy",
      "i" : "CTSIUSD-PERP",
      "m" : "4611686018430126881"
    }, {
      "d" : "1756426154847804377",
      "t" : 1756426154847,
      "tn" : 1756426154847804377,
      "q" : "540",
      "p" : "0.09068",
      "s" : "buy",
      "i" : "CTSIUSD-PERP",
      "m" : "4611686018430126880"
    }, {
      "d" : "1756426154738220347",
      "t" : 1756426154738,
      "tn" : 1756426154738220347,
      "q" : "2200",
      "p" : "0.09070",
      "s" : "buy",
      "i" : "CTSIUSD-PERP",
      "m" : "4611686018430126879"
    }, {
      "d" : "1756426154035939739",
      "t" : 1756426154035,
      "tn" : 1756426154035939739,
      "q" : "2200",
      "p" : "0.09070",
      "s" : "buy",
      "i" : "CTSIUSD-PERP",
      "m" : "4611686018430126878"
    }, {
      "d" : "1756426153925738538",
      "t" : 1756426153925,
      "tn" : 1756426153925738538,
      "q" : "2200",
      "p" : "0.09070",
      "s" : "buy",
      "i" : "CTSIUSD-PERP",
      "m" : "4611686018430126877"
    }, {
      "d" : "1756426153815436511",
      "t" : 1756426153815,
      "tn" : 1756426153815436511,
      "q" : "2200",
      "p" : "0.09070",
      "s" : "buy",
      "i" : "CTSIUSD-PERP",
      "m" : "4611686018430126876"
    }, {
      "d" : "1756426153705303879",
      "t" : 1756426153705,
      "tn" : 1756426153705303879,
      "q" : "2200",
      "p" : "0.09070",
      "s" : "buy",
      "i" : "CTSIUSD-PERP",
      "m" : "4611686018430126875"
    }, {
      "d" : "1756426153601061910",
      "t" : 1756426153601,
      "tn" : 1756426153601061909,
      "q" : "1100",
      "p" : "0.09060",
      "s" : "buy",
      "i" : "CTSIUSD-PERP",
      "m" : "4611686018430126874"
    }, {
      "d" : "1756426153601061909",
      "t" : 1756426153601,
      "tn" : 1756426153601061909,
      "q" : "2200",
      "p" : "0.09060",
      "s" : "buy",
      "i" : "CTSIUSD-PERP",
      "m" : "4611686018430126874"
    }, {
      "d" : "1756426153575873398",
      "t" : 1756426153575,
      "tn" : 1756426153575873398,
      "q" : "550",
      "p" : "0.09054",
      "s" : "buy",
      "i" : "CTSIUSD-PERP",
      "m" : "4611686018430126873"
    }, {
      "d" : "1756426152403114880",
      "t" : 1756426152403,
      "tn" : 1756426152403114880,
      "q" : "550",
      "p" : "0.09054",
      "s" : "buy",
      "i" : "CTSIUSD-PERP",
      "m" : "4611686018430126872"
    }, {
      "d" : "1756426140432739232",
      "t" : 1756426140432,
      "tn" : 1756426140432739232,
      "q" : "550",
      "p" : "0.09058",
      "s" : "buy",
      "i" : "CTSIUSD-PERP",
      "m" : "4611686018430126871"
    }, {
      "d" : "1756426136203314231",
      "t" : 1756426136203,
      "tn" : 1756426136203314231,
      "q" : "1100",
      "p" : "0.09050",
      "s" : "buy",
      "i" : "CTSIUSD-PERP",
      "m" : "4611686018430126870"
    }, {
      "d" : "1756426136192720530",
      "t" : 1756426136192,
      "tn" : 1756426136192720530,
      "q" : "550",
      "p" : "0.09046",
      "s" : "buy",
      "i" : "CTSIUSD-PERP",
      "m" : "4611686018430126869"
    }, {
      "d" : "1756426135668893062",
      "t" : 1756426135668,
      "tn" : 1756426135668893062,
      "q" : "2210",
      "p" : "0.09040",
      "s" : "buy",
      "i" : "CTSIUSD-PERP",
      "m" : "4611686018430126868"
    }, {
      "d" : "1756426135444500699",
      "t" : 1756426135444,
      "tn" : 1756426135444500699,
      "q" : "1110",
      "p" : "0.09004",
      "s" : "buy",
      "i" : "CTSIUSD-PERP",
      "m" : "4611686018430126867"
    }, {
      "d" : "1756426135421699308",
      "t" : 1756426135421,
      "tn" : 1756426135421699308,
      "q" : "2210",
      "p" : "0.09030",
      "s" : "buy",
      "i" : "CTSIUSD-PERP",
      "m" : "4611686018430126866"
    }, {
      "d" : "1756426135254618223",
      "t" : 1756426135254,
      "tn" : 1756426135254618223,
      "q" : "2210",
      "p" : "0.09020",
      "s" : "buy",
      "i" : "CTSIUSD-PERP",
      "m" : "4611686018430126865"
    }, {
      "d" : "1756426135201979559",
      "t" : 1756426135201,
      "tn" : 1756426135201979559,
      "q" : "550",
      "p" : "0.09014",
      "s" : "buy",
      "i" : "CTSIUSD-PERP",
      "m" : "4611686018430126864"
    }, {
      "d" : "1756426135137679694",
      "t" : 1756426135137,
      "tn" : 1756426135137679694,
      "q" : "2210",
      "p" : "0.09010",
      "s" : "buy",
      "i" : "CTSIUSD-PERP",
      "m" : "4611686018430126863"
    }, {
      "d" : "1756426135073074276",
      "t" : 1756426135073,
      "tn" : 1756426135073074276,
      "q" : "510",
      "p" : "0.09064",
      "s" : "sell",
      "i" : "CTSIUSD-PERP",
      "m" : "4611686018430126862"
    }, {
      "d" : "1756426135035336739",
      "t" : 1756426135035,
      "tn" : 1756426135035336739,
      "q" : "5660",
      "p" : "0.09064",
      "s" : "sell",
      "i" : "CTSIUSD-PERP",
      "m" : "4611686018430126861"
    }, {
      "d" : "1756426135032524979",
      "t" : 1756426135032,
      "tn" : 1756426135032524979,
      "q" : "10950",
      "p" : "0.09064",
      "s" : "sell",
      "i" : "CTSIUSD-PERP",
      "m" : "4611686018430126860"
    }, {
      "d" : "1756426135030169866",
      "t" : 1756426135030,
      "tn" : 1756426135030169866,
      "q" : "10920",
      "p" : "0.09064",
      "s" : "sell",
      "i" : "CTSIUSD-PERP",
      "m" : "4611686018430126859"
    }, {
      "d" : "1756426135028484487",
      "t" : 1756426135028,
      "tn" : 1756426135028484487,
      "q" : "1100",
      "p" : "0.09064",
      "s" : "sell",
      "i" : "CTSIUSD-PERP",
      "m" : "4611686018430126858"
    }, {
      "d" : "1756426135021087182",
      "t" : 1756426135021,
      "tn" : 1756426135021087182,
      "q" : "2210",
      "p" : "0.09064",
      "s" : "sell",
      "i" : "CTSIUSD-PERP",
      "m" : "4611686018430126857"
    }, {
      "d" : "1756426135018877028",
      "t" : 1756426135018,
      "tn" : 1756426135018877028,
      "q" : "18100",
      "p" : "0.09064",
      "s" : "sell",
      "i" : "CTSIUSD-PERP",
      "m" : "4611686018430126856"
    }, {
      "d" : "1756426132104080418",
      "t" : 1756426132104,
      "tn" : 1756426132104080418,
      "q" : "550",
      "p" : "0.09064",
      "s" : "buy",
      "i" : "CTSIUSD-PERP",
      "m" : "4611686018430126855"
    }, {
      "d" : "1756422642688988707",
      "t" : 1756422642688,
      "tn" : 1756422642688988707,
      "q" : "5500",
      "p" : "0.09175",
      "s" : "buy",
      "i" : "CTSIUSD-PERP",
      "m" : "4611686018430126854"
    }, {
      "d" : "1756422642688986813",
      "t" : 1756422642688,
      "tn" : 1756422642688986813,
      "q" : "8220",
      "p" : "0.09174",
      "s" : "buy",
      "i" : "CTSIUSD-PERP",
      "m" : "4611686018430126853"
    }, {
      "d" : "1756422642688983757",
      "t" : 1756422642688,
      "tn" : 1756422642688983757,
      "q" : "1090",
      "p" : "0.09164",
      "s" : "buy",
      "i" : "CTSIUSD-PERP",
      "m" : "4611686018430126852"
    }, {
      "d" : "1756422642688982073",
      "t" : 1756422642688,
      "tn" : 1756422642688982073,
      "q" : "10",
      "p" : "0.09157",
      "s" : "buy",
      "i" : "CTSIUSD-PERP",
      "m" : "4611686018430126851"
    }, {
      "d" : "1756422164652824326",
      "t" : 1756422164652,
      "tn" : 1756422164652824326,
      "q" : "1090",
      "p" : "0.09138",
      "s" : "buy",
      "i" : "CTSIUSD-PERP",
      "m" : "4611686018430126850"
    }, {
      "d" : "1756422164342158124",
      "t" : 1756422164342,
      "tn" : 1756422164342158124,
      "q" : "1090",
      "p" : "0.09136",
      "s" : "buy",
      "i" : "CTSIUSD-PERP",
      "m" : "4611686018430126849"
    }, {
      "d" : "1756422145707971381",
      "t" : 1756422145707,
      "tn" : 1756422145707971381,
      "q" : "1090",
      "p" : "0.09132",
      "s" : "buy",
      "i" : "CTSIUSD-PERP",
      "m" : "4611686018430126848"
    }, {
      "d" : "1756420263416854077",
      "t" : 1756420263416,
      "tn" : 1756420263416854077,
      "q" : "1020",
      "p" : "0.09326",
      "s" : "buy",
      "i" : "CTSIUSD-PERP",
      "m" : "4611686018430126847"
    }, {
      "d" : "1756420262882929566",
      "t" : 1756420262882,
      "tn" : 1756420262882929566,
      "q" : "530",
      "p" : "0.09268",
      "s" : "sell",
      "i" : "CTSIUSD-PERP",
      "m" : "4611686018430126846"
    }, {
      "d" : "1756420262882927942",
      "t" : 1756420262882,
      "tn" : 1756420262882927942,
      "q" : "530",
      "p" : "0.09270",
      "s" : "sell",
      "i" : "CTSIUSD-PERP",
      "m" : "4611686018430126845"
    }, {
      "d" : "1756420262882926265",
      "t" : 1756420262882,
      "tn" : 1756420262882926265,
      "q" : "10",
      "p" : "0.09350",
      "s" : "sell",
      "i" : "CTSIUSD-PERP",
      "m" : "4611686018430126844"
    }, {
      "d" : "1756420236254999100",
      "t" : 1756420236254,
      "tn" : 1756420236254999100,
      "q" : "1070",
      "p" : "0.09288",
      "s" : "buy",
      "i" : "CTSIUSD-PERP",
      "m" : "4611686018430126843"
    }, {
      "d" : "1756420236254998441",
      "t" : 1756420236254,
      "tn" : 1756420236254998441,
      "q" : "10",
      "p" : "0.09287",
      "s" : "buy",
      "i" : "CTSIUSD-PERP",
      "m" : "4611686018430126842"
    }, {
      "d" : "1756410093226516794",
      "t" : 1756410093226,
      "tn" : 1756410093226516794,
      "q" : "10",
      "p" : "0.09225",
      "s" : "buy",
      "i" : "CTSIUSD-PERP",
      "m" : "4611686018430126841"
    }, {
      "d" : "1756409796914053538",
      "t" : 1756409796914,
      "tn" : 1756409796914053538,
      "q" : "10",
      "p" : "0.09236",
      "s" : "buy",
      "i" : "CTSIUSD-PERP",
      "m" : "4611686018430126840"
    }, {
      "d" : "1756409517448548833",
      "t" : 1756409517448,
      "tn" : 1756409517448548833,
      "q" : "10",
      "p" : "0.09225",
      "s" : "buy",
      "i" : "CTSIUSD-PERP",
      "m" : "4611686018430126839"
    }, {
      "d" : "1756409280530286350",
      "t" : 1756409280530,
      "tn" : 1756409280530286350,
      "q" : "10",
      "p" : "0.09235",
      "s" : "buy",
      "i" : "CTSIUSD-PERP",
      "m" : "4611686018430126838"
    }, {
      "d" : "1756409154370031759",
      "t" : 1756409154370,
      "tn" : 1756409154370031759,
      "q" : "10",
      "p" : "0.09266",
      "s" : "buy",
      "i" : "CTSIUSD-PERP",
      "m" : "4611686018430126837"
    }, {
      "d" : "1756409104344129046",
      "t" : 1756409104344,
      "tn" : 1756409104344129046,
      "q" : "10",
      "p" : "0.09286",
      "s" : "buy",
      "i" : "CTSIUSD-PERP",
      "m" : "4611686018430126836"
    }, {
      "d" : "1756409103430862664",
      "t" : 1756409103430,
      "tn" : 1756409103430862664,
      "q" : "10",
      "p" : "0.09286",
      "s" : "buy",
      "i" : "CTSIUSD-PERP",
      "m" : "4611686018430126835"
    }, {
      "d" : "1756409103139617259",
      "t" : 1756409103139,
      "tn" : 1756409103139617259,
      "q" : "10",
      "p" : "0.09286",
      "s" : "buy",
      "i" : "CTSIUSD-PERP",
      "m" : "4611686018430126834"
    }, {
      "d" : "1756409100566727305",
      "t" : 1756409100566,
      "tn" : 1756409100566727305,
      "q" : "10",
      "p" : "0.09296",
      "s" : "buy",
      "i" : "CTSIUSD-PERP",
      "m" : "4611686018430126833"
    }, {
      "d" : "1756409092680830034",
      "t" : 1756409092680,
      "tn" : 1756409092680830034,
      "q" : "10",
      "p" : "0.09295",
      "s" : "buy",
      "i" : "CTSIUSD-PERP",
      "m" : "4611686018430126832"
    }, {
      "d" : "1756409081690133504",
      "t" : 1756409081690,
      "tn" : 1756409081690133504,
      "q" : "10",
      "p" : "0.09305",
      "s" : "buy",
      "i" : "CTSIUSD-PERP",
      "m" : "4611686018430126831"
    }, {
      "d" : "1756409070490372524",
      "t" : 1756409070490,
      "tn" : 1756409070490372524,
      "q" : "10",
      "p" : "0.09287",
      "s" : "buy",
      "i" : "CTSIUSD-PERP",
      "m" : "4611686018430126830"
    }, {
      "d" : "1756409040622213795",
      "t" : 1756409040622,
      "tn" : 1756409040622213795,
      "q" : "10",
      "p" : "0.09295",
      "s" : "buy",
      "i" : "CTSIUSD-PERP",
      "m" : "4611686018430126829"
    }, {
      "d" : "1756408997230342140",
      "t" : 1756408997230,
      "tn" : 1756408997230342140,
      "q" : "10",
      "p" : "0.09295",
      "s" : "buy",
      "i" : "CTSIUSD-PERP",
      "m" : "4611686018430126828"
    }, {
      "d" : "1756408984616300719",
      "t" : 1756408984616,
      "tn" : 1756408984616300719,
      "q" : "10",
      "p" : "0.09305",
      "s" : "buy",
      "i" : "CTSIUSD-PERP",
      "m" : "4611686018430126827"
    }, {
      "d" : "1756408982417962888",
      "t" : 1756408982417,
      "tn" : 1756408982417962888,
      "q" : "10",
      "p" : "0.09295",
      "s" : "buy",
      "i" : "CTSIUSD-PERP",
      "m" : "4611686018430126826"
    }, {
      "d" : "1756408876033461401",
      "t" : 1756408876033,
      "tn" : 1756408876033461401,
      "q" : "10",
      "p" : "0.09355",
      "s" : "buy",
      "i" : "CTSIUSD-PERP",
      "m" : "4611686018430126825"
    }, {
      "d" : "1756408875663986716",
      "t" : 1756408875663,
      "tn" : 1756408875663986716,
      "q" : "10",
      "p" : "0.09355",
      "s" : "buy",
      "i" : "CTSIUSD-PERP",
      "m" : "4611686018430126824"
    }, {
      "d" : "1756408866436083147",
      "t" : 1756408866436,
      "tn" : 1756408866436083147,
      "q" : "10",
      "p" : "0.09365",
      "s" : "buy",
      "i" : "CTSIUSD-PERP",
      "m" : "4611686018430126823"
    }, {
      "d" : "1756408815009710344",
      "t" : 1756408815009,
      "tn" : 1756408815009710344,
      "q" : "10",
      "p" : "0.09385",
      "s" : "buy",
      "i" : "CTSIUSD-PERP",
      "m" : "4611686018430126822"
    }, {
      "d" : "1756408810516525567",
      "t" : 1756408810516,
      "tn" : 1756408810516525567,
      "q" : "10",
      "p" : "0.09385",
      "s" : "buy",
      "i" : "CTSIUSD-PERP",
      "m" : "4611686018430126821"
    }, {
      "d" : "1756408802099616695",
      "t" : 1756408802099,
      "tn" : 1756408802099616695,
      "q" : "10",
      "p" : "0.09375",
      "s" : "buy",
      "i" : "CTSIUSD-PERP",
      "m" : "4611686018430126820"
    }, {
      "d" : "1756408795889237359",
      "t" : 1756408795889,
      "tn" : 1756408795889237359,
      "q" : "10",
      "p" : "0.09365",
      "s" : "buy",
      "i" : "CTSIUSD-PERP",
      "m" : "4611686018430126819"
    }, {
      "d" : "1756408794932604448",
      "t" : 1756408794932,
      "tn" : 1756408794932604448,
      "q" : "10",
      "p" : "0.09365",
      "s" : "buy",
      "i" : "CTSIUSD-PERP",
      "m" : "4611686018430126818"
    }, {
      "d" : "1756408778791331601",
      "t" : 1756408778791,
      "tn" : 1756408778791331601,
      "q" : "10",
      "p" : "0.09365",
      "s" : "buy",
      "i" : "CTSIUSD-PERP",
      "m" : "4611686018430126817"
    }, {
      "d" : "1756408767891023402",
      "t" : 1756408767891,
      "tn" : 1756408767891023402,
      "q" : "10",
      "p" : "0.09365",
      "s" : "buy",
      "i" : "CTSIUSD-PERP",
      "m" : "4611686018430126816"
    }, {
      "d" : "1756408763854397371",
      "t" : 1756408763854,
      "tn" : 1756408763854397371,
      "q" : "10",
      "p" : "0.09365",
      "s" : "buy",
      "i" : "CTSIUSD-PERP",
      "m" : "4611686018430126815"
    }, {
      "d" : "1756408763159490305",
      "t" : 1756408763159,
      "tn" : 1756408763159490305,
      "q" : "10",
      "p" : "0.09365",
      "s" : "buy",
      "i" : "CTSIUSD-PERP",
      "m" : "4611686018430126814"
    }, {
      "d" : "1756408762665543984",
      "t" : 1756408762665,
      "tn" : 1756408762665543984,
      "q" : "10",
      "p" : "0.09365",
      "s" : "buy",
      "i" : "CTSIUSD-PERP",
      "m" : "4611686018430126813"
    }, {
      "d" : "1756408760621923217",
      "t" : 1756408760621,
      "tn" : 1756408760621923217,
      "q" : "10",
      "p" : "0.09355",
      "s" : "buy",
      "i" : "CTSIUSD-PERP",
      "m" : "4611686018430126812"
    }, {
      "d" : "1756408743546341323",
      "t" : 1756408743546,
      "tn" : 1756408743546341323,
      "q" : "10",
      "p" : "0.09345",
      "s" : "buy",
      "i" : "CTSIUSD-PERP",
      "m" : "4611686018430126811"
    }, {
      "d" : "1756408742650645665",
      "t" : 1756408742650,
      "tn" : 1756408742650645665,
      "q" : "10",
      "p" : "0.09345",
      "s" : "buy",
      "i" : "CTSIUSD-PERP",
      "m" : "4611686018430126810"
    }, {
      "d" : "1756408742357904230",
      "t" : 1756408742357,
      "tn" : 1756408742357904230,
      "q" : "10",
      "p" : "0.09345",
      "s" : "buy",
      "i" : "CTSIUSD-PERP",
      "m" : "4611686018430126809"
    }, {
      "d" : "1756408740023831462",
      "t" : 1756408740023,
      "tn" : 1756408740023831462,
      "q" : "10",
      "p" : "0.09335",
      "s" : "buy",
      "i" : "CTSIUSD-PERP",
      "m" : "4611686018430126808"
    }, {
      "d" : "1756408739011028223",
      "t" : 1756408739011,
      "tn" : 1756408739011028223,
      "q" : "10",
      "p" : "0.09335",
      "s" : "buy",
      "i" : "CTSIUSD-PERP",
      "m" : "4611686018430126807"
    }, {
      "d" : "1756408738515864811",
      "t" : 1756408738515,
      "tn" : 1756408738515864811,
      "q" : "10",
      "p" : "0.09335",
      "s" : "buy",
      "i" : "CTSIUSD-PERP",
      "m" : "4611686018430126806"
    }, {
      "d" : "1756408737834344911",
      "t" : 1756408737834,
      "tn" : 1756408737834344911,
      "q" : "10",
      "p" : "0.09335",
      "s" : "buy",
      "i" : "CTSIUSD-PERP",
      "m" : "4611686018430126805"
    }, {
      "d" : "1756408735626197198",
      "t" : 1756408735626,
      "tn" : 1756408735626197198,
      "q" : "10",
      "p" : "0.09335",
      "s" : "buy",
      "i" : "CTSIUSD-PERP",
      "m" : "4611686018430126804"
    }, {
      "d" : "1756408734637950658",
      "t" : 1756408734637,
      "tn" : 1756408734637950658,
      "q" : "10",
      "p" : "0.09335",
      "s" : "buy",
      "i" : "CTSIUSD-PERP",
      "m" : "4611686018430126803"
    }, {
      "d" : "1756408723136556223",
      "t" : 1756408723136,
      "tn" : 1756408723136556223,
      "q" : "10",
      "p" : "0.09316",
      "s" : "buy",
      "i" : "CTSIUSD-PERP",
      "m" : "4611686018430126802"
    }, {
      "d" : "1756408686399692975",
      "t" : 1756408686399,
      "tn" : 1756408686399692975,
      "q" : "10",
      "p" : "0.09315",
      "s" : "buy",
      "i" : "CTSIUSD-PERP",
      "m" : "4611686018430126801"
    }, {
      "d" : "1756408685559900716",
      "t" : 1756408685559,
      "tn" : 1756408685559900716,
      "q" : "10",
      "p" : "0.09315",
      "s" : "buy",
      "i" : "CTSIUSD-PERP",
      "m" : "4611686018430126800"
    }, {
      "d" : "1756408685223908413",
      "t" : 1756408685223,
      "tn" : 1756408685223908413,
      "q" : "10",
      "p" : "0.09314",
      "s" : "buy",
      "i" : "CTSIUSD-PERP",
      "m" : "4611686018430126799"
    }, {
      "d" : "1756408684215706656",
      "t" : 1756408684215,
      "tn" : 1756408684215706656,
      "q" : "10",
      "p" : "0.09314",
      "s" : "buy",
      "i" : "CTSIUSD-PERP",
      "m" : "4611686018430126798"
    }, {
      "d" : "1756408683978556599",
      "t" : 1756408683978,
      "tn" : 1756408683978556599,
      "q" : "10",
      "p" : "0.09314",
      "s" : "buy",
      "i" : "CTSIUSD-PERP",
      "m" : "4611686018430126797"
    }, {
      "d" : "1756408680501177453",
      "t" : 1756408680501,
      "tn" : 1756408680501177453,
      "q" : "10",
      "p" : "0.09334",
      "s" : "buy",
      "i" : "CTSIUSD-PERP",
      "m" : "4611686018430126796"
    }, {
      "d" : "1756408671763301225",
      "t" : 1756408671763,
      "tn" : 1756408671763301225,
      "q" : "10",
      "p" : "0.09354",
      "s" : "buy",
      "i" : "CTSIUSD-PERP",
      "m" : "4611686018430126795"
    }, {
      "d" : "1756408666879225988",
      "t" : 1756408666879,
      "tn" : 1756408666879225988,
      "q" : "10",
      "p" : "0.09364",
      "s" : "buy",
      "i" : "CTSIUSD-PERP",
      "m" : "4611686018430126794"
    }, {
      "d" : "1756408666031451337",
      "t" : 1756408666031,
      "tn" : 1756408666031451337,
      "q" : "10",
      "p" : "0.09364",
      "s" : "buy",
      "i" : "CTSIUSD-PERP",
      "m" : "4611686018430126793"
    } ]
  }
}