{
  "id" : -1,
  "method" : "public/get-trades",
  "code" : 0,
  "result" : {
    "data" : [ {
      "d" : "1756455063167036209",
      "t" : 1756455063167,
      "tn" : 1756455063167036209,
      "q" : "21.63",
      "p" : "3.3351",
      "s" : "sell",
      "i" : "CVX_USD",
      "m" : "4611686018430230196"
    }, {
      "d" : "1756455063167033894",
      "t" : 1756455063167,
      "tn" : 1756455063167033894,
      "q" : "0.34",
      "p" : "3.3355",
      "s" : "sell",
      "i" : "CVX_USD",
      "m" : "4611686018430230195"
    }, {
      "d" : "1756452259556857011",
      "t" : 1756452259556,
      "tn" : 1756452259556857010,
      "q" : "1.87",
      "p" : "3.3699",
      "s" : "sell",
      "i" : "CVX_USD",
      "m" : "4611686018430230194"
    }, {
      "d" : "1756452259556857010",
      "t" : 1756452259556,
      "tn" : 1756452259556857010,
      "q" : "21.29",
      "p" : "3.3699",
      "s" : "sell",
      "i" : "CVX_USD",
      "m" : "4611686018430230194"
    }, {
      "d" : "1756450897114251248",
      "t" : 1756450897114,
      "tn" : 1756450897114251248,
      "q" : "18.88",
      "p" : "3.4052",
      "s" : "sell",
      "i" : "CVX_USD",
      "m" : "4611686018430230193"
    }, {
      "d" : "1756449786986884545",
      "t" : 1756449786986,
      "tn" : 1756449786986884545,
      "q" : "232.51",
      "p" : "3.4343",
      "s" : "buy",
      "i" : "CVX_USD",
      "m" : "4611686018430230192"
    }, {
      "d" : "1756449786986879092",
      "t" : 1756449786986,
      "tn" : 1756449786986879092,
      "q" : "257.41",
      "p" : "3.4321",
      "s" : "buy",
      "i" : "CVX_USD",
      "m" : "4611686018430230191"
    }, {
      "d" : "1756449786986876668",
      "t" : 1756449786986,
      "tn" : 1756449786986876668,
      "q" : "138.48",
      "p" : "3.4319",
      "s" : "buy",
      "i" : "CVX_USD",
      "m" : "4611686018430230190"
    }, {
      "d" : "1756449786986873955",
      "t" : 1756449786986,
      "tn" : 1756449786986873955,
      "q" : "0.34",
      "p" : "3.4287",
      "s" : "buy",
      "i" : "CVX_USD",
      "m" : "4611686018430230189"
    }, {
      "d" : "1756434833337181600",
      "t" : 1756434833337,
      "tn" : 1756434833337181600,
      "q" : "86.02",
      "p" : "3.4715",
      "s" : "sell",
      "i" : "CVX_USD",
      "m" : "4611686018430230188"
    }, {
      "d" : "1756434833337178653",
      "t" : 1756434833337,
      "tn" : 1756434833337178653,
      "q" : "0.34",
      "p" : "3.4801",
      "s" : "sell",
      "i" : "CVX_USD",
      "m" : "4611686018430230187"
    }, {
      "d" : "1756430458552728264",
      "t" : 1756430458552,
      "tn" : 1756430458552728264,
      "q" : "16.40",
      "p" : "3.4480",
      "s" : "sell",
      "i" : "CVX_USD",
      "m" : "4611686018430230186"
    }, {
      "d" : "1756420152637766327",
      "t" : 1756420152637,
      "tn" : 1756420152637766326,
      "q" : "20.35",
      "p" : "3.5258",
      "s" : "buy",
      "i" : "CVX_USD",
      "m" : "4611686018430230185"
    }, {
      "d" : "1756420152637766326",
      "t" : 1756420152637,
      "tn" : 1756420152637766326,
      "q" : "4.98",
      "p" : "3.5258",
      "s" : "buy",
      "i" : "CVX_USD",
      "m" : "4611686018430230185"
    }, {
      "d" : "1756420152637674479",
      "t" : 1756420152637,
      "tn" : 1756420152637674478,
      "q" : "13.25",
      "p" : "3.5258",
      "s" : "buy",
      "i" : "CVX_USD",
      "m" : "4611686018430230184"
    }, {
      "d" : "1756420152637674478",
      "t" : 1756420152637,
      "tn" : 1756420152637674478,
      "q" : "16.04",
      "p" : "3.5258",
      "s" : "buy",
      "i" : "CVX_USD",
      "m" : "4611686018430230184"
    }, {
      "d" : "1756420152635022445",
      "t" : 1756420152635,
      "tn" : 1756420152635022445,
      "q" : "0.34",
      "p" : "3.5154",
      "s" : "buy",
      "i" : "CVX_USD",
      "m" : "4611686018430230183"
    }, {
      "d" : "1756418010307624242",
      "t" : 1756418010307,
      "tn" : 1756418010307624242,
      "q" : "143.22",
      "p" : "3.4911",
      "s" : "sell",
      "i" : "CVX_USD",
      "m" : "4611686018430230182"
    }, {
      "d" : "1756418010202553536",
      "t" : 1756418010202,
      "tn" : 1756418010202553536,
      "q" : "17.05",
      "p" : "3.4911",
      "s" : "sell",
      "i" : "CVX_USD",
      "m" : "4611686018430230181"
    }, {
      "d" : "1756418010200394227",
      "t" : 1756418010200,
      "tn" : 1756418010200394227,
      "q" : "81.51",
      "p" : "3.4911",
      "s" : "sell",
      "i" : "CVX_USD",
      "m" : "4611686018430230180"
    }, {
      "d" : "1756418010172381370",
      "t" : 1756418010172,
      "tn" : 1756418010172381370,
      "q" : "143.22",
      "p" : "3.4911",
      "s" : "sell",
      "i" : "CVX_USD",
      "m" : "4611686018430230179"
    }, {
      "d" : "1756418010131213103",
      "t" : 1756418010131,
      "tn" : 1756418010131213103,
      "q" : "85.93",
      "p" : "3.4911",
      "s" : "sell",
      "i" : "CVX_USD",
      "m" : "4611686018430230178"
    }, {
      "d" : "1756418010118472774",
      "t" : 1756418010118,
      "tn" : 1756418010118472774,
      "q" : "143.22",
      "p" : "3.4911",
      "s" : "sell",
      "i" : "CVX_USD",
      "m" : "4611686018430230177"
    }, {
      "d" : "1756418010101491470",
      "t" : 1756418010101,
      "tn" : 1756418010101491470,
      "q" : "30.64",
      "p" : "3.4911",
      "s" : "sell",
      "i" : "CVX_USD",
      "m" : "4611686018430230176"
    }, {
      "d" : "1756418010083865685",
      "t" : 1756418010083,
      "tn" : 1756418010083865685,
      "q" : "199.95",
      "p" : "3.4911",
      "s" : "buy",
      "i" : "CVX_USD",
      "m" : "4611686018430230175"
    }, {
      "d" : "1756418003969923870",
      "t" : 1756418003969,
      "tn" : 1756418003969923870,
      "q" : "0.34",
      "p" : "3.4838",
      "s" : "buy",
      "i" : "CVX_USD",
      "m" : "4611686018430230174"
    }, {
      "d" : "1756417998041254457",
      "t" : 1756417998041,
      "tn" : 1756417998041254457,
      "q" : "0.34",
      "p" : "3.4843",
      "s" : "buy",
      "i" : "CVX_USD",
      "m" : "4611686018430230173"
    }, {
      "d" : "1756414262132653178",
      "t" : 1756414262132,
      "tn" : 1756414262132653178,
      "q" : "8.66",
      "p" : "3.4720",
      "s" : "buy",
      "i" : "CVX_USD",
      "m" : "4611686018430230172"
    }, {
      "d" : "1756414262132651017",
      "t" : 1756414262132,
      "tn" : 1756414262132651017,
      "q" : "0.34",
      "p" : "3.4643",
      "s" : "buy",
      "i" : "CVX_USD",
      "m" : "4611686018430230171"
    }, {
      "d" : "1756411202623864676",
      "t" : 1756411202623,
      "tn" : 1756411202623864676,
      "q" : "1.40",
      "p" : "3.4369",
      "s" : "sell",
      "i" : "CVX_USD",
      "m" : "4611686018430230170"
    }, {
      "d" : "1756410232139450757",
      "t" : 1756410232139,
      "tn" : 1756410232139450756,
      "q" : "16.16",
      "p" : "3.4369",
      "s" : "sell",
      "i" : "CVX_USD",
      "m" : "4611686018430230169"
    }, {
      "d" : "1756410232139450756",
      "t" : 1756410232139,
      "tn" : 1756410232139450756,
      "q" : "7.12",
      "p" : "3.4369",
      "s" : "sell",
      "i" : "CVX_USD",
      "m" : "4611686018430230169"
    }, {
      "d" : "1756410232124451093",
      "t" : 1756410232124,
      "tn" : 1756410232124451093,
      "q" : "13.23",
      "p" : "3.4369",
      "s" : "sell",
      "i" : "CVX_USD",
      "m" : "4611686018430230168"
    }, {
      "d" : "1756410215584386763",
      "t" : 1756410215584,
      "tn" : 1756410215584386763,
      "q" : "8.53",
      "p" : "3.4375",
      "s" : "sell",
      "i" : "CVX_USD",
      "m" : "4611686018430230167"
    }, {
      "d" : "1756410215570455624",
      "t" : 1756410215570,
      "tn" : 1756410215570455624,
      "q" : "0.34",
      "p" : "3.4392",
      "s" : "sell",
      "i" : "CVX_USD",
      "m" : "4611686018430230166"
    }, {
      "d" : "1756410215570453243",
      "t" : 1756410215570,
      "tn" : 1756410215570453243,
      "q" : "1.50",
      "p" : "3.4724",
      "s" : "sell",
      "i" : "CVX_USD",
      "m" : "4611686018430230165"
    }, {
      "d" : "1756410115937964359",
      "t" : 1756410115937,
      "tn" : 1756410115937964359,
      "q" : "1.26",
      "p" : "3.4724",
      "s" : "sell",
      "i" : "CVX_USD",
      "m" : "4611686018430230164"
    }, {
      "d" : "1756410015359190615",
      "t" : 1756410015359,
      "tn" : 1756410015359190615,
      "q" : "1.50",
      "p" : "3.4724",
      "s" : "sell",
      "i" : "CVX_USD",
      "m" : "4611686018430230163"
    }, {
      "d" : "1756407901785122137",
      "t" : 1756407901785,
      "tn" : 1756407901785122137,
      "q" : "7.66",
      "p" : "3.5121",
      "s" : "buy",
      "i" : "CVX_USD",
      "m" : "4611686018430230162"
    }, {
      "d" : "1756407901785120072",
      "t" : 1756407901785,
      "tn" : 1756407901785120072,
      "q" : "0.34",
      "p" : "3.5048",
      "s" : "buy",
      "i" : "CVX_USD",
      "m" : "4611686018430230161"
    }, {
      "d" : "1756400730132931980",
      "t" : 1756400730132,
      "tn" : 1756400730132931980,
      "q" : "7.83",
      "p" : "3.5073",
      "s" : "sell",
      "i" : "CVX_USD",
      "m" : "4611686018430230160"
    }, {
      "d" : "1756400729946171153",
      "t" : 1756400729946,
      "tn" : 1756400729946171153,
      "q" : "4.22",
      "p" : "3.5073",
      "s" : "sell",
      "i" : "CVX_USD",
      "m" : "4611686018430230159"
    }, {
      "d" : "1756400356779189018",
      "t" : 1756400356779,
      "tn" : 1756400356779189017,
      "q" : "0.45",
      "p" : "3.5073",
      "s" : "sell",
      "i" : "CVX_USD",
      "m" : "4611686018430230158"
    }, {
      "d" : "1756400356779189017",
      "t" : 1756400356779,
      "tn" : 1756400356779189017,
      "q" : "7.97",
      "p" : "3.5073",
      "s" : "sell",
      "i" : "CVX_USD",
      "m" : "4611686018430230158"
    }, {
      "d" : "1756400352972673128",
      "t" : 1756400352972,
      "tn" : 1756400352972673128,
      "q" : "4.20",
      "p" : "3.5073",
      "s" : "sell",
      "i" : "CVX_USD",
      "m" : "4611686018430230157"
    }, {
      "d" : "1756400346509490007",
      "t" : 1756400346509,
      "tn" : 1756400346509490007,
      "q" : "6.06",
      "p" : "3.5073",
      "s" : "sell",
      "i" : "CVX_USD",
      "m" : "4611686018430230156"
    }, {
      "d" : "1756399998037653869",
      "t" : 1756399998037,
      "tn" : 1756399998037653869,
      "q" : "30.51",
      "p" : "3.5224",
      "s" : "sell",
      "i" : "CVX_USD",
      "m" : "4611686018430230155"
    }, {
      "d" : "1756399998037651242",
      "t" : 1756399998037,
      "tn" : 1756399998037651242,
      "q" : "0.34",
      "p" : "3.5291",
      "s" : "sell",
      "i" : "CVX_USD",
      "m" : "4611686018430230154"
    }, {
      "d" : "1756396155013219925",
      "t" : 1756396155013,
      "tn" : 1756396155013219925,
      "q" : "0.64",
      "p" : "3.5309",
      "s" : "sell",
      "i" : "CVX_USD",
      "m" : "4611686018430230153"
    }, {
      "d" : "1756396141603819087",
      "t" : 1756396141603,
      "tn" : 1756396141603819087,
      "q" : "5.66",
      "p" : "3.5309",
      "s" : "sell",
      "i" : "CVX_USD",
      "m" : "4611686018430230152"
    }, {
      "d" : "1756396141516247757",
      "t" : 1756396141516,
      "tn" : 1756396141516247756,
      "q" : "10.86",
      "p" : "3.5309",
      "s" : "sell",
      "i" : "CVX_USD",
      "m" : "4611686018430230151"
    }, {
      "d" : "1756396141516247756",
      "t" : 1756396141516,
      "tn" : 1756396141516247756,
      "q" : "0.47",
      "p" : "3.5309",
      "s" : "sell",
      "i" : "CVX_USD",
      "m" : "4611686018430230151"
    }, {
      "d" : "1756396072794550115",
      "t" : 1756396072794,
      "tn" : 1756396072794550115,
      "q" : "15.57",
      "p" : "3.5309",
      "s" : "sell",
      "i" : "CVX_USD",
      "m" : "4611686018430230150"
    }, {
      "d" : "1756391881202182658",
      "t" : 1756391881202,
      "tn" : 1756391881202182658,
      "q" : "4.12",
      "p" : "3.5862",
      "s" : "sell",
      "i" : "CVX_USD",
      "m" : "4611686018430230149"
    }, {
      "d" : "1756391881198354852",
      "t" : 1756391881198,
      "tn" : 1756391881198354852,
      "q" : "6.97",
      "p" : "3.5862",
      "s" : "sell",
      "i" : "CVX_USD",
      "m" : "4611686018430230148"
    }, {
      "d" : "1756391881182431780",
      "t" : 1756391881182,
      "tn" : 1756391881182431780,
      "q" : "83.65",
      "p" : "3.5862",
      "s" : "sell",
      "i" : "CVX_USD",
      "m" : "4611686018430230147"
    }, {
      "d" : "1756391881166147219",
      "t" : 1756391881166,
      "tn" : 1756391881166147219,
      "q" : "139.42",
      "p" : "3.5862",
      "s" : "sell",
      "i" : "CVX_USD",
      "m" : "4611686018430230146"
    }, {
      "d" : "1756391881150517240",
      "t" : 1756391881150,
      "tn" : 1756391881150517240,
      "q" : "47.57",
      "p" : "3.5862",
      "s" : "sell",
      "i" : "CVX_USD",
      "m" : "4611686018430230145"
    }, {
      "d" : "1756391881132665239",
      "t" : 1756391881132,
      "tn" : 1756391881132665239,
      "q" : "139.42",
      "p" : "3.5862",
      "s" : "sell",
      "i" : "CVX_USD",
      "m" : "4611686018430230144"
    }, {
      "d" : "1756391881132416010",
      "t" : 1756391881132,
      "tn" : 1756391881132416010,
      "q" : "7.30",
      "p" : "3.5862",
      "s" : "sell",
      "i" : "CVX_USD",
      "m" : "4611686018430230143"
    }, {
      "d" : "1756391881127721416",
      "t" : 1756391881127,
      "tn" : 1756391881127721416,
      "q" : "39.26",
      "p" : "3.5862",
      "s" : "buy",
      "i" : "CVX_USD",
      "m" : "4611686018430230142"
    }, {
      "d" : "1756391877721545754",
      "t" : 1756391877721,
      "tn" : 1756391877721545754,
      "q" : "0.34",
      "p" : "3.5739",
      "s" : "buy",
      "i" : "CVX_USD",
      "m" : "4611686018430230141"
    }, {
      "d" : "1756391871643521305",
      "t" : 1756391871643,
      "tn" : 1756391871643521305,
      "q" : "0.34",
      "p" : "3.5749",
      "s" : "buy",
      "i" : "CVX_USD",
      "m" : "4611686018430230140"
    }, {
      "d" : "1756391865757117390",
      "t" : 1756391865757,
      "tn" : 1756391865757117390,
      "q" : "0.34",
      "p" : "3.5759",
      "s" : "buy",
      "i" : "CVX_USD",
      "m" : "4611686018430230139"
    }, {
      "d" : "1756391859774960379",
      "t" : 1756391859774,
      "tn" : 1756391859774960379,
      "q" : "0.34",
      "p" : "3.5764",
      "s" : "buy",
      "i" : "CVX_USD",
      "m" : "4611686018430230138"
    }, {
      "d" : "1756391853671753759",
      "t" : 1756391853671,
      "tn" : 1756391853671753759,
      "q" : "0.34",
      "p" : "3.5764",
      "s" : "buy",
      "i" : "CVX_USD",
      "m" : "4611686018430230137"
    }, {
      "d" : "1756391847890977856",
      "t" : 1756391847890,
      "tn" : 1756391847890977856,
      "q" : "0.34",
      "p" : "3.5764",
      "s" : "buy",
      "i" : "CVX_USD",
      "m" : "4611686018430230136"
    }, {
      "d" : "1756391841652953981",
      "t" : 1756391841652,
      "tn" : 1756391841652953981,
      "q" : "0.34",
      "p" : "3.5789",
      "s" : "buy",
      "i" : "CVX_USD",
      "m" : "4611686018430230135"
    }, {
      "d" : "1756391835729887064",
      "t" : 1756391835729,
      "tn" : 1756391835729887064,
      "q" : "0.34",
      "p" : "3.5779",
      "s" : "buy",
      "i" : "CVX_USD",
      "m" : "4611686018430230134"
    }, {
      "d" : "1756391829727223838",
      "t" : 1756391829727,
      "tn" : 1756391829727223838,
      "q" : "0.34",
      "p" : "3.5749",
      "s" : "buy",
      "i" : "CVX_USD",
      "m" : "4611686018430230133"
    }, {
      "d" : "1756391823741843521",
      "t" : 1756391823741,
      "tn" : 1756391823741843521,
      "q" : "0.34",
      "p" : "3.5734",
      "s" : "buy",
      "i" : "CVX_USD",
      "m" : "4611686018430230132"
    }, {
      "d" : "1756391817727877417",
      "t" : 1756391817727,
      "tn" : 1756391817727877417,
      "q" : "0.34",
      "p" : "3.5739",
      "s" : "buy",
      "i" : "CVX_USD",
      "m" : "4611686018430230131"
    }, {
      "d" : "1756391811665241627",
      "t" : 1756391811665,
      "tn" : 1756391811665241627,
      "q" : "0.34",
      "p" : "3.5749",
      "s" : "buy",
      "i" : "CVX_USD",
      "m" : "4611686018430230130"
    }, {
      "d" : "1756391805760098923",
      "t" : 1756391805760,
      "tn" : 1756391805760098923,
      "q" : "0.34",
      "p" : "3.5769",
      "s" : "buy",
      "i" : "CVX_USD",
      "m" : "4611686018430230129"
    }, {
      "d" : "1756391799777360516",
      "t" : 1756391799777,
      "tn" : 1756391799777360516,
      "q" : "0.34",
      "p" : "3.5784",
      "s" : "buy",
      "i" : "CVX_USD",
      "m" : "4611686018430230128"
    }, {
      "d" : "1756391793729545439",
      "t" : 1756391793729,
      "tn" : 1756391793729545439,
      "q" : "0.34",
      "p" : "3.5749",
      "s" : "buy",
      "i" : "CVX_USD",
      "m" : "4611686018430230127"
    }, {
      "d" : "1756391787655357056",
      "t" : 1756391787655,
      "tn" : 1756391787655357056,
      "q" : "0.34",
      "p" : "3.5749",
      "s" : "buy",
      "i" : "CVX_USD",
      "m" : "4611686018430230126"
    }, {
      "d" : "1756391781674012921",
      "t" : 1756391781674,
      "tn" : 1756391781674012921,
      "q" : "0.34",
      "p" : "3.5754",
      "s" : "buy",
      "i" : "CVX_USD",
      "m" : "4611686018430230125"
    }, {
      "d" : "1756391775683038122",
      "t" : 1756391775683,
      "tn" : 1756391775683038122,
      "q" : "0.34",
      "p" : "3.5729",
      "s" : "buy",
      "i" : "CVX_USD",
      "m" : "4611686018430230124"
    }, {
      "d" : "1756391769744984750",
      "t" : 1756391769744,
      "tn" : 1756391769744984750,
      "q" : "0.34",
      "p" : "3.5724",
      "s" : "buy",
      "i" : "CVX_USD",
      "m" : "4611686018430230123"
    }, {
      "d" : "1756391763674936289",
      "t" : 1756391763674,
      "tn" : 1756391763674936289,
      "q" : "0.34",
      "p" : "3.5724",
      "s" : "buy",
      "i" : "CVX_USD",
      "m" : "4611686018430230122"
    }, {
      "d" : "1756391757759177183",
      "t" : 1756391757759,
      "tn" : 1756391757759177183,
      "q" : "0.34",
      "p" : "3.5709",
      "s" : "buy",
      "i" : "CVX_USD",
      "m" : "4611686018430230121"
    }, {
      "d" : "1756391751786025910",
      "t" : 1756391751786,
      "tn" : 1756391751786025910,
      "q" : "0.34",
      "p" : "3.5714",
      "s" : "buy",
      "i" : "CVX_USD",
      "m" : "4611686018430230120"
    }, {
      "d" : "1756391745737538914",
      "t" : 1756391745737,
      "tn" : 1756391745737538914,
      "q" : "0.34",
      "p" : "3.5714",
      "s" : "buy",
      "i" : "CVX_USD",
      "m" : "4611686018430230119"
    }, {
      "d" : "1756391739753866164",
      "t" : 1756391739753,
      "tn" : 1756391739753866164,
      "q" : "0.34",
      "p" : "3.5709",
      "s" : "buy",
      "i" : "CVX_USD",
      "m" : "4611686018430230118"
    }, {
      "d" : "1756391733637683132",
      "t" : 1756391733637,
      "tn" : 1756391733637683132,
      "q" : "0.34",
      "p" : "3.5689",
      "s" : "buy",
      "i" : "CVX_USD",
      "m" : "4611686018430230117"
    }, {
      "d" : "1756391727754360795",
      "t" : 1756391727754,
      "tn" : 1756391727754360795,
      "q" : "0.34",
      "p" : "3.5684",
      "s" : "buy",
      "i" : "CVX_USD",
      "m" : "4611686018430230116"
    }, {
      "d" : "1756391721645806560",
      "t" : 1756391721645,
      "tn" : 1756391721645806560,
      "q" : "0.34",
      "p" : "3.5679",
      "s" : "buy",
      "i" : "CVX_USD",
      "m" : "4611686018430230115"
    }, {
      "d" : "1756391715699615833",
      "t" : 1756391715699,
      "tn" : 1756391715699615833,
      "q" : "0.34",
      "p" : "3.5724",
      "s" : "buy",
      "i" : "CVX_USD",
      "m" : "4611686018430230114"
    }, {
      "d" : "1756391709742824245",
      "t" : 1756391709742,
      "tn" : 1756391709742824245,
      "q" : "0.34",
      "p" : "3.5739",
      "s" : "buy",
      "i" : "CVX_USD",
      "m" : "4611686018430230113"
    }, {
      "d" : "1756391703853031421",
      "t" : 1756391703853,
      "tn" : 1756391703853031421,
      "q" : "0.34",
      "p" : "3.5714",
      "s" : "buy",
      "i" : "CVX_USD",
      "m" : "4611686018430230112"
    }, {
      "d" : "1756376198786971025",
      "t" : 1756376198786,
      "tn" : 1756376198786971025,
      "q" : "0.34",
      "p" : "3.5847",
      "s" : "sell",
      "i" : "CVX_USD",
      "m" : "4611686018430230111"
    } ]
  }
}