{
  "id" : -1,
  "method" : "public/get-trades",
  "code" : 0,
  "result" : {
    "data" : [ {
      "d" : "1756459319228024378",
      "t" : 1756459319228,
      "tn" : 1756459319228024378,
      "q" : "600",
      "p" : "0.022835",
      "s" : "buy",
      "i" : "DBR_USD",
      "m" : "4611686018427470695"
    }, {
      "d" : "1756459267015767869",
      "t" : 1756459267015,
      "tn" : 1756459267015767869,
      "q" : "700",
      "p" : "0.022835",
      "s" : "buy",
      "i" : "DBR_USD",
      "m" : "4611686018427470694"
    }, {
      "d" : "1756459122319144714",
      "t" : 1756459122319,
      "tn" : 1756459122319144714,
      "q" : "700",
      "p" : "0.022835",
      "s" : "buy",
      "i" : "DBR_USD",
      "m" : "4611686018427470693"
    }, {
      "d" : "1756441372532146417",
      "t" : 1756441372532,
      "tn" : 1756441372532146417,
      "q" : "490",
      "p" : "0.023407",
      "s" : "buy",
      "i" : "DBR_USD",
      "m" : "4611686018427470692"
    }, {
      "d" : "1756436598738618166",
      "t" : 1756436598738,
      "tn" : 1756436598738618166,
      "q" : "590",
      "p" : "0.023314",
      "s" : "buy",
      "i" : "DBR_USD",
      "m" : "4611686018427470691"
    }, {
      "d" : "1756427774128708866",
      "t" : 1756427774128,
      "tn" : 1756427774128708866,
      "q" : "1460",
      "p" : "0.023199",
      "s" : "sell",
      "i" : "DBR_USD",
      "m" : "4611686018427470690"
    }, {
      "d" : "1756423628604771997",
      "t" : 1756423628604,
      "tn" : 1756423628604771997,
      "q" : "1320",
      "p" : "0.023255",
      "s" : "buy",
      "i" : "DBR_USD",
      "m" : "4611686018427470689"
    }, {
      "d" : "1756423628451230886",
      "t" : 1756423628451,
      "tn" : 1756423628451230886,
      "q" : "610",
      "p" : "0.023255",
      "s" : "sell",
      "i" : "DBR_USD",
      "m" : "4611686018427470688"
    }, {
      "d" : "1756405949425739794",
      "t" : 1756405949425,
      "tn" : 1756405949425739794,
      "q" : "300",
      "p" : "0.023245",
      "s" : "buy",
      "i" : "DBR_USD",
      "m" : "4611686018427470687"
    }, {
      "d" : "1756405923784028309",
      "t" : 1756405923784,
      "tn" : 1756405923784028309,
      "q" : "700",
      "p" : "0.023245",
      "s" : "buy",
      "i" : "DBR_USD",
      "m" : "4611686018427470686"
    }, {
      "d" : "1756403692722506844",
      "t" : 1756403692722,
      "tn" : 1756403692722506844,
      "q" : "440",
      "p" : "0.023114",
      "s" : "buy",
      "i" : "DBR_USD",
      "m" : "4611686018427470685"
    }, {
      "d" : "1756403692573077634",
      "t" : 1756403692573,
      "tn" : 1756403692573077634,
      "q" : "2000",
      "p" : "0.023114",
      "s" : "sell",
      "i" : "DBR_USD",
      "m" : "4611686018427470684"
    }, {
      "d" : "1756400110891063390",
      "t" : 1756400110891,
      "tn" : 1756400110891063390,
      "q" : "510",
      "p" : "0.023115",
      "s" : "sell",
      "i" : "DBR_USD",
      "m" : "4611686018427470683"
    }, {
      "d" : "1756399735504752294",
      "t" : 1756399735504,
      "tn" : 1756399735504752294,
      "q" : "440",
      "p" : "0.023114",
      "s" : "sell",
      "i" : "DBR_USD",
      "m" : "4611686018427470682"
    }, {
      "d" : "1756397224015191405",
      "t" : 1756397224015,
      "tn" : 1756397224015191405,
      "q" : "790",
      "p" : "0.023137",
      "s" : "sell",
      "i" : "DBR_USD",
      "m" : "4611686018427470681"
    }, {
      "d" : "1756397220829653558",
      "t" : 1756397220829,
      "tn" : 1756397220829653558,
      "q" : "2000",
      "p" : "0.023137",
      "s" : "sell",
      "i" : "DBR_USD",
      "m" : "4611686018427470680"
    }, {
      "d" : "1756396497701152176",
      "t" : 1756396497701,
      "tn" : 1756396497701152176,
      "q" : "610",
      "p" : "0.023241",
      "s" : "sell",
      "i" : "DBR_USD",
      "m" : "4611686018427470679"
    }, {
      "d" : "1756392681932482416",
      "t" : 1756392681932,
      "tn" : 1756392681932482416,
      "q" : "570",
      "p" : "0.023341",
      "s" : "sell",
      "i" : "DBR_USD",
      "m" : "4611686018427470678"
    }, {
      "d" : "1756391672683854644",
      "t" : 1756391672683,
      "tn" : 1756391672683854644,
      "q" : "480",
      "p" : "0.023354",
      "s" : "sell",
      "i" : "DBR_USD",
      "m" : "4611686018427470677"
    }, {
      "d" : "1756389968233588525",
      "t" : 1756389968233,
      "tn" : 1756389968233588525,
      "q" : "1070",
      "p" : "0.023275",
      "s" : "sell",
      "i" : "DBR_USD",
      "m" : "4611686018427470676"
    }, {
      "d" : "1756385460145394241",
      "t" : 1756385460145,
      "tn" : 1756385460145394241,
      "q" : "330",
      "p" : "0.023141",
      "s" : "buy",
      "i" : "DBR_USD",
      "m" : "4611686018427470675"
    }, {
      "d" : "1756385460128313580",
      "t" : 1756385460128,
      "tn" : 1756385460128313580,
      "q" : "3020",
      "p" : "0.023141",
      "s" : "buy",
      "i" : "DBR_USD",
      "m" : "4611686018427470674"
    }, {
      "d" : "1756385460124510873",
      "t" : 1756385460124,
      "tn" : 1756385460124510873,
      "q" : "2000",
      "p" : "0.023141",
      "s" : "sell",
      "i" : "DBR_USD",
      "m" : "4611686018427470673"
    }, {
      "d" : "1756385343704767379",
      "t" : 1756385343704,
      "tn" : 1756385343704767379,
      "q" : "3500",
      "p" : "0.023327",
      "s" : "buy",
      "i" : "DBR_USD",
      "m" : "4611686018427470672"
    }, {
      "d" : "1756383133642744787",
      "t" : 1756383133642,
      "tn" : 1756383133642744787,
      "q" : "470",
      "p" : "0.023150",
      "s" : "sell",
      "i" : "DBR_USD",
      "m" : "4611686018427470671"
    }, {
      "d" : "1756382347967066111",
      "t" : 1756382347967,
      "tn" : 1756382347967066111,
      "q" : "1540",
      "p" : "0.023308",
      "s" : "buy",
      "i" : "DBR_USD",
      "m" : "4611686018427470670"
    }, {
      "d" : "1756382253057371666",
      "t" : 1756382253057,
      "tn" : 1756382253057371666,
      "q" : "470",
      "p" : "0.023134",
      "s" : "sell",
      "i" : "DBR_USD",
      "m" : "4611686018427470669"
    }, {
      "d" : "1756381634767869380",
      "t" : 1756381634767,
      "tn" : 1756381634767869380,
      "q" : "1180",
      "p" : "0.023153",
      "s" : "sell",
      "i" : "DBR_USD",
      "m" : "4611686018427470668"
    }, {
      "d" : "1756378409988356047",
      "t" : 1756378409988,
      "tn" : 1756378409988356047,
      "q" : "1030",
      "p" : "0.023085",
      "s" : "sell",
      "i" : "DBR_USD",
      "m" : "4611686018427470667"
    }, {
      "d" : "1756377279569178531",
      "t" : 1756377279569,
      "tn" : 1756377279569178531,
      "q" : "7000",
      "p" : "0.023004",
      "s" : "sell",
      "i" : "DBR_USD",
      "m" : "4611686018427470666"
    }, {
      "d" : "1756377014512882128",
      "t" : 1756377014512,
      "tn" : 1756377014512882128,
      "q" : "1630",
      "p" : "0.023018",
      "s" : "sell",
      "i" : "DBR_USD",
      "m" : "4611686018427470665"
    }, {
      "d" : "1756377011389391253",
      "t" : 1756377011389,
      "tn" : 1756377011389391253,
      "q" : "690",
      "p" : "0.023018",
      "s" : "buy",
      "i" : "DBR_USD",
      "m" : "4611686018427470664"
    }, {
      "d" : "1756377011354476138",
      "t" : 1756377011354,
      "tn" : 1756377011354476138,
      "q" : "990",
      "p" : "0.023018",
      "s" : "buy",
      "i" : "DBR_USD",
      "m" : "4611686018427470663"
    }, {
      "d" : "1756377011288171437",
      "t" : 1756377011288,
      "tn" : 1756377011288171437,
      "q" : "1410",
      "p" : "0.023018",
      "s" : "buy",
      "i" : "DBR_USD",
      "m" : "4611686018427470662"
    }, {
      "d" : "1756377011250092374",
      "t" : 1756377011250,
      "tn" : 1756377011250092374,
      "q" : "2000",
      "p" : "0.023018",
      "s" : "sell",
      "i" : "DBR_USD",
      "m" : "4611686018427470661"
    }, {
      "d" : "1756375927339693030",
      "t" : 1756375927339,
      "tn" : 1756375927339693030,
      "q" : "700",
      "p" : "0.023032",
      "s" : "buy",
      "i" : "DBR_USD",
      "m" : "4611686018427470660"
    }, {
      "d" : "1756375871546880282",
      "t" : 1756375871546,
      "tn" : 1756375871546880282,
      "q" : "480",
      "p" : "0.023033",
      "s" : "buy",
      "i" : "DBR_USD",
      "m" : "4611686018427470659"
    }, {
      "d" : "1756375871546877967",
      "t" : 1756375871546,
      "tn" : 1756375871546877967,
      "q" : "620",
      "p" : "0.023032",
      "s" : "buy",
      "i" : "DBR_USD",
      "m" : "4611686018427470658"
    }, {
      "d" : "1756375805153589828",
      "t" : 1756375805153,
      "tn" : 1756375805153589828,
      "q" : "3680",
      "p" : "0.023033",
      "s" : "buy",
      "i" : "DBR_USD",
      "m" : "4611686018427470657"
    }, {
      "d" : "1756375805153587767",
      "t" : 1756375805153,
      "tn" : 1756375805153587767,
      "q" : "620",
      "p" : "0.023032",
      "s" : "buy",
      "i" : "DBR_USD",
      "m" : "4611686018427470656"
    } ]
  }
}