{
  "id" : -1,
  "method" : "public/get-trades",
  "code" : 0,
  "result" : {
    "data" : [ {
      "d" : "1756459319227176791",
      "t" : 1756459319227,
      "tn" : 1756459319227176791,
      "q" : "100",
      "p" : "0.022872",
      "s" : "buy",
      "i" : "DBRUSD-PERP",
      "m" : "4611686018427440342"
    }, {
      "d" : "1756459318401141390",
      "t" : 1756459318401,
      "tn" : 1756459318401141390,
      "q" : "100",
      "p" : "0.022872",
      "s" : "buy",
      "i" : "DBRUSD-PERP",
      "m" : "4611686018427440341"
    }, {
      "d" : "1756459316792906529",
      "t" : 1756459316792,
      "tn" : 1756459316792906529,
      "q" : "100",
      "p" : "0.022872",
      "s" : "buy",
      "i" : "DBRUSD-PERP",
      "m" : "4611686018427440340"
    }, {
      "d" : "1756459316247425440",
      "t" : 1756459316247,
      "tn" : 1756459316247425440,
      "q" : "100",
      "p" : "0.022872",
      "s" : "buy",
      "i" : "DBRUSD-PERP",
      "m" : "4611686018427440339"
    }, {
      "d" : "1756459315554245322",
      "t" : 1756459315554,
      "tn" : 1756459315554245322,
      "q" : "100",
      "p" : "0.022872",
      "s" : "buy",
      "i" : "DBRUSD-PERP",
      "m" : "4611686018427440338"
    }, {
      "d" : "1756459312273959421",
      "t" : 1756459312273,
      "tn" : 1756459312273959421,
      "q" : "100",
      "p" : "0.022872",
      "s" : "buy",
      "i" : "DBRUSD-PERP",
      "m" : "4611686018427440337"
    }, {
      "d" : "1756459272231006934",
      "t" : 1756459272231,
      "tn" : 1756459272231006934,
      "q" : "100",
      "p" : "0.022872",
      "s" : "buy",
      "i" : "DBRUSD-PERP",
      "m" : "4611686018427440336"
    }, {
      "d" : "1756459267014355146",
      "t" : 1756459267014,
      "tn" : 1756459267014355146,
      "q" : "100",
      "p" : "0.022870",
      "s" : "buy",
      "i" : "DBRUSD-PERP",
      "m" : "4611686018427440335"
    }, {
      "d" : "1756459265829213242",
      "t" : 1756459265829,
      "tn" : 1756459265829213242,
      "q" : "100",
      "p" : "0.022870",
      "s" : "buy",
      "i" : "DBRUSD-PERP",
      "m" : "4611686018427440334"
    }, {
      "d" : "1756459262289723567",
      "t" : 1756459262289,
      "tn" : 1756459262289723567,
      "q" : "100",
      "p" : "0.022870",
      "s" : "buy",
      "i" : "DBRUSD-PERP",
      "m" : "4611686018427440333"
    }, {
      "d" : "1756459261907559135",
      "t" : 1756459261907,
      "tn" : 1756459261907559135,
      "q" : "100",
      "p" : "0.022870",
      "s" : "buy",
      "i" : "DBRUSD-PERP",
      "m" : "4611686018427440332"
    }, {
      "d" : "1756459261032790135",
      "t" : 1756459261032,
      "tn" : 1756459261032790135,
      "q" : "100",
      "p" : "0.022870",
      "s" : "buy",
      "i" : "DBRUSD-PERP",
      "m" : "4611686018427440331"
    }, {
      "d" : "1756459128130002564",
      "t" : 1756459128130,
      "tn" : 1756459128130002564,
      "q" : "100",
      "p" : "0.022870",
      "s" : "buy",
      "i" : "DBRUSD-PERP",
      "m" : "4611686018427440330"
    }, {
      "d" : "1756459127485216177",
      "t" : 1756459127485,
      "tn" : 1756459127485216177,
      "q" : "100",
      "p" : "0.022870",
      "s" : "buy",
      "i" : "DBRUSD-PERP",
      "m" : "4611686018427440329"
    }, {
      "d" : "1756459122318065434",
      "t" : 1756459122318,
      "tn" : 1756459122318065434,
      "q" : "100",
      "p" : "0.022870",
      "s" : "buy",
      "i" : "DBRUSD-PERP",
      "m" : "4611686018427440328"
    }, {
      "d" : "1756458180781012026",
      "t" : 1756458180781,
      "tn" : 1756458180781012026,
      "q" : "100",
      "p" : "0.022778",
      "s" : "buy",
      "i" : "DBRUSD-PERP",
      "m" : "4611686018427440327"
    }, {
      "d" : "1756458180569218455",
      "t" : 1756458180569,
      "tn" : 1756458180569218455,
      "q" : "100",
      "p" : "0.022778",
      "s" : "buy",
      "i" : "DBRUSD-PERP",
      "m" : "4611686018427440326"
    }, {
      "d" : "1756458179631250324",
      "t" : 1756458179631,
      "tn" : 1756458179631250324,
      "q" : "100",
      "p" : "0.022778",
      "s" : "buy",
      "i" : "DBRUSD-PERP",
      "m" : "4611686018427440325"
    }, {
      "d" : "1756447623536259025",
      "t" : 1756447623536,
      "tn" : 1756447623536259025,
      "q" : "100",
      "p" : "0.023335",
      "s" : "buy",
      "i" : "DBRUSD-PERP",
      "m" : "4611686018427440324"
    }, {
      "d" : "1756423628591552274",
      "t" : 1756423628591,
      "tn" : 1756423628591552274,
      "q" : "100",
      "p" : "0.023291",
      "s" : "buy",
      "i" : "DBRUSD-PERP",
      "m" : "4611686018427440323"
    }, {
      "d" : "1756418769067177898",
      "t" : 1756418769067,
      "tn" : 1756418769067177898,
      "q" : "100",
      "p" : "0.023272",
      "s" : "buy",
      "i" : "DBRUSD-PERP",
      "m" : "4611686018427440322"
    }, {
      "d" : "1756418768596945958",
      "t" : 1756418768596,
      "tn" : 1756418768596945958,
      "q" : "100",
      "p" : "0.023272",
      "s" : "buy",
      "i" : "DBRUSD-PERP",
      "m" : "4611686018427440321"
    }, {
      "d" : "1756405949424836016",
      "t" : 1756405949424,
      "tn" : 1756405949424836016,
      "q" : "100",
      "p" : "0.023285",
      "s" : "buy",
      "i" : "DBRUSD-PERP",
      "m" : "4611686018427440320"
    }, {
      "d" : "1756405932828282175",
      "t" : 1756405932828,
      "tn" : 1756405932828282175,
      "q" : "100",
      "p" : "0.023284",
      "s" : "buy",
      "i" : "DBRUSD-PERP",
      "m" : "4611686018427440319"
    }, {
      "d" : "1756405923783180281",
      "t" : 1756405923783,
      "tn" : 1756405923783180281,
      "q" : "100",
      "p" : "0.023280",
      "s" : "buy",
      "i" : "DBRUSD-PERP",
      "m" : "4611686018427440318"
    }, {
      "d" : "1756405917702921656",
      "t" : 1756405917702,
      "tn" : 1756405917702921656,
      "q" : "100",
      "p" : "0.023280",
      "s" : "buy",
      "i" : "DBRUSD-PERP",
      "m" : "4611686018427440317"
    }, {
      "d" : "1756405917332334782",
      "t" : 1756405917332,
      "tn" : 1756405917332334782,
      "q" : "100",
      "p" : "0.023280",
      "s" : "buy",
      "i" : "DBRUSD-PERP",
      "m" : "4611686018427440316"
    }, {
      "d" : "1756405909836075667",
      "t" : 1756405909836,
      "tn" : 1756405909836075667,
      "q" : "100",
      "p" : "0.023280",
      "s" : "buy",
      "i" : "DBRUSD-PERP",
      "m" : "4611686018427440315"
    }, {
      "d" : "1756405908875406857",
      "t" : 1756405908875,
      "tn" : 1756405908875406857,
      "q" : "100",
      "p" : "0.023280",
      "s" : "buy",
      "i" : "DBRUSD-PERP",
      "m" : "4611686018427440314"
    }, {
      "d" : "1756405908577687039",
      "t" : 1756405908577,
      "tn" : 1756405908577687039,
      "q" : "100",
      "p" : "0.023278",
      "s" : "buy",
      "i" : "DBRUSD-PERP",
      "m" : "4611686018427440313"
    }, {
      "d" : "1756377011510158241",
      "t" : 1756377011510,
      "tn" : 1756377011510158241,
      "q" : "100",
      "p" : "0.023085",
      "s" : "buy",
      "i" : "DBRUSD-PERP",
      "m" : "4611686018427440312"
    }, {
      "d" : "1756377011383950510",
      "t" : 1756377011383,
      "tn" : 1756377011383950510,
      "q" : "100",
      "p" : "0.023085",
      "s" : "buy",
      "i" : "DBRUSD-PERP",
      "m" : "4611686018427440311"
    }, {
      "d" : "1756375928110354286",
      "t" : 1756375928110,
      "tn" : 1756375928110354286,
      "q" : "100",
      "p" : "0.023069",
      "s" : "buy",
      "i" : "DBRUSD-PERP",
      "m" : "4611686018427440310"
    }, {
      "d" : "1756375927338530505",
      "t" : 1756375927338,
      "tn" : 1756375927338530505,
      "q" : "100",
      "p" : "0.023066",
      "s" : "buy",
      "i" : "DBRUSD-PERP",
      "m" : "4611686018427440309"
    }, {
      "d" : "1756375926703258586",
      "t" : 1756375926703,
      "tn" : 1756375926703258586,
      "q" : "100",
      "p" : "0.023066",
      "s" : "buy",
      "i" : "DBRUSD-PERP",
      "m" : "4611686018427440308"
    }, {
      "d" : "1756375926102501762",
      "t" : 1756375926102,
      "tn" : 1756375926102501762,
      "q" : "100",
      "p" : "0.023066",
      "s" : "buy",
      "i" : "DBRUSD-PERP",
      "m" : "4611686018427440307"
    }, {
      "d" : "1756375922694330103",
      "t" : 1756375922694,
      "tn" : 1756375922694330103,
      "q" : "100",
      "p" : "0.023066",
      "s" : "buy",
      "i" : "DBRUSD-PERP",
      "m" : "4611686018427440306"
    }, {
      "d" : "1756375919337642238",
      "t" : 1756375919337,
      "tn" : 1756375919337642238,
      "q" : "100",
      "p" : "0.023066",
      "s" : "buy",
      "i" : "DBRUSD-PERP",
      "m" : "4611686018427440305"
    }, {
      "d" : "1756375916831458448",
      "t" : 1756375916831,
      "tn" : 1756375916831458448,
      "q" : "100",
      "p" : "0.023066",
      "s" : "buy",
      "i" : "DBRUSD-PERP",
      "m" : "4611686018427440304"
    }, {
      "d" : "1756375871545875929",
      "t" : 1756375871545,
      "tn" : 1756375871545875929,
      "q" : "1100",
      "p" : "0.023030",
      "s" : "buy",
      "i" : "DBRUSD-PERP",
      "m" : "4611686018427440303"
    }, {
      "d" : "1756375805152542255",
      "t" : 1756375805152,
      "tn" : 1756375805152542255,
      "q" : "4300",
      "p" : "0.023030",
      "s" : "buy",
      "i" : "DBRUSD-PERP",
      "m" : "4611686018427440302"
    } ]
  }
}