{
  "id" : -1,
  "method" : "public/get-trades",
  "code" : 0,
  "result" : {
    "data" : [ {
      "d" : "1756459562751790346",
      "t" : 1756459562751,
      "tn" : 1756459562751790346,
      "q" : "9",
      "p" : "0.13708",
      "s" : "buy",
      "i" : "DEEP_USD",
      "m" : "4611686018427474910"
    }, {
      "d" : "1756458845800838872",
      "t" : 1756458845800,
      "tn" : 1756458845800838872,
      "q" : "578",
      "p" : "0.13668",
      "s" : "buy",
      "i" : "DEEP_USD",
      "m" : "4611686018427474909"
    }, {
      "d" : "1756458325961866559",
      "t" : 1756458325961,
      "tn" : 1756458325961866559,
      "q" : "497",
      "p" : "0.13610",
      "s" : "buy",
      "i" : "DEEP_USD",
      "m" : "4611686018427474908"
    }, {
      "d" : "1756458325961864189",
      "t" : 1756458325961,
      "tn" : 1756458325961864189,
      "q" : "9",
      "p" : "0.13606",
      "s" : "buy",
      "i" : "DEEP_USD",
      "m" : "4611686018427474907"
    }, {
      "d" : "1756458288372269297",
      "t" : 1756458288372,
      "tn" : 1756458288372269297,
      "q" : "9",
      "p" : "0.13588",
      "s" : "buy",
      "i" : "DEEP_USD",
      "m" : "4611686018427474906"
    }, {
      "d" : "1756458182310715098",
      "t" : 1756458182310,
      "tn" : 1756458182310715098,
      "q" : "128",
      "p" : "0.13576",
      "s" : "sell",
      "i" : "DEEP_USD",
      "m" : "4611686018427474905"
    }, {
      "d" : "1756458181010747814",
      "t" : 1756458181010,
      "tn" : 1756458181010747814,
      "q" : "110",
      "p" : "0.13576",
      "s" : "sell",
      "i" : "DEEP_USD",
      "m" : "4611686018427474904"
    }, {
      "d" : "1756458180242691738",
      "t" : 1756458180242,
      "tn" : 1756458180242691738,
      "q" : "118",
      "p" : "0.13576",
      "s" : "sell",
      "i" : "DEEP_USD",
      "m" : "4611686018427474903"
    }, {
      "d" : "1756458178355842223",
      "t" : 1756458178355,
      "tn" : 1756458178355842223,
      "q" : "117",
      "p" : "0.13576",
      "s" : "sell",
      "i" : "DEEP_USD",
      "m" : "4611686018427474902"
    }, {
      "d" : "1756458177935095715",
      "t" : 1756458177935,
      "tn" : 1756458177935095715,
      "q" : "9",
      "p" : "0.13566",
      "s" : "buy",
      "i" : "DEEP_USD",
      "m" : "4611686018427474901"
    }, {
      "d" : "1756458173643893878",
      "t" : 1756458173643,
      "tn" : 1756458173643893878,
      "q" : "490",
      "p" : "0.13574",
      "s" : "buy",
      "i" : "DEEP_USD",
      "m" : "4611686018427474900"
    }, {
      "d" : "1756458138338506995",
      "t" : 1756458138338,
      "tn" : 1756458138338506995,
      "q" : "9",
      "p" : "0.13623",
      "s" : "sell",
      "i" : "DEEP_USD",
      "m" : "4611686018427474899"
    }, {
      "d" : "1756457741756142563",
      "t" : 1756457741756,
      "tn" : 1756457741756142563,
      "q" : "9",
      "p" : "0.13658",
      "s" : "buy",
      "i" : "DEEP_USD",
      "m" : "4611686018427474898"
    }, {
      "d" : "1756457505825609988",
      "t" : 1756457505825,
      "tn" : 1756457505825609988,
      "q" : "9",
      "p" : "0.13687",
      "s" : "sell",
      "i" : "DEEP_USD",
      "m" : "4611686018427474897"
    }, {
      "d" : "1756457505774364937",
      "t" : 1756457505774,
      "tn" : 1756457505774364937,
      "q" : "495",
      "p" : "0.13713",
      "s" : "sell",
      "i" : "DEEP_USD",
      "m" : "4611686018427474896"
    }, {
      "d" : "1756457505774362340",
      "t" : 1756457505774,
      "tn" : 1756457505774362340,
      "q" : "9",
      "p" : "0.13733",
      "s" : "sell",
      "i" : "DEEP_USD",
      "m" : "4611686018427474895"
    }, {
      "d" : "1756456065718174106",
      "t" : 1756456065718,
      "tn" : 1756456065718174106,
      "q" : "9",
      "p" : "0.13770",
      "s" : "sell",
      "i" : "DEEP_USD",
      "m" : "4611686018427474894"
    }, {
      "d" : "1756455748744065571",
      "t" : 1756455748744,
      "tn" : 1756455748744065571,
      "q" : "107",
      "p" : "0.13774",
      "s" : "sell",
      "i" : "DEEP_USD",
      "m" : "4611686018427474893"
    }, {
      "d" : "1756455748744063730",
      "t" : 1756455748744,
      "tn" : 1756455748744063730,
      "q" : "9",
      "p" : "0.13791",
      "s" : "sell",
      "i" : "DEEP_USD",
      "m" : "4611686018427474892"
    }, {
      "d" : "1756455641789436970",
      "t" : 1756455641789,
      "tn" : 1756455641789436970,
      "q" : "113",
      "p" : "0.13794",
      "s" : "sell",
      "i" : "DEEP_USD",
      "m" : "4611686018427474891"
    }, {
      "d" : "1756455641789434814",
      "t" : 1756455641789,
      "tn" : 1756455641789434814,
      "q" : "9",
      "p" : "0.13808",
      "s" : "sell",
      "i" : "DEEP_USD",
      "m" : "4611686018427474890"
    }, {
      "d" : "1756455489190966317",
      "t" : 1756455489190,
      "tn" : 1756455489190966317,
      "q" : "115",
      "p" : "0.13826",
      "s" : "sell",
      "i" : "DEEP_USD",
      "m" : "4611686018427474889"
    }, {
      "d" : "1756455088081135892",
      "t" : 1756455088081,
      "tn" : 1756455088081135892,
      "q" : "116",
      "p" : "0.13812",
      "s" : "sell",
      "i" : "DEEP_USD",
      "m" : "4611686018427474888"
    }, {
      "d" : "1756455086486233415",
      "t" : 1756455086486,
      "tn" : 1756455086486233415,
      "q" : "107",
      "p" : "0.13814",
      "s" : "sell",
      "i" : "DEEP_USD",
      "m" : "4611686018427474887"
    }, {
      "d" : "1756455086486231119",
      "t" : 1756455086486,
      "tn" : 1756455086486231119,
      "q" : "9",
      "p" : "0.13831",
      "s" : "sell",
      "i" : "DEEP_USD",
      "m" : "4611686018427474886"
    }, {
      "d" : "1756455083961974633",
      "t" : 1756455083961,
      "tn" : 1756455083961974633,
      "q" : "107",
      "p" : "0.13817",
      "s" : "sell",
      "i" : "DEEP_USD",
      "m" : "4611686018427474885"
    }, {
      "d" : "1756455083961973072",
      "t" : 1756455083961,
      "tn" : 1756455083961973072,
      "q" : "9",
      "p" : "0.13833",
      "s" : "sell",
      "i" : "DEEP_USD",
      "m" : "4611686018427474884"
    }, {
      "d" : "1756455055153611311",
      "t" : 1756455055153,
      "tn" : 1756455055153611311,
      "q" : "107",
      "p" : "0.13786",
      "s" : "sell",
      "i" : "DEEP_USD",
      "m" : "4611686018427474883"
    }, {
      "d" : "1756455055153609500",
      "t" : 1756455055153,
      "tn" : 1756455055153609500,
      "q" : "9",
      "p" : "0.13800",
      "s" : "sell",
      "i" : "DEEP_USD",
      "m" : "4611686018427474882"
    }, {
      "d" : "1756455046416438292",
      "t" : 1756455046416,
      "tn" : 1756455046416438292,
      "q" : "107",
      "p" : "0.13797",
      "s" : "sell",
      "i" : "DEEP_USD",
      "m" : "4611686018427474881"
    }, {
      "d" : "1756455046416436442",
      "t" : 1756455046416,
      "tn" : 1756455046416436442,
      "q" : "9",
      "p" : "0.13812",
      "s" : "sell",
      "i" : "DEEP_USD",
      "m" : "4611686018427474880"
    }, {
      "d" : "1756455026412144604",
      "t" : 1756455026412,
      "tn" : 1756455026412144604,
      "q" : "107",
      "p" : "0.13805",
      "s" : "sell",
      "i" : "DEEP_USD",
      "m" : "4611686018427474879"
    }, {
      "d" : "1756455026412142560",
      "t" : 1756455026412,
      "tn" : 1756455026412142560,
      "q" : "9",
      "p" : "0.13820",
      "s" : "sell",
      "i" : "DEEP_USD",
      "m" : "4611686018427474878"
    }, {
      "d" : "1756455006147529359",
      "t" : 1756455006147,
      "tn" : 1756455006147529359,
      "q" : "107",
      "p" : "0.13799",
      "s" : "sell",
      "i" : "DEEP_USD",
      "m" : "4611686018427474877"
    }, {
      "d" : "1756455006147526961",
      "t" : 1756455006147,
      "tn" : 1756455006147526961,
      "q" : "9",
      "p" : "0.13819",
      "s" : "sell",
      "i" : "DEEP_USD",
      "m" : "4611686018427474876"
    }, {
      "d" : "1756454976621931104",
      "t" : 1756454976621,
      "tn" : 1756454976621931104,
      "q" : "78",
      "p" : "0.13812",
      "s" : "sell",
      "i" : "DEEP_USD",
      "m" : "4611686018427474875"
    }, {
      "d" : "1756454976621929067",
      "t" : 1756454976621,
      "tn" : 1756454976621929067,
      "q" : "9",
      "p" : "0.13822",
      "s" : "sell",
      "i" : "DEEP_USD",
      "m" : "4611686018427474874"
    }, {
      "d" : "1756454814436755302",
      "t" : 1756454814436,
      "tn" : 1756454814436755302,
      "q" : "105",
      "p" : "0.13891",
      "s" : "sell",
      "i" : "DEEP_USD",
      "m" : "4611686018427474873"
    }, {
      "d" : "1756454814436753465",
      "t" : 1756454814436,
      "tn" : 1756454814436753465,
      "q" : "9",
      "p" : "0.13896",
      "s" : "sell",
      "i" : "DEEP_USD",
      "m" : "4611686018427474872"
    }, {
      "d" : "1756454790196097304",
      "t" : 1756454790196,
      "tn" : 1756454790196097304,
      "q" : "105",
      "p" : "0.13876",
      "s" : "sell",
      "i" : "DEEP_USD",
      "m" : "4611686018427474871"
    }, {
      "d" : "1756454790196095624",
      "t" : 1756454790196,
      "tn" : 1756454790196095624,
      "q" : "9",
      "p" : "0.13890",
      "s" : "sell",
      "i" : "DEEP_USD",
      "m" : "4611686018427474870"
    }, {
      "d" : "1756454766162466481",
      "t" : 1756454766162,
      "tn" : 1756454766162466481,
      "q" : "105",
      "p" : "0.13878",
      "s" : "sell",
      "i" : "DEEP_USD",
      "m" : "4611686018427474869"
    }, {
      "d" : "1756454766162464039",
      "t" : 1756454766162,
      "tn" : 1756454766162464039,
      "q" : "9",
      "p" : "0.13893",
      "s" : "sell",
      "i" : "DEEP_USD",
      "m" : "4611686018427474868"
    }, {
      "d" : "1756454755912040662",
      "t" : 1756454755912,
      "tn" : 1756454755912040662,
      "q" : "114",
      "p" : "0.13878",
      "s" : "sell",
      "i" : "DEEP_USD",
      "m" : "4611686018427474867"
    }, {
      "d" : "1756454747069844571",
      "t" : 1756454747069,
      "tn" : 1756454747069844571,
      "q" : "105",
      "p" : "0.13875",
      "s" : "sell",
      "i" : "DEEP_USD",
      "m" : "4611686018427474866"
    }, {
      "d" : "1756454747069842557",
      "t" : 1756454747069,
      "tn" : 1756454747069842557,
      "q" : "9",
      "p" : "0.13882",
      "s" : "sell",
      "i" : "DEEP_USD",
      "m" : "4611686018427474865"
    }, {
      "d" : "1756454516970713639",
      "t" : 1756454516970,
      "tn" : 1756454516970713639,
      "q" : "105",
      "p" : "0.13919",
      "s" : "sell",
      "i" : "DEEP_USD",
      "m" : "4611686018427474864"
    }, {
      "d" : "1756454516970711576",
      "t" : 1756454516970,
      "tn" : 1756454516970711576,
      "q" : "9",
      "p" : "0.13935",
      "s" : "sell",
      "i" : "DEEP_USD",
      "m" : "4611686018427474863"
    }, {
      "d" : "1756454464034252240",
      "t" : 1756454464034,
      "tn" : 1756454464034252240,
      "q" : "114",
      "p" : "0.13914",
      "s" : "sell",
      "i" : "DEEP_USD",
      "m" : "4611686018427474862"
    }, {
      "d" : "1756454405251481079",
      "t" : 1756454405251,
      "tn" : 1756454405251481079,
      "q" : "105",
      "p" : "0.13860",
      "s" : "sell",
      "i" : "DEEP_USD",
      "m" : "4611686018427474861"
    }, {
      "d" : "1756454405251479004",
      "t" : 1756454405251,
      "tn" : 1756454405251479004,
      "q" : "9",
      "p" : "0.13875",
      "s" : "sell",
      "i" : "DEEP_USD",
      "m" : "4611686018427474860"
    }, {
      "d" : "1756454291060752593",
      "t" : 1756454291060,
      "tn" : 1756454291060752593,
      "q" : "68",
      "p" : "0.13837",
      "s" : "sell",
      "i" : "DEEP_USD",
      "m" : "4611686018427474859"
    }, {
      "d" : "1756454291060750491",
      "t" : 1756454291060,
      "tn" : 1756454291060750491,
      "q" : "9",
      "p" : "0.13845",
      "s" : "sell",
      "i" : "DEEP_USD",
      "m" : "4611686018427474858"
    }, {
      "d" : "1756454028270612102",
      "t" : 1756454028270,
      "tn" : 1756454028270612102,
      "q" : "94",
      "p" : "0.13861",
      "s" : "sell",
      "i" : "DEEP_USD",
      "m" : "4611686018427474857"
    }, {
      "d" : "1756452768331823382",
      "t" : 1756452768331,
      "tn" : 1756452768331823382,
      "q" : "118",
      "p" : "0.13960",
      "s" : "sell",
      "i" : "DEEP_USD",
      "m" : "4611686018427474856"
    }, {
      "d" : "1756452768331821347",
      "t" : 1756452768331,
      "tn" : 1756452768331821347,
      "q" : "9",
      "p" : "0.13968",
      "s" : "sell",
      "i" : "DEEP_USD",
      "m" : "4611686018427474855"
    }, {
      "d" : "1756452536044259896",
      "t" : 1756452536044,
      "tn" : 1756452536044259896,
      "q" : "105",
      "p" : "0.13864",
      "s" : "sell",
      "i" : "DEEP_USD",
      "m" : "4611686018427474854"
    }, {
      "d" : "1756452536044257903",
      "t" : 1756452536044,
      "tn" : 1756452536044257903,
      "q" : "9",
      "p" : "0.13878",
      "s" : "sell",
      "i" : "DEEP_USD",
      "m" : "4611686018427474853"
    }, {
      "d" : "1756452529592522415",
      "t" : 1756452529592,
      "tn" : 1756452529592522415,
      "q" : "105",
      "p" : "0.13875",
      "s" : "sell",
      "i" : "DEEP_USD",
      "m" : "4611686018427474852"
    }, {
      "d" : "1756452529592520437",
      "t" : 1756452529592,
      "tn" : 1756452529592520437,
      "q" : "9",
      "p" : "0.13889",
      "s" : "sell",
      "i" : "DEEP_USD",
      "m" : "4611686018427474851"
    }, {
      "d" : "1756452504870226417",
      "t" : 1756452504870,
      "tn" : 1756452504870226417,
      "q" : "106",
      "p" : "0.13875",
      "s" : "sell",
      "i" : "DEEP_USD",
      "m" : "4611686018427474850"
    }, {
      "d" : "1756452504870224590",
      "t" : 1756452504870,
      "tn" : 1756452504870224590,
      "q" : "9",
      "p" : "0.13888",
      "s" : "sell",
      "i" : "DEEP_USD",
      "m" : "4611686018427474849"
    }, {
      "d" : "1756452490729023156",
      "t" : 1756452490729,
      "tn" : 1756452490729023156,
      "q" : "105",
      "p" : "0.13874",
      "s" : "sell",
      "i" : "DEEP_USD",
      "m" : "4611686018427474848"
    }, {
      "d" : "1756452490729021004",
      "t" : 1756452490729,
      "tn" : 1756452490729021004,
      "q" : "9",
      "p" : "0.13884",
      "s" : "sell",
      "i" : "DEEP_USD",
      "m" : "4611686018427474847"
    }, {
      "d" : "1756452488449010500",
      "t" : 1756452488449,
      "tn" : 1756452488449010500,
      "q" : "105",
      "p" : "0.13875",
      "s" : "sell",
      "i" : "DEEP_USD",
      "m" : "4611686018427474846"
    }, {
      "d" : "1756452488449008339",
      "t" : 1756452488449,
      "tn" : 1756452488449008339,
      "q" : "9",
      "p" : "0.13883",
      "s" : "sell",
      "i" : "DEEP_USD",
      "m" : "4611686018427474845"
    }, {
      "d" : "1756452486240579293",
      "t" : 1756452486240,
      "tn" : 1756452486240579293,
      "q" : "105",
      "p" : "0.13872",
      "s" : "sell",
      "i" : "DEEP_USD",
      "m" : "4611686018427474844"
    }, {
      "d" : "1756452486240577101",
      "t" : 1756452486240,
      "tn" : 1756452486240577101,
      "q" : "9",
      "p" : "0.13884",
      "s" : "sell",
      "i" : "DEEP_USD",
      "m" : "4611686018427474843"
    }, {
      "d" : "1756452483009322732",
      "t" : 1756452483009,
      "tn" : 1756452483009322732,
      "q" : "79",
      "p" : "0.13869",
      "s" : "sell",
      "i" : "DEEP_USD",
      "m" : "4611686018427474842"
    }, {
      "d" : "1756452483009320524",
      "t" : 1756452483009,
      "tn" : 1756452483009320524,
      "q" : "9",
      "p" : "0.13878",
      "s" : "sell",
      "i" : "DEEP_USD",
      "m" : "4611686018427474841"
    }, {
      "d" : "1756452480016132377",
      "t" : 1756452480016,
      "tn" : 1756452480016132377,
      "q" : "120",
      "p" : "0.13864",
      "s" : "sell",
      "i" : "DEEP_USD",
      "m" : "4611686018427474840"
    }, {
      "d" : "1756452475167919253",
      "t" : 1756452475167,
      "tn" : 1756452475167919253,
      "q" : "65",
      "p" : "0.13860",
      "s" : "sell",
      "i" : "DEEP_USD",
      "m" : "4611686018427474839"
    }, {
      "d" : "1756452475167917435",
      "t" : 1756452475167,
      "tn" : 1756452475167917435,
      "q" : "9",
      "p" : "0.13866",
      "s" : "sell",
      "i" : "DEEP_USD",
      "m" : "4611686018427474838"
    }, {
      "d" : "1756452457785366942",
      "t" : 1756452457785,
      "tn" : 1756452457785366942,
      "q" : "72",
      "p" : "0.13850",
      "s" : "sell",
      "i" : "DEEP_USD",
      "m" : "4611686018427474837"
    }, {
      "d" : "1756452457785364740",
      "t" : 1756452457785,
      "tn" : 1756452457785364740,
      "q" : "9",
      "p" : "0.13863",
      "s" : "sell",
      "i" : "DEEP_USD",
      "m" : "4611686018427474836"
    }, {
      "d" : "1756452450546816560",
      "t" : 1756452450546,
      "tn" : 1756452450546816560,
      "q" : "106",
      "p" : "0.13833",
      "s" : "sell",
      "i" : "DEEP_USD",
      "m" : "4611686018427474835"
    }, {
      "d" : "1756452450546814474",
      "t" : 1756452450546,
      "tn" : 1756452450546814474,
      "q" : "9",
      "p" : "0.13845",
      "s" : "sell",
      "i" : "DEEP_USD",
      "m" : "4611686018427474834"
    }, {
      "d" : "1756452445717208111",
      "t" : 1756452445717,
      "tn" : 1756452445717208111,
      "q" : "69",
      "p" : "0.13815",
      "s" : "sell",
      "i" : "DEEP_USD",
      "m" : "4611686018427474833"
    }, {
      "d" : "1756452445717206498",
      "t" : 1756452445717,
      "tn" : 1756452445717206498,
      "q" : "9",
      "p" : "0.13822",
      "s" : "sell",
      "i" : "DEEP_USD",
      "m" : "4611686018427474832"
    }, {
      "d" : "1756452443706674884",
      "t" : 1756452443706,
      "tn" : 1756452443706674884,
      "q" : "89",
      "p" : "0.13811",
      "s" : "sell",
      "i" : "DEEP_USD",
      "m" : "4611686018427474831"
    }, {
      "d" : "1756452443706672421",
      "t" : 1756452443706,
      "tn" : 1756452443706672421,
      "q" : "9",
      "p" : "0.13825",
      "s" : "sell",
      "i" : "DEEP_USD",
      "m" : "4611686018427474830"
    }, {
      "d" : "1756452434706830718",
      "t" : 1756452434706,
      "tn" : 1756452434706830718,
      "q" : "106",
      "p" : "0.13843",
      "s" : "sell",
      "i" : "DEEP_USD",
      "m" : "4611686018427474829"
    }, {
      "d" : "1756452434706828305",
      "t" : 1756452434706,
      "tn" : 1756452434706828305,
      "q" : "9",
      "p" : "0.13860",
      "s" : "sell",
      "i" : "DEEP_USD",
      "m" : "4611686018427474828"
    }, {
      "d" : "1756452430548032030",
      "t" : 1756452430548,
      "tn" : 1756452430548032030,
      "q" : "68",
      "p" : "0.13825",
      "s" : "sell",
      "i" : "DEEP_USD",
      "m" : "4611686018427474827"
    }, {
      "d" : "1756452430548030276",
      "t" : 1756452430548,
      "tn" : 1756452430548030276,
      "q" : "9",
      "p" : "0.13845",
      "s" : "sell",
      "i" : "DEEP_USD",
      "m" : "4611686018427474826"
    }, {
      "d" : "1756452425548552476",
      "t" : 1756452425548,
      "tn" : 1756452425548552476,
      "q" : "86",
      "p" : "0.13824",
      "s" : "sell",
      "i" : "DEEP_USD",
      "m" : "4611686018427474825"
    }, {
      "d" : "1756452425548550792",
      "t" : 1756452425548,
      "tn" : 1756452425548550792,
      "q" : "9",
      "p" : "0.13831",
      "s" : "sell",
      "i" : "DEEP_USD",
      "m" : "4611686018427474824"
    }, {
      "d" : "1756452420547019886",
      "t" : 1756452420547,
      "tn" : 1756452420547019886,
      "q" : "109",
      "p" : "0.13834",
      "s" : "sell",
      "i" : "DEEP_USD",
      "m" : "4611686018427474823"
    }, {
      "d" : "1756452420547017813",
      "t" : 1756452420547,
      "tn" : 1756452420547017813,
      "q" : "9",
      "p" : "0.13854",
      "s" : "sell",
      "i" : "DEEP_USD",
      "m" : "4611686018427474822"
    }, {
      "d" : "1756452416306330181",
      "t" : 1756452416306,
      "tn" : 1756452416306330181,
      "q" : "114",
      "p" : "0.13850",
      "s" : "sell",
      "i" : "DEEP_USD",
      "m" : "4611686018427474821"
    }, {
      "d" : "1756452413707855606",
      "t" : 1756452413707,
      "tn" : 1756452413707855606,
      "q" : "107",
      "p" : "0.13853",
      "s" : "sell",
      "i" : "DEEP_USD",
      "m" : "4611686018427474820"
    }, {
      "d" : "1756452413707853952",
      "t" : 1756452413707,
      "tn" : 1756452413707853952,
      "q" : "9",
      "p" : "0.13870",
      "s" : "sell",
      "i" : "DEEP_USD",
      "m" : "4611686018427474819"
    }, {
      "d" : "1756452406417530562",
      "t" : 1756452406417,
      "tn" : 1756452406417530562,
      "q" : "77",
      "p" : "0.13863",
      "s" : "sell",
      "i" : "DEEP_USD",
      "m" : "4611686018427474818"
    }, {
      "d" : "1756452403707941378",
      "t" : 1756452403707,
      "tn" : 1756452403707941378,
      "q" : "85",
      "p" : "0.13889",
      "s" : "sell",
      "i" : "DEEP_USD",
      "m" : "4611686018427474817"
    }, {
      "d" : "1756452403707940173",
      "t" : 1756452403707,
      "tn" : 1756452403707940173,
      "q" : "9",
      "p" : "0.13890",
      "s" : "sell",
      "i" : "DEEP_USD",
      "m" : "4611686018427474816"
    }, {
      "d" : "1756452394587014811",
      "t" : 1756452394587,
      "tn" : 1756452394587014811,
      "q" : "110",
      "p" : "0.13946",
      "s" : "sell",
      "i" : "DEEP_USD",
      "m" : "4611686018427474815"
    }, {
      "d" : "1756452394587012871",
      "t" : 1756452394587,
      "tn" : 1756452394587012871,
      "q" : "9",
      "p" : "0.13963",
      "s" : "sell",
      "i" : "DEEP_USD",
      "m" : "4611686018427474814"
    }, {
      "d" : "1756451842046400129",
      "t" : 1756451842046,
      "tn" : 1756451842046400129,
      "q" : "105",
      "p" : "0.14006",
      "s" : "sell",
      "i" : "DEEP_USD",
      "m" : "4611686018427474813"
    }, {
      "d" : "1756451842046397943",
      "t" : 1756451842046,
      "tn" : 1756451842046397943,
      "q" : "9",
      "p" : "0.14014",
      "s" : "sell",
      "i" : "DEEP_USD",
      "m" : "4611686018427474812"
    }, {
      "d" : "1756451795291555581",
      "t" : 1756451795291,
      "tn" : 1756451795291555581,
      "q" : "70",
      "p" : "0.14029",
      "s" : "sell",
      "i" : "DEEP_USD",
      "m" : "4611686018427474811"
    }, {
      "d" : "1756451795291553293",
      "t" : 1756451795291,
      "tn" : 1756451795291553293,
      "q" : "9",
      "p" : "0.14035",
      "s" : "sell",
      "i" : "DEEP_USD",
      "m" : "4611686018427474810"
    }, {
      "d" : "1756451769610851759",
      "t" : 1756451769610,
      "tn" : 1756451769610851759,
      "q" : "73",
      "p" : "0.14032",
      "s" : "sell",
      "i" : "DEEP_USD",
      "m" : "4611686018427474809"
    }, {
      "d" : "1756451769610849215",
      "t" : 1756451769610,
      "tn" : 1756451769610849215,
      "q" : "9",
      "p" : "0.14036",
      "s" : "sell",
      "i" : "DEEP_USD",
      "m" : "4611686018427474808"
    }, {
      "d" : "1756451750367152472",
      "t" : 1756451750367,
      "tn" : 1756451750367152472,
      "q" : "89",
      "p" : "0.14010",
      "s" : "sell",
      "i" : "DEEP_USD",
      "m" : "4611686018427474807"
    }, {
      "d" : "1756451750367150536",
      "t" : 1756451750367,
      "tn" : 1756451750367150536,
      "q" : "9",
      "p" : "0.14014",
      "s" : "sell",
      "i" : "DEEP_USD",
      "m" : "4611686018427474806"
    }, {
      "d" : "1756451730793344246",
      "t" : 1756451730793,
      "tn" : 1756451730793344246,
      "q" : "83",
      "p" : "0.14004",
      "s" : "sell",
      "i" : "DEEP_USD",
      "m" : "4611686018427474805"
    }, {
      "d" : "1756451722580548543",
      "t" : 1756451722580,
      "tn" : 1756451722580548543,
      "q" : "88",
      "p" : "0.14008",
      "s" : "sell",
      "i" : "DEEP_USD",
      "m" : "4611686018427474804"
    }, {
      "d" : "1756451718718403263",
      "t" : 1756451718718,
      "tn" : 1756451718718403263,
      "q" : "80",
      "p" : "0.14009",
      "s" : "sell",
      "i" : "DEEP_USD",
      "m" : "4611686018427474803"
    }, {
      "d" : "1756451718718401414",
      "t" : 1756451718718,
      "tn" : 1756451718718401414,
      "q" : "9",
      "p" : "0.14014",
      "s" : "sell",
      "i" : "DEEP_USD",
      "m" : "4611686018427474802"
    }, {
      "d" : "1756451713928011202",
      "t" : 1756451713928,
      "tn" : 1756451713928011202,
      "q" : "121",
      "p" : "0.14004",
      "s" : "sell",
      "i" : "DEEP_USD",
      "m" : "4611686018427474801"
    }, {
      "d" : "1756451699898777872",
      "t" : 1756451699898,
      "tn" : 1756451699898777872,
      "q" : "114",
      "p" : "0.13996",
      "s" : "sell",
      "i" : "DEEP_USD",
      "m" : "4611686018427474800"
    }, {
      "d" : "1756451698292143877",
      "t" : 1756451698292,
      "tn" : 1756451698292143877,
      "q" : "103",
      "p" : "0.14002",
      "s" : "sell",
      "i" : "DEEP_USD",
      "m" : "4611686018427474799"
    }, {
      "d" : "1756451698292141711",
      "t" : 1756451698292,
      "tn" : 1756451698292141711,
      "q" : "9",
      "p" : "0.14010",
      "s" : "sell",
      "i" : "DEEP_USD",
      "m" : "4611686018427474798"
    }, {
      "d" : "1756451696847545665",
      "t" : 1756451696847,
      "tn" : 1756451696847545665,
      "q" : "104",
      "p" : "0.14001",
      "s" : "sell",
      "i" : "DEEP_USD",
      "m" : "4611686018427474797"
    }, {
      "d" : "1756451696847543835",
      "t" : 1756451696847,
      "tn" : 1756451696847543835,
      "q" : "9",
      "p" : "0.14010",
      "s" : "sell",
      "i" : "DEEP_USD",
      "m" : "4611686018427474796"
    }, {
      "d" : "1756451695461632277",
      "t" : 1756451695461,
      "tn" : 1756451695461632277,
      "q" : "79",
      "p" : "0.14001",
      "s" : "sell",
      "i" : "DEEP_USD",
      "m" : "4611686018427474795"
    }, {
      "d" : "1756451695461630610",
      "t" : 1756451695461,
      "tn" : 1756451695461630610,
      "q" : "9",
      "p" : "0.14010",
      "s" : "sell",
      "i" : "DEEP_USD",
      "m" : "4611686018427474794"
    }, {
      "d" : "1756451686602664851",
      "t" : 1756451686602,
      "tn" : 1756451686602664851,
      "q" : "74",
      "p" : "0.13992",
      "s" : "sell",
      "i" : "DEEP_USD",
      "m" : "4611686018427474793"
    }, {
      "d" : "1756451682677480258",
      "t" : 1756451682677,
      "tn" : 1756451682677480258,
      "q" : "88",
      "p" : "0.13997",
      "s" : "sell",
      "i" : "DEEP_USD",
      "m" : "4611686018427474792"
    }, {
      "d" : "1756451676701001234",
      "t" : 1756451676701,
      "tn" : 1756451676701001234,
      "q" : "98",
      "p" : "0.14001",
      "s" : "sell",
      "i" : "DEEP_USD",
      "m" : "4611686018427474791"
    }, {
      "d" : "1756451676701000427",
      "t" : 1756451676701,
      "tn" : 1756451676701000427,
      "q" : "9",
      "p" : "0.14005",
      "s" : "sell",
      "i" : "DEEP_USD",
      "m" : "4611686018427474790"
    }, {
      "d" : "1756451653553097238",
      "t" : 1756451653553,
      "tn" : 1756451653553097238,
      "q" : "87",
      "p" : "0.14022",
      "s" : "sell",
      "i" : "DEEP_USD",
      "m" : "4611686018427474789"
    }, {
      "d" : "1756451653553095303",
      "t" : 1756451653553,
      "tn" : 1756451653553095303,
      "q" : "9",
      "p" : "0.14027",
      "s" : "sell",
      "i" : "DEEP_USD",
      "m" : "4611686018427474788"
    }, {
      "d" : "1756451639028618040",
      "t" : 1756451639028,
      "tn" : 1756451639028618040,
      "q" : "89",
      "p" : "0.14019",
      "s" : "sell",
      "i" : "DEEP_USD",
      "m" : "4611686018427474787"
    }, {
      "d" : "1756451637286835628",
      "t" : 1756451637286,
      "tn" : 1756451637286835628,
      "q" : "74",
      "p" : "0.14034",
      "s" : "sell",
      "i" : "DEEP_USD",
      "m" : "4611686018427474786"
    }, {
      "d" : "1756451627565348574",
      "t" : 1756451627565,
      "tn" : 1756451627565348574,
      "q" : "103",
      "p" : "0.14035",
      "s" : "sell",
      "i" : "DEEP_USD",
      "m" : "4611686018427474785"
    }, {
      "d" : "1756451627565346656",
      "t" : 1756451627565,
      "tn" : 1756451627565346656,
      "q" : "9",
      "p" : "0.14041",
      "s" : "sell",
      "i" : "DEEP_USD",
      "m" : "4611686018427474784"
    }, {
      "d" : "1756450628518538395",
      "t" : 1756450628518,
      "tn" : 1756450628518538395,
      "q" : "9",
      "p" : "0.14342",
      "s" : "sell",
      "i" : "DEEP_USD",
      "m" : "4611686018427474783"
    }, {
      "d" : "1756450217334509705",
      "t" : 1756450217334,
      "tn" : 1756450217334509705,
      "q" : "9",
      "p" : "0.14302",
      "s" : "buy",
      "i" : "DEEP_USD",
      "m" : "4611686018427474782"
    }, {
      "d" : "1756450068866448154",
      "t" : 1756450068866,
      "tn" : 1756450068866448154,
      "q" : "9",
      "p" : "0.14341",
      "s" : "sell",
      "i" : "DEEP_USD",
      "m" : "4611686018427474781"
    }, {
      "d" : "1756450064087055963",
      "t" : 1756450064087,
      "tn" : 1756450064087055963,
      "q" : "9",
      "p" : "0.14351",
      "s" : "sell",
      "i" : "DEEP_USD",
      "m" : "4611686018427474780"
    }, {
      "d" : "1756450060371368359",
      "t" : 1756450060371,
      "tn" : 1756450060371368359,
      "q" : "496",
      "p" : "0.14364",
      "s" : "buy",
      "i" : "DEEP_USD",
      "m" : "4611686018427474779"
    }, {
      "d" : "1756450060371365977",
      "t" : 1756450060371,
      "tn" : 1756450060371365977,
      "q" : "9",
      "p" : "0.14352",
      "s" : "buy",
      "i" : "DEEP_USD",
      "m" : "4611686018427474778"
    }, {
      "d" : "1756450059778505768",
      "t" : 1756450059778,
      "tn" : 1756450059778505768,
      "q" : "9",
      "p" : "0.14351",
      "s" : "sell",
      "i" : "DEEP_USD",
      "m" : "4611686018427474777"
    }, {
      "d" : "1756449997933034931",
      "t" : 1756449997933,
      "tn" : 1756449997933034931,
      "q" : "9",
      "p" : "0.14319",
      "s" : "buy",
      "i" : "DEEP_USD",
      "m" : "4611686018427474776"
    }, {
      "d" : "1756449997848544625",
      "t" : 1756449997848,
      "tn" : 1756449997848544625,
      "q" : "9",
      "p" : "0.14307",
      "s" : "buy",
      "i" : "DEEP_USD",
      "m" : "4611686018427474775"
    }, {
      "d" : "1756449997772510309",
      "t" : 1756449997772,
      "tn" : 1756449997772510309,
      "q" : "497",
      "p" : "0.14287",
      "s" : "buy",
      "i" : "DEEP_USD",
      "m" : "4611686018427474774"
    }, {
      "d" : "1756449997772508238",
      "t" : 1756449997772,
      "tn" : 1756449997772508238,
      "q" : "9",
      "p" : "0.14273",
      "s" : "buy",
      "i" : "DEEP_USD",
      "m" : "4611686018427474773"
    }, {
      "d" : "1756449830847698561",
      "t" : 1756449830847,
      "tn" : 1756449830847698561,
      "q" : "478",
      "p" : "0.14265",
      "s" : "buy",
      "i" : "DEEP_USD",
      "m" : "4611686018427474772"
    }, {
      "d" : "1756449830847696405",
      "t" : 1756449830847,
      "tn" : 1756449830847696405,
      "q" : "9",
      "p" : "0.14252",
      "s" : "buy",
      "i" : "DEEP_USD",
      "m" : "4611686018427474771"
    }, {
      "d" : "1756449805724768509",
      "t" : 1756449805724,
      "tn" : 1756449805724768509,
      "q" : "480",
      "p" : "0.14232",
      "s" : "buy",
      "i" : "DEEP_USD",
      "m" : "4611686018427474770"
    }, {
      "d" : "1756449805724648791",
      "t" : 1756449805724,
      "tn" : 1756449805724648791,
      "q" : "9",
      "p" : "0.14216",
      "s" : "buy",
      "i" : "DEEP_USD",
      "m" : "4611686018427474769"
    }, {
      "d" : "1756449805724646865",
      "t" : 1756449805724,
      "tn" : 1756449805724646865,
      "q" : "1",
      "p" : "0.14200",
      "s" : "buy",
      "i" : "DEEP_USD",
      "m" : "4611686018427474768"
    }, {
      "d" : "1756449737551410150",
      "t" : 1756449737551,
      "tn" : 1756449737551410150,
      "q" : "498",
      "p" : "0.14182",
      "s" : "sell",
      "i" : "DEEP_USD",
      "m" : "4611686018427474767"
    }, {
      "d" : "1756449737551407878",
      "t" : 1756449737551,
      "tn" : 1756449737551407878,
      "q" : "9",
      "p" : "0.14194",
      "s" : "sell",
      "i" : "DEEP_USD",
      "m" : "4611686018427474766"
    }, {
      "d" : "1756449673261015153",
      "t" : 1756449673261,
      "tn" : 1756449673261015153,
      "q" : "9",
      "p" : "0.14181",
      "s" : "buy",
      "i" : "DEEP_USD",
      "m" : "4611686018427474765"
    }, {
      "d" : "1756449668259885114",
      "t" : 1756449668259,
      "tn" : 1756449668259885114,
      "q" : "9",
      "p" : "0.14176",
      "s" : "buy",
      "i" : "DEEP_USD",
      "m" : "4611686018427474764"
    }, {
      "d" : "1756449663261879221",
      "t" : 1756449663261,
      "tn" : 1756449663261879221,
      "q" : "9",
      "p" : "0.14176",
      "s" : "buy",
      "i" : "DEEP_USD",
      "m" : "4611686018427474763"
    }, {
      "d" : "1756449608018650829",
      "t" : 1756449608018,
      "tn" : 1756449608018650829,
      "q" : "479",
      "p" : "0.14182",
      "s" : "buy",
      "i" : "DEEP_USD",
      "m" : "4611686018427474762"
    }, {
      "d" : "1756449608018648678",
      "t" : 1756449608018,
      "tn" : 1756449608018648678,
      "q" : "9",
      "p" : "0.14178",
      "s" : "buy",
      "i" : "DEEP_USD",
      "m" : "4611686018427474761"
    } ]
  }
}