{
  "id" : -1,
  "method" : "public/get-trades",
  "code" : 0,
  "result" : {
    "data" : [ {
      "d" : "1756458146094822684",
      "t" : 1756458146094,
      "tn" : 1756458146094822684,
      "q" : "5200",
      "p" : "0.003227",
      "s" : "sell",
      "i" : "DEGEN_USD",
      "m" : "4611686018428262128"
    }, {
      "d" : "1756455344165290401",
      "t" : 1756455344165,
      "tn" : 1756455344165290401,
      "q" : "580",
      "p" : "0.003301",
      "s" : "buy",
      "i" : "DEGEN_USD",
      "m" : "4611686018428262127"
    }, {
      "d" : "1756449606413288100",
      "t" : 1756449606413,
      "tn" : 1756449606413288100,
      "q" : "6060",
      "p" : "0.003404",
      "s" : "sell",
      "i" : "DEGEN_USD",
      "m" : "4611686018428262126"
    }, {
      "d" : "1756449606413286391",
      "t" : 1756449606413,
      "tn" : 1756449606413286391,
      "q" : "370",
      "p" : "0.003454",
      "s" : "sell",
      "i" : "DEGEN_USD",
      "m" : "4611686018428262125"
    }, {
      "d" : "1756444171653493760",
      "t" : 1756444171653,
      "tn" : 1756444171653493760,
      "q" : "370",
      "p" : "0.003469",
      "s" : "sell",
      "i" : "DEGEN_USD",
      "m" : "4611686018428262124"
    }, {
      "d" : "1756430136604771693",
      "t" : 1756430136604,
      "tn" : 1756430136604771693,
      "q" : "11660",
      "p" : "0.003457",
      "s" : "sell",
      "i" : "DEGEN_USD",
      "m" : "4611686018428262123"
    }, {
      "d" : "1756430136603867779",
      "t" : 1756430136603,
      "tn" : 1756430136603867779,
      "q" : "370",
      "p" : "0.003491",
      "s" : "sell",
      "i" : "DEGEN_USD",
      "m" : "4611686018428262122"
    }, {
      "d" : "1756430136602931998",
      "t" : 1756430136602,
      "tn" : 1756430136602931998,
      "q" : "370",
      "p" : "0.003499",
      "s" : "sell",
      "i" : "DEGEN_USD",
      "m" : "4611686018428262121"
    }, {
      "d" : "1756425928940504593",
      "t" : 1756425928940,
      "tn" : 1756425928940504593,
      "q" : "370",
      "p" : "0.003472",
      "s" : "buy",
      "i" : "DEGEN_USD",
      "m" : "4611686018428262120"
    }, {
      "d" : "1756425466058396364",
      "t" : 1756425466058,
      "tn" : 1756425466058396364,
      "q" : "370",
      "p" : "0.003463",
      "s" : "buy",
      "i" : "DEGEN_USD",
      "m" : "4611686018428262119"
    }, {
      "d" : "1756423193584668611",
      "t" : 1756423193584,
      "tn" : 1756423193584668610,
      "q" : "370",
      "p" : "0.003466",
      "s" : "buy",
      "i" : "DEGEN_USD",
      "m" : "4611686018428262118"
    }, {
      "d" : "1756423193584668610",
      "t" : 1756423193584,
      "tn" : 1756423193584668610,
      "q" : "370",
      "p" : "0.003466",
      "s" : "buy",
      "i" : "DEGEN_USD",
      "m" : "4611686018428262118"
    }, {
      "d" : "1756423193584664103",
      "t" : 1756423193584,
      "tn" : 1756423193584664103,
      "q" : "370",
      "p" : "0.003463",
      "s" : "buy",
      "i" : "DEGEN_USD",
      "m" : "4611686018428262117"
    }, {
      "d" : "1756418878583336166",
      "t" : 1756418878583,
      "tn" : 1756418878583336166,
      "q" : "5380",
      "p" : "0.003462",
      "s" : "buy",
      "i" : "DEGEN_USD",
      "m" : "4611686018428262116"
    }, {
      "d" : "1756415096287789579",
      "t" : 1756415096287,
      "tn" : 1756415096287789579,
      "q" : "370",
      "p" : "0.003444",
      "s" : "sell",
      "i" : "DEGEN_USD",
      "m" : "4611686018428262115"
    }, {
      "d" : "1756408435805413053",
      "t" : 1756408435805,
      "tn" : 1756408435805413053,
      "q" : "71750",
      "p" : "0.003466",
      "s" : "sell",
      "i" : "DEGEN_USD",
      "m" : "4611686018428262114"
    }, {
      "d" : "1756408349343829608",
      "t" : 1756408349343,
      "tn" : 1756408349343829608,
      "q" : "370",
      "p" : "0.003466",
      "s" : "buy",
      "i" : "DEGEN_USD",
      "m" : "4611686018428262113"
    }, {
      "d" : "1756400662349887488",
      "t" : 1756400662349,
      "tn" : 1756400662349887488,
      "q" : "12230",
      "p" : "0.003380",
      "s" : "sell",
      "i" : "DEGEN_USD",
      "m" : "4611686018428262112"
    }, {
      "d" : "1756400662349824314",
      "t" : 1756400662349,
      "tn" : 1756400662349824314,
      "q" : "61190",
      "p" : "0.003380",
      "s" : "sell",
      "i" : "DEGEN_USD",
      "m" : "4611686018428262111"
    }, {
      "d" : "1756400662349822127",
      "t" : 1756400662349,
      "tn" : 1756400662349822126,
      "q" : "69510",
      "p" : "0.003380",
      "s" : "sell",
      "i" : "DEGEN_USD",
      "m" : "4611686018428262110"
    }, {
      "d" : "1756400662349822126",
      "t" : 1756400662349,
      "tn" : 1756400662349822126,
      "q" : "54280",
      "p" : "0.003380",
      "s" : "sell",
      "i" : "DEGEN_USD",
      "m" : "4611686018428262110"
    }, {
      "d" : "1756400662349818899",
      "t" : 1756400662349,
      "tn" : 1756400662349818899,
      "q" : "133710",
      "p" : "0.003380",
      "s" : "sell",
      "i" : "DEGEN_USD",
      "m" : "4611686018428262109"
    }, {
      "d" : "1756400662349817394",
      "t" : 1756400662349,
      "tn" : 1756400662349817394,
      "q" : "176960",
      "p" : "0.003384",
      "s" : "sell",
      "i" : "DEGEN_USD",
      "m" : "4611686018428262108"
    }, {
      "d" : "1756400662349815141",
      "t" : 1756400662349,
      "tn" : 1756400662349815141,
      "q" : "47530",
      "p" : "0.003390",
      "s" : "sell",
      "i" : "DEGEN_USD",
      "m" : "4611686018428262107"
    }, {
      "d" : "1756400662346338610",
      "t" : 1756400662346,
      "tn" : 1756400662346338610,
      "q" : "23000",
      "p" : "0.003390",
      "s" : "sell",
      "i" : "DEGEN_USD",
      "m" : "4611686018428262106"
    }, {
      "d" : "1756400662346336408",
      "t" : 1756400662346,
      "tn" : 1756400662346336408,
      "q" : "115000",
      "p" : "0.003390",
      "s" : "sell",
      "i" : "DEGEN_USD",
      "m" : "4611686018428262105"
    }, {
      "d" : "1756400662346334273",
      "t" : 1756400662346,
      "tn" : 1756400662346334273,
      "q" : "2460",
      "p" : "0.003390",
      "s" : "sell",
      "i" : "DEGEN_USD",
      "m" : "4611686018428262104"
    }, {
      "d" : "1756400662346332153",
      "t" : 1756400662346,
      "tn" : 1756400662346332152,
      "q" : "259420",
      "p" : "0.003392",
      "s" : "sell",
      "i" : "DEGEN_USD",
      "m" : "4611686018428262103"
    }, {
      "d" : "1756400662346332152",
      "t" : 1756400662346,
      "tn" : 1756400662346332152,
      "q" : "6770",
      "p" : "0.003392",
      "s" : "sell",
      "i" : "DEGEN_USD",
      "m" : "4611686018428262103"
    }, {
      "d" : "1756400662344642741",
      "t" : 1756400662344,
      "tn" : 1756400662344642741,
      "q" : "10440",
      "p" : "0.003392",
      "s" : "sell",
      "i" : "DEGEN_USD",
      "m" : "4611686018428262102"
    }, {
      "d" : "1756400662344618528",
      "t" : 1756400662344,
      "tn" : 1756400662344618528,
      "q" : "63050",
      "p" : "0.003392",
      "s" : "sell",
      "i" : "DEGEN_USD",
      "m" : "4611686018428262101"
    }, {
      "d" : "1756400662344091351",
      "t" : 1756400662344,
      "tn" : 1756400662344091351,
      "q" : "96700",
      "p" : "0.003392",
      "s" : "sell",
      "i" : "DEGEN_USD",
      "m" : "4611686018428262100"
    }, {
      "d" : "1756400662344089686",
      "t" : 1756400662344,
      "tn" : 1756400662344089686,
      "q" : "171950",
      "p" : "0.003399",
      "s" : "sell",
      "i" : "DEGEN_USD",
      "m" : "4611686018428262099"
    }, {
      "d" : "1756400662336880639",
      "t" : 1756400662336,
      "tn" : 1756400662336880639,
      "q" : "4400",
      "p" : "0.003399",
      "s" : "sell",
      "i" : "DEGEN_USD",
      "m" : "4611686018428262098"
    }, {
      "d" : "1756400662318725822",
      "t" : 1756400662318,
      "tn" : 1756400662318725822,
      "q" : "26320",
      "p" : "0.003399",
      "s" : "sell",
      "i" : "DEGEN_USD",
      "m" : "4611686018428262097"
    }, {
      "d" : "1756400662318723770",
      "t" : 1756400662318,
      "tn" : 1756400662318723770,
      "q" : "2950",
      "p" : "0.003400",
      "s" : "sell",
      "i" : "DEGEN_USD",
      "m" : "4611686018428262096"
    }, {
      "d" : "1756394879899239298",
      "t" : 1756394879899,
      "tn" : 1756394879899239298,
      "q" : "7000",
      "p" : "0.003468",
      "s" : "sell",
      "i" : "DEGEN_USD",
      "m" : "4611686018428262095"
    }, {
      "d" : "1756391761650953235",
      "t" : 1756391761650,
      "tn" : 1756391761650953235,
      "q" : "2650",
      "p" : "0.003465",
      "s" : "sell",
      "i" : "DEGEN_USD",
      "m" : "4611686018428262094"
    }, {
      "d" : "1756384749508461702",
      "t" : 1756384749508,
      "tn" : 1756384749508461702,
      "q" : "2880",
      "p" : "0.003490",
      "s" : "buy",
      "i" : "DEGEN_USD",
      "m" : "4611686018428262093"
    }, {
      "d" : "1756376569310698805",
      "t" : 1756376569310,
      "tn" : 1756376569310698805,
      "q" : "4000",
      "p" : "0.003453",
      "s" : "sell",
      "i" : "DEGEN_USD",
      "m" : "4611686018428262092"
    }, {
      "d" : "1756376157435431710",
      "t" : 1756376157435,
      "tn" : 1756376157435431710,
      "q" : "20000",
      "p" : "0.003465",
      "s" : "sell",
      "i" : "DEGEN_USD",
      "m" : "4611686018428262091"
    } ]
  }
}