{
  "id" : -1,
  "method" : "public/get-trades",
  "code" : 0,
  "result" : {
    "data" : [ {
      "d" : "1756458858694372933",
      "t" : 1756458858694,
      "tn" : 1756458858694372933,
      "q" : "2500",
      "p" : "0.008482",
      "s" : "sell",
      "i" : "DGB_USD",
      "m" : "4611686018430580227"
    }, {
      "d" : "1756458159603317815",
      "t" : 1756458159603,
      "tn" : 1756458159603317815,
      "q" : "2130",
      "p" : "0.008526",
      "s" : "sell",
      "i" : "DGB_USD",
      "m" : "4611686018430580226"
    }, {
      "d" : "1756457197048926315",
      "t" : 1756457197048,
      "tn" : 1756457197048926315,
      "q" : "2500",
      "p" : "0.008602",
      "s" : "sell",
      "i" : "DGB_USD",
      "m" : "4611686018430580225"
    }, {
      "d" : "1756457072701275985",
      "t" : 1756457072701,
      "tn" : 1756457072701275985,
      "q" : "1700",
      "p" : "0.008621",
      "s" : "sell",
      "i" : "DGB_USD",
      "m" : "4611686018430580224"
    }, {
      "d" : "1756457072690960472",
      "t" : 1756457072690,
      "tn" : 1756457072690960472,
      "q" : "1700",
      "p" : "0.008621",
      "s" : "sell",
      "i" : "DGB_USD",
      "m" : "4611686018430580223"
    }, {
      "d" : "1756455938848205486",
      "t" : 1756455938848,
      "tn" : 1756455938848205486,
      "q" : "6070",
      "p" : "0.008572",
      "s" : "sell",
      "i" : "DGB_USD",
      "m" : "4611686018430580222"
    }, {
      "d" : "1756454869257765000",
      "t" : 1756454869257,
      "tn" : 1756454869257765000,
      "q" : "2020",
      "p" : "0.008683",
      "s" : "sell",
      "i" : "DGB_USD",
      "m" : "4611686018430580221"
    }, {
      "d" : "1756453403655815770",
      "t" : 1756453403655,
      "tn" : 1756453403655815770,
      "q" : "1570",
      "p" : "0.008632",
      "s" : "sell",
      "i" : "DGB_USD",
      "m" : "4611686018430580220"
    }, {
      "d" : "1756452641601412553",
      "t" : 1756452641601,
      "tn" : 1756452641601412553,
      "q" : "32210",
      "p" : "0.008659",
      "s" : "buy",
      "i" : "DGB_USD",
      "m" : "4611686018430580219"
    }, {
      "d" : "1756452496716179146",
      "t" : 1756452496716,
      "tn" : 1756452496716179146,
      "q" : "20010",
      "p" : "0.008673",
      "s" : "sell",
      "i" : "DGB_USD",
      "m" : "4611686018430580218"
    }, {
      "d" : "1756451716168772274",
      "t" : 1756451716168,
      "tn" : 1756451716168772274,
      "q" : "2090",
      "p" : "0.008673",
      "s" : "sell",
      "i" : "DGB_USD",
      "m" : "4611686018430580217"
    }, {
      "d" : "1756451526005727375",
      "t" : 1756451526005,
      "tn" : 1756451526005727375,
      "q" : "10540",
      "p" : "0.008690",
      "s" : "buy",
      "i" : "DGB_USD",
      "m" : "4611686018430580216"
    }, {
      "d" : "1756450520473206923",
      "t" : 1756450520473,
      "tn" : 1756450520473206923,
      "q" : "39800",
      "p" : "0.008754",
      "s" : "buy",
      "i" : "DGB_USD",
      "m" : "4611686018430580215"
    }, {
      "d" : "1756450346658389503",
      "t" : 1756450346658,
      "tn" : 1756450346658389503,
      "q" : "12700",
      "p" : "0.008793",
      "s" : "sell",
      "i" : "DGB_USD",
      "m" : "4611686018430580214"
    }, {
      "d" : "1756449903064782960",
      "t" : 1756449903064,
      "tn" : 1756449903064782960,
      "q" : "16430",
      "p" : "0.008793",
      "s" : "sell",
      "i" : "DGB_USD",
      "m" : "4611686018430580213"
    }, {
      "d" : "1756449357198370310",
      "t" : 1756449357198,
      "tn" : 1756449357198370310,
      "q" : "1670",
      "p" : "0.008725",
      "s" : "buy",
      "i" : "DGB_USD",
      "m" : "4611686018430580212"
    }, {
      "d" : "1756449357190802645",
      "t" : 1756449357190,
      "tn" : 1756449357190802645,
      "q" : "2580",
      "p" : "0.008725",
      "s" : "sell",
      "i" : "DGB_USD",
      "m" : "4611686018430580211"
    }, {
      "d" : "1756449166403296966",
      "t" : 1756449166403,
      "tn" : 1756449166403296966,
      "q" : "2370",
      "p" : "0.008786",
      "s" : "sell",
      "i" : "DGB_USD",
      "m" : "4611686018430580210"
    }, {
      "d" : "1756447246280722676",
      "t" : 1756447246280,
      "tn" : 1756447246280722676,
      "q" : "6970",
      "p" : "0.008805",
      "s" : "buy",
      "i" : "DGB_USD",
      "m" : "4611686018430580209"
    }, {
      "d" : "1756447246270568297",
      "t" : 1756447246270,
      "tn" : 1756447246270568296,
      "q" : "2530",
      "p" : "0.008805",
      "s" : "sell",
      "i" : "DGB_USD",
      "m" : "4611686018430580208"
    }, {
      "d" : "1756447246270568296",
      "t" : 1756447246270,
      "tn" : 1756447246270568296,
      "q" : "5760",
      "p" : "0.008805",
      "s" : "sell",
      "i" : "DGB_USD",
      "m" : "4611686018430580208"
    }, {
      "d" : "1756444195896038823",
      "t" : 1756444195896,
      "tn" : 1756444195896038823,
      "q" : "36370",
      "p" : "0.008819",
      "s" : "buy",
      "i" : "DGB_USD",
      "m" : "4611686018430580207"
    }, {
      "d" : "1756444195893440592",
      "t" : 1756444195893,
      "tn" : 1756444195893440592,
      "q" : "2060",
      "p" : "0.008819",
      "s" : "sell",
      "i" : "DGB_USD",
      "m" : "4611686018430580206"
    }, {
      "d" : "1756443384200903766",
      "t" : 1756443384200,
      "tn" : 1756443384200903766,
      "q" : "1650",
      "p" : "0.008880",
      "s" : "sell",
      "i" : "DGB_USD",
      "m" : "4611686018430580205"
    }, {
      "d" : "1756441612420303778",
      "t" : 1756441612420,
      "tn" : 1756441612420303778,
      "q" : "10760",
      "p" : "0.008902",
      "s" : "sell",
      "i" : "DGB_USD",
      "m" : "4611686018430580204"
    }, {
      "d" : "1756441535991192124",
      "t" : 1756441535991,
      "tn" : 1756441535991192124,
      "q" : "10800",
      "p" : "0.008862",
      "s" : "buy",
      "i" : "DGB_USD",
      "m" : "4611686018430580203"
    }, {
      "d" : "1756441529222046221",
      "t" : 1756441529222,
      "tn" : 1756441529222046221,
      "q" : "12100",
      "p" : "0.008902",
      "s" : "sell",
      "i" : "DGB_USD",
      "m" : "4611686018430580202"
    }, {
      "d" : "1756439501078806014",
      "t" : 1756439501078,
      "tn" : 1756439501078806014,
      "q" : "8350",
      "p" : "0.008859",
      "s" : "buy",
      "i" : "DGB_USD",
      "m" : "4611686018430580201"
    }, {
      "d" : "1756439474625874552",
      "t" : 1756439474625,
      "tn" : 1756439474625874552,
      "q" : "11170",
      "p" : "0.008841",
      "s" : "sell",
      "i" : "DGB_USD",
      "m" : "4611686018430580200"
    }, {
      "d" : "1756439440479414230",
      "t" : 1756439440479,
      "tn" : 1756439440479414230,
      "q" : "10140",
      "p" : "0.008877",
      "s" : "buy",
      "i" : "DGB_USD",
      "m" : "4611686018430580199"
    }, {
      "d" : "1756438859616083841",
      "t" : 1756438859616,
      "tn" : 1756438859616083841,
      "q" : "3250",
      "p" : "0.008902",
      "s" : "sell",
      "i" : "DGB_USD",
      "m" : "4611686018430580198"
    }, {
      "d" : "1756438068556791054",
      "t" : 1756438068556,
      "tn" : 1756438068556791054,
      "q" : "53000",
      "p" : "0.008880",
      "s" : "sell",
      "i" : "DGB_USD",
      "m" : "4611686018430580197"
    }, {
      "d" : "1756438043047054032",
      "t" : 1756438043047,
      "tn" : 1756438043047054032,
      "q" : "22490",
      "p" : "0.008846",
      "s" : "buy",
      "i" : "DGB_USD",
      "m" : "4611686018430580196"
    }, {
      "d" : "1756437075905922989",
      "t" : 1756437075905,
      "tn" : 1756437075905922989,
      "q" : "61440",
      "p" : "0.008832",
      "s" : "sell",
      "i" : "DGB_USD",
      "m" : "4611686018430580195"
    }, {
      "d" : "1756434764928950294",
      "t" : 1756434764928,
      "tn" : 1756434764928950294,
      "q" : "5670",
      "p" : "0.008893",
      "s" : "sell",
      "i" : "DGB_USD",
      "m" : "4611686018430580194"
    }, {
      "d" : "1756434443055410377",
      "t" : 1756434443055,
      "tn" : 1756434443055410377,
      "q" : "10000",
      "p" : "0.008862",
      "s" : "sell",
      "i" : "DGB_USD",
      "m" : "4611686018430580193"
    }, {
      "d" : "1756434318632939690",
      "t" : 1756434318632,
      "tn" : 1756434318632939690,
      "q" : "4830",
      "p" : "0.008872",
      "s" : "sell",
      "i" : "DGB_USD",
      "m" : "4611686018430580192"
    }, {
      "d" : "1756431937478231889",
      "t" : 1756431937478,
      "tn" : 1756431937478231889,
      "q" : "2430",
      "p" : "0.008901",
      "s" : "sell",
      "i" : "DGB_USD",
      "m" : "4611686018430580191"
    }, {
      "d" : "1756431855946893603",
      "t" : 1756431855946,
      "tn" : 1756431855946893603,
      "q" : "2390",
      "p" : "0.008901",
      "s" : "sell",
      "i" : "DGB_USD",
      "m" : "4611686018430580190"
    }, {
      "d" : "1756431091362299329",
      "t" : 1756431091362,
      "tn" : 1756431091362299329,
      "q" : "10790",
      "p" : "0.008891",
      "s" : "sell",
      "i" : "DGB_USD",
      "m" : "4611686018430580189"
    }, {
      "d" : "1756430856273331070",
      "t" : 1756430856273,
      "tn" : 1756430856273331070,
      "q" : "7320",
      "p" : "0.008822",
      "s" : "sell",
      "i" : "DGB_USD",
      "m" : "4611686018430580188"
    }, {
      "d" : "1756430791371235568",
      "t" : 1756430791371,
      "tn" : 1756430791371235568,
      "q" : "12430",
      "p" : "0.008847",
      "s" : "buy",
      "i" : "DGB_USD",
      "m" : "4611686018430580187"
    }, {
      "d" : "1756430504073919179",
      "t" : 1756430504073,
      "tn" : 1756430504073919179,
      "q" : "11350",
      "p" : "0.008822",
      "s" : "sell",
      "i" : "DGB_USD",
      "m" : "4611686018430580186"
    }, {
      "d" : "1756429823546641761",
      "t" : 1756429823546,
      "tn" : 1756429823546641761,
      "q" : "3390",
      "p" : "0.008871",
      "s" : "sell",
      "i" : "DGB_USD",
      "m" : "4611686018430580185"
    }, {
      "d" : "1756429820248519844",
      "t" : 1756429820248,
      "tn" : 1756429820248519844,
      "q" : "10",
      "p" : "0.008871",
      "s" : "buy",
      "i" : "DGB_USD",
      "m" : "4611686018430580184"
    }, {
      "d" : "1756429820246207233",
      "t" : 1756429820246,
      "tn" : 1756429820246207233,
      "q" : "117900",
      "p" : "0.008871",
      "s" : "buy",
      "i" : "DGB_USD",
      "m" : "4611686018430580183"
    }, {
      "d" : "1756429820242975008",
      "t" : 1756429820242,
      "tn" : 1756429820242975008,
      "q" : "23690",
      "p" : "0.008871",
      "s" : "sell",
      "i" : "DGB_USD",
      "m" : "4611686018430580182"
    }, {
      "d" : "1756429636193675437",
      "t" : 1756429636193,
      "tn" : 1756429636193675437,
      "q" : "8650",
      "p" : "0.008933",
      "s" : "sell",
      "i" : "DGB_USD",
      "m" : "4611686018430580181"
    }, {
      "d" : "1756429098711788166",
      "t" : 1756429098711,
      "tn" : 1756429098711788166,
      "q" : "10790",
      "p" : "0.008953",
      "s" : "sell",
      "i" : "DGB_USD",
      "m" : "4611686018430580180"
    }, {
      "d" : "1756428394225983512",
      "t" : 1756428394225,
      "tn" : 1756428394225983512,
      "q" : "1530",
      "p" : "0.008973",
      "s" : "sell",
      "i" : "DGB_USD",
      "m" : "4611686018430580179"
    }, {
      "d" : "1756427749395529830",
      "t" : 1756427749395,
      "tn" : 1756427749395529830,
      "q" : "10470",
      "p" : "0.008982",
      "s" : "sell",
      "i" : "DGB_USD",
      "m" : "4611686018430580178"
    }, {
      "d" : "1756425907178439504",
      "t" : 1756425907178,
      "tn" : 1756425907178439504,
      "q" : "100180",
      "p" : "0.008958",
      "s" : "buy",
      "i" : "DGB_USD",
      "m" : "4611686018430580177"
    }, {
      "d" : "1756425877282439492",
      "t" : 1756425877282,
      "tn" : 1756425877282439492,
      "q" : "2500",
      "p" : "0.009001",
      "s" : "buy",
      "i" : "DGB_USD",
      "m" : "4611686018430580176"
    }, {
      "d" : "1756425285971760233",
      "t" : 1756425285971,
      "tn" : 1756425285971760233,
      "q" : "2500",
      "p" : "0.008938",
      "s" : "buy",
      "i" : "DGB_USD",
      "m" : "4611686018430580175"
    }, {
      "d" : "1756424696821156033",
      "t" : 1756424696821,
      "tn" : 1756424696821156033,
      "q" : "48520",
      "p" : "0.008983",
      "s" : "sell",
      "i" : "DGB_USD",
      "m" : "4611686018430580174"
    }, {
      "d" : "1756424041533189971",
      "t" : 1756424041533,
      "tn" : 1756424041533189971,
      "q" : "5390",
      "p" : "0.008973",
      "s" : "sell",
      "i" : "DGB_USD",
      "m" : "4611686018430580173"
    }, {
      "d" : "1756423645643085737",
      "t" : 1756423645643,
      "tn" : 1756423645643085737,
      "q" : "1650",
      "p" : "0.008973",
      "s" : "sell",
      "i" : "DGB_USD",
      "m" : "4611686018430580172"
    }, {
      "d" : "1756423030564431179",
      "t" : 1756423030564,
      "tn" : 1756423030564431179,
      "q" : "1470",
      "p" : "0.008993",
      "s" : "sell",
      "i" : "DGB_USD",
      "m" : "4611686018430580171"
    }, {
      "d" : "1756422736037126841",
      "t" : 1756422736037,
      "tn" : 1756422736037126841,
      "q" : "8280",
      "p" : "0.008982",
      "s" : "sell",
      "i" : "DGB_USD",
      "m" : "4611686018430580170"
    }, {
      "d" : "1756422045546018258",
      "t" : 1756422045546,
      "tn" : 1756422045546018258,
      "q" : "5700",
      "p" : "0.008977",
      "s" : "buy",
      "i" : "DGB_USD",
      "m" : "4611686018430580169"
    }, {
      "d" : "1756421432012747201",
      "t" : 1756421432012,
      "tn" : 1756421432012747201,
      "q" : "2120",
      "p" : "0.008940",
      "s" : "sell",
      "i" : "DGB_USD",
      "m" : "4611686018430580168"
    }, {
      "d" : "1756421320071700122",
      "t" : 1756421320071,
      "tn" : 1756421320071700122,
      "q" : "31060",
      "p" : "0.008941",
      "s" : "buy",
      "i" : "DGB_USD",
      "m" : "4611686018430580167"
    }, {
      "d" : "1756421320069293779",
      "t" : 1756421320069,
      "tn" : 1756421320069293779,
      "q" : "1640",
      "p" : "0.008941",
      "s" : "sell",
      "i" : "DGB_USD",
      "m" : "4611686018430580166"
    }, {
      "d" : "1756421270950901762",
      "t" : 1756421270950,
      "tn" : 1756421270950901762,
      "q" : "2060",
      "p" : "0.008966",
      "s" : "buy",
      "i" : "DGB_USD",
      "m" : "4611686018430580165"
    }, {
      "d" : "1756421097359843680",
      "t" : 1756421097359,
      "tn" : 1756421097359843680,
      "q" : "10",
      "p" : "0.008922",
      "s" : "buy",
      "i" : "DGB_USD",
      "m" : "4611686018430580164"
    }, {
      "d" : "1756421097357501830",
      "t" : 1756421097357,
      "tn" : 1756421097357501830,
      "q" : "139950",
      "p" : "0.008922",
      "s" : "buy",
      "i" : "DGB_USD",
      "m" : "4611686018430580163"
    }, {
      "d" : "1756421097353640248",
      "t" : 1756421097353,
      "tn" : 1756421097353640248,
      "q" : "1640",
      "p" : "0.008922",
      "s" : "sell",
      "i" : "DGB_USD",
      "m" : "4611686018430580162"
    }, {
      "d" : "1756420524339464595",
      "t" : 1756420524339,
      "tn" : 1756420524339464595,
      "q" : "8290",
      "p" : "0.008931",
      "s" : "sell",
      "i" : "DGB_USD",
      "m" : "4611686018430580161"
    }, {
      "d" : "1756419700638787871",
      "t" : 1756419700638,
      "tn" : 1756419700638787871,
      "q" : "3930",
      "p" : "0.008904",
      "s" : "buy",
      "i" : "DGB_USD",
      "m" : "4611686018430580160"
    }, {
      "d" : "1756419432003523592",
      "t" : 1756419432003,
      "tn" : 1756419432003523592,
      "q" : "2180",
      "p" : "0.008904",
      "s" : "buy",
      "i" : "DGB_USD",
      "m" : "4611686018430580159"
    }, {
      "d" : "1756418747440632193",
      "t" : 1756418747440,
      "tn" : 1756418747440632193,
      "q" : "2260",
      "p" : "0.008855",
      "s" : "buy",
      "i" : "DGB_USD",
      "m" : "4611686018430580158"
    }, {
      "d" : "1756418668038695096",
      "t" : 1756418668038,
      "tn" : 1756418668038695096,
      "q" : "3380",
      "p" : "0.008867",
      "s" : "buy",
      "i" : "DGB_USD",
      "m" : "4611686018430580157"
    }, {
      "d" : "1756418667963264513",
      "t" : 1756418667963,
      "tn" : 1756418667963264513,
      "q" : "3200",
      "p" : "0.008867",
      "s" : "buy",
      "i" : "DGB_USD",
      "m" : "4611686018430580156"
    }, {
      "d" : "1756418667961214468",
      "t" : 1756418667961,
      "tn" : 1756418667961214468,
      "q" : "2140",
      "p" : "0.008867",
      "s" : "buy",
      "i" : "DGB_USD",
      "m" : "4611686018430580155"
    }, {
      "d" : "1756416231967038754",
      "t" : 1756416231967,
      "tn" : 1756416231967038754,
      "q" : "5130",
      "p" : "0.008952",
      "s" : "sell",
      "i" : "DGB_USD",
      "m" : "4611686018430580154"
    }, {
      "d" : "1756416231960110026",
      "t" : 1756416231960,
      "tn" : 1756416231960110026,
      "q" : "1310",
      "p" : "0.008952",
      "s" : "buy",
      "i" : "DGB_USD",
      "m" : "4611686018430580153"
    }, {
      "d" : "1756415167803525754",
      "t" : 1756415167803,
      "tn" : 1756415167803525754,
      "q" : "25000",
      "p" : "0.008904",
      "s" : "buy",
      "i" : "DGB_USD",
      "m" : "4611686018430580152"
    }, {
      "d" : "1756414781675308083",
      "t" : 1756414781675,
      "tn" : 1756414781675308083,
      "q" : "4140",
      "p" : "0.008897",
      "s" : "buy",
      "i" : "DGB_USD",
      "m" : "4611686018430580151"
    }, {
      "d" : "1756414760752074990",
      "t" : 1756414760752,
      "tn" : 1756414760752074990,
      "q" : "4570",
      "p" : "0.008932",
      "s" : "sell",
      "i" : "DGB_USD",
      "m" : "4611686018430580150"
    }, {
      "d" : "1756413946804115240",
      "t" : 1756413946804,
      "tn" : 1756413946804115240,
      "q" : "8640",
      "p" : "0.008904",
      "s" : "buy",
      "i" : "DGB_USD",
      "m" : "4611686018430580149"
    }, {
      "d" : "1756413799540395885",
      "t" : 1756413799540,
      "tn" : 1756413799540395885,
      "q" : "1570",
      "p" : "0.008952",
      "s" : "sell",
      "i" : "DGB_USD",
      "m" : "4611686018430580148"
    }, {
      "d" : "1756411966618116399",
      "t" : 1756411966618,
      "tn" : 1756411966618116399,
      "q" : "48730",
      "p" : "0.008842",
      "s" : "buy",
      "i" : "DGB_USD",
      "m" : "4611686018430580147"
    }, {
      "d" : "1756411966617367830",
      "t" : 1756411966617,
      "tn" : 1756411966617367830,
      "q" : "2860",
      "p" : "0.008842",
      "s" : "buy",
      "i" : "DGB_USD",
      "m" : "4611686018430580146"
    }, {
      "d" : "1756411817178346055",
      "t" : 1756411817178,
      "tn" : 1756411817178346055,
      "q" : "4200",
      "p" : "0.008835",
      "s" : "buy",
      "i" : "DGB_USD",
      "m" : "4611686018430580145"
    }, {
      "d" : "1756411777268804030",
      "t" : 1756411777268,
      "tn" : 1756411777268804030,
      "q" : "39360",
      "p" : "0.008863",
      "s" : "sell",
      "i" : "DGB_USD",
      "m" : "4611686018430580144"
    }, {
      "d" : "1756411774137004554",
      "t" : 1756411774137,
      "tn" : 1756411774137004554,
      "q" : "1660",
      "p" : "0.008852",
      "s" : "buy",
      "i" : "DGB_USD",
      "m" : "4611686018430580143"
    }, {
      "d" : "1756411173282022534",
      "t" : 1756411173282,
      "tn" : 1756411173282022534,
      "q" : "2060",
      "p" : "0.008819",
      "s" : "sell",
      "i" : "DGB_USD",
      "m" : "4611686018430580142"
    }, {
      "d" : "1756410906805670033",
      "t" : 1756410906805,
      "tn" : 1756410906805670033,
      "q" : "29060",
      "p" : "0.008826",
      "s" : "buy",
      "i" : "DGB_USD",
      "m" : "4611686018430580141"
    }, {
      "d" : "1756410906800654669",
      "t" : 1756410906800,
      "tn" : 1756410906800654669,
      "q" : "30130",
      "p" : "0.008826",
      "s" : "buy",
      "i" : "DGB_USD",
      "m" : "4611686018430580140"
    }, {
      "d" : "1756410906796111091",
      "t" : 1756410906796,
      "tn" : 1756410906796111091,
      "q" : "30130",
      "p" : "0.008826",
      "s" : "buy",
      "i" : "DGB_USD",
      "m" : "4611686018430580139"
    }, {
      "d" : "1756410906794630110",
      "t" : 1756410906794,
      "tn" : 1756410906794630110,
      "q" : "3590",
      "p" : "0.008826",
      "s" : "buy",
      "i" : "DGB_USD",
      "m" : "4611686018430580138"
    }, {
      "d" : "1756410906794124258",
      "t" : 1756410906794,
      "tn" : 1756410906794124258,
      "q" : "3580",
      "p" : "0.008826",
      "s" : "buy",
      "i" : "DGB_USD",
      "m" : "4611686018430580137"
    }, {
      "d" : "1756410904390012296",
      "t" : 1756410904390,
      "tn" : 1756410904390012296,
      "q" : "22200",
      "p" : "0.008820",
      "s" : "buy",
      "i" : "DGB_USD",
      "m" : "4611686018430580136"
    }, {
      "d" : "1756410904384986202",
      "t" : 1756410904384,
      "tn" : 1756410904384986202,
      "q" : "29850",
      "p" : "0.008820",
      "s" : "buy",
      "i" : "DGB_USD",
      "m" : "4611686018430580135"
    }, {
      "d" : "1756410904380004572",
      "t" : 1756410904380,
      "tn" : 1756410904380004572,
      "q" : "29850",
      "p" : "0.008820",
      "s" : "buy",
      "i" : "DGB_USD",
      "m" : "4611686018430580134"
    }, {
      "d" : "1756410904378861650",
      "t" : 1756410904378,
      "tn" : 1756410904378861650,
      "q" : "29850",
      "p" : "0.008820",
      "s" : "buy",
      "i" : "DGB_USD",
      "m" : "4611686018430580133"
    }, {
      "d" : "1756410904370122027",
      "t" : 1756410904370,
      "tn" : 1756410904370122027,
      "q" : "29850",
      "p" : "0.008820",
      "s" : "buy",
      "i" : "DGB_USD",
      "m" : "4611686018430580132"
    }, {
      "d" : "1756410340662277302",
      "t" : 1756410340662,
      "tn" : 1756410340662277302,
      "q" : "2160",
      "p" : "0.008824",
      "s" : "buy",
      "i" : "DGB_USD",
      "m" : "4611686018430580131"
    }, {
      "d" : "1756410340658172900",
      "t" : 1756410340658,
      "tn" : 1756410340658172900,
      "q" : "2550",
      "p" : "0.008824",
      "s" : "sell",
      "i" : "DGB_USD",
      "m" : "4611686018430580130"
    }, {
      "d" : "1756409404079796950",
      "t" : 1756409404079,
      "tn" : 1756409404079796950,
      "q" : "30000",
      "p" : "0.008860",
      "s" : "sell",
      "i" : "DGB_USD",
      "m" : "4611686018430580129"
    }, {
      "d" : "1756409178603334273",
      "t" : 1756409178603,
      "tn" : 1756409178603334273,
      "q" : "18900",
      "p" : "0.008881",
      "s" : "buy",
      "i" : "DGB_USD",
      "m" : "4611686018430580128"
    }, {
      "d" : "1756409133541119913",
      "t" : 1756409133541,
      "tn" : 1756409133541119913,
      "q" : "27850",
      "p" : "0.008884",
      "s" : "buy",
      "i" : "DGB_USD",
      "m" : "4611686018430580127"
    }, {
      "d" : "1756407710526146153",
      "t" : 1756407710526,
      "tn" : 1756407710526146153,
      "q" : "8510",
      "p" : "0.008962",
      "s" : "sell",
      "i" : "DGB_USD",
      "m" : "4611686018430580126"
    }, {
      "d" : "1756407633876558755",
      "t" : 1756407633876,
      "tn" : 1756407633876558755,
      "q" : "6360",
      "p" : "0.008932",
      "s" : "buy",
      "i" : "DGB_USD",
      "m" : "4611686018430580125"
    }, {
      "d" : "1756407459425081724",
      "t" : 1756407459425,
      "tn" : 1756407459425081724,
      "q" : "430",
      "p" : "0.008953",
      "s" : "sell",
      "i" : "DGB_USD",
      "m" : "4611686018430580124"
    }, {
      "d" : "1756407459423697164",
      "t" : 1756407459423,
      "tn" : 1756407459423697164,
      "q" : "16120",
      "p" : "0.008953",
      "s" : "sell",
      "i" : "DGB_USD",
      "m" : "4611686018430580123"
    }, {
      "d" : "1756406749972952467",
      "t" : 1756406749972,
      "tn" : 1756406749972952467,
      "q" : "3000",
      "p" : "0.008953",
      "s" : "sell",
      "i" : "DGB_USD",
      "m" : "4611686018430580122"
    }, {
      "d" : "1756406720721308649",
      "t" : 1756406720721,
      "tn" : 1756406720721308649,
      "q" : "12100",
      "p" : "0.008953",
      "s" : "sell",
      "i" : "DGB_USD",
      "m" : "4611686018430580121"
    }, {
      "d" : "1756406615445610094",
      "t" : 1756406615445,
      "tn" : 1756406615445610094,
      "q" : "7160",
      "p" : "0.008963",
      "s" : "sell",
      "i" : "DGB_USD",
      "m" : "4611686018430580120"
    }, {
      "d" : "1756405546584142287",
      "t" : 1756405546584,
      "tn" : 1756405546584142287,
      "q" : "15980",
      "p" : "0.008891",
      "s" : "sell",
      "i" : "DGB_USD",
      "m" : "4611686018430580119"
    }, {
      "d" : "1756405540983598658",
      "t" : 1756405540983,
      "tn" : 1756405540983598658,
      "q" : "42140",
      "p" : "0.008922",
      "s" : "buy",
      "i" : "DGB_USD",
      "m" : "4611686018430580118"
    }, {
      "d" : "1756405539461529590",
      "t" : 1756405539461,
      "tn" : 1756405539461529590,
      "q" : "141600",
      "p" : "0.008891",
      "s" : "sell",
      "i" : "DGB_USD",
      "m" : "4611686018430580117"
    }, {
      "d" : "1756405331340829789",
      "t" : 1756405331340,
      "tn" : 1756405331340829789,
      "q" : "4280",
      "p" : "0.008942",
      "s" : "sell",
      "i" : "DGB_USD",
      "m" : "4611686018430580116"
    }, {
      "d" : "1756404850158742528",
      "t" : 1756404850158,
      "tn" : 1756404850158742528,
      "q" : "13670",
      "p" : "0.008880",
      "s" : "sell",
      "i" : "DGB_USD",
      "m" : "4611686018430580115"
    }, {
      "d" : "1756404291842196807",
      "t" : 1756404291842,
      "tn" : 1756404291842196807,
      "q" : "2020",
      "p" : "0.008942",
      "s" : "sell",
      "i" : "DGB_USD",
      "m" : "4611686018430580114"
    }, {
      "d" : "1756403719760231142",
      "t" : 1756403719760,
      "tn" : 1756403719760231142,
      "q" : "10000",
      "p" : "0.008891",
      "s" : "sell",
      "i" : "DGB_USD",
      "m" : "4611686018430580113"
    }, {
      "d" : "1756402834794436131",
      "t" : 1756402834794,
      "tn" : 1756402834794436131,
      "q" : "14500",
      "p" : "0.008891",
      "s" : "sell",
      "i" : "DGB_USD",
      "m" : "4611686018430580112"
    }, {
      "d" : "1756402129623214269",
      "t" : 1756402129623,
      "tn" : 1756402129623214269,
      "q" : "4790",
      "p" : "0.008920",
      "s" : "buy",
      "i" : "DGB_USD",
      "m" : "4611686018430580111"
    }, {
      "d" : "1756401667311932509",
      "t" : 1756401667311,
      "tn" : 1756401667311932509,
      "q" : "3100",
      "p" : "0.008881",
      "s" : "buy",
      "i" : "DGB_USD",
      "m" : "4611686018430580110"
    }, {
      "d" : "1756400285773378275",
      "t" : 1756400285773,
      "tn" : 1756400285773378275,
      "q" : "25010",
      "p" : "0.008954",
      "s" : "sell",
      "i" : "DGB_USD",
      "m" : "4611686018430580109"
    }, {
      "d" : "1756399742536020620",
      "t" : 1756399742536,
      "tn" : 1756399742536020620,
      "q" : "4450",
      "p" : "0.008947",
      "s" : "buy",
      "i" : "DGB_USD",
      "m" : "4611686018430580108"
    }, {
      "d" : "1756399080416117308",
      "t" : 1756399080416,
      "tn" : 1756399080416117308,
      "q" : "1570",
      "p" : "0.008970",
      "s" : "buy",
      "i" : "DGB_USD",
      "m" : "4611686018430580107"
    }, {
      "d" : "1756398759279548962",
      "t" : 1756398759279,
      "tn" : 1756398759279548962,
      "q" : "1470",
      "p" : "0.008941",
      "s" : "sell",
      "i" : "DGB_USD",
      "m" : "4611686018430580106"
    }, {
      "d" : "1756397299061743928",
      "t" : 1756397299061,
      "tn" : 1756397299061743928,
      "q" : "11960",
      "p" : "0.009014",
      "s" : "sell",
      "i" : "DGB_USD",
      "m" : "4611686018430580105"
    }, {
      "d" : "1756396878233910816",
      "t" : 1756396878233,
      "tn" : 1756396878233910816,
      "q" : "19560",
      "p" : "0.008966",
      "s" : "buy",
      "i" : "DGB_USD",
      "m" : "4611686018430580104"
    }, {
      "d" : "1756396262882324847",
      "t" : 1756396262882,
      "tn" : 1756396262882324847,
      "q" : "2520",
      "p" : "0.008934",
      "s" : "sell",
      "i" : "DGB_USD",
      "m" : "4611686018430580103"
    }, {
      "d" : "1756395102397583343",
      "t" : 1756395102397,
      "tn" : 1756395102397583343,
      "q" : "3000",
      "p" : "0.008951",
      "s" : "sell",
      "i" : "DGB_USD",
      "m" : "4611686018430580102"
    }, {
      "d" : "1756394147805723667",
      "t" : 1756394147805,
      "tn" : 1756394147805723667,
      "q" : "11170",
      "p" : "0.008951",
      "s" : "sell",
      "i" : "DGB_USD",
      "m" : "4611686018430580101"
    }, {
      "d" : "1756393988656606109",
      "t" : 1756393988656,
      "tn" : 1756393988656606109,
      "q" : "2790",
      "p" : "0.008951",
      "s" : "sell",
      "i" : "DGB_USD",
      "m" : "4611686018430580100"
    }, {
      "d" : "1756393228626297321",
      "t" : 1756393228626,
      "tn" : 1756393228626297321,
      "q" : "1500",
      "p" : "0.009033",
      "s" : "sell",
      "i" : "DGB_USD",
      "m" : "4611686018430580099"
    }, {
      "d" : "1756393225481487362",
      "t" : 1756393225481,
      "tn" : 1756393225481487362,
      "q" : "29290",
      "p" : "0.008998",
      "s" : "buy",
      "i" : "DGB_USD",
      "m" : "4611686018430580098"
    }, {
      "d" : "1756393157636396283",
      "t" : 1756393157636,
      "tn" : 1756393157636396283,
      "q" : "2910",
      "p" : "0.009022",
      "s" : "sell",
      "i" : "DGB_USD",
      "m" : "4611686018430580097"
    }, {
      "d" : "1756393134436954197",
      "t" : 1756393134436,
      "tn" : 1756393134436954197,
      "q" : "1690",
      "p" : "0.008991",
      "s" : "buy",
      "i" : "DGB_USD",
      "m" : "4611686018430580096"
    }, {
      "d" : "1756391411503983888",
      "t" : 1756391411503,
      "tn" : 1756391411503983888,
      "q" : "59490",
      "p" : "0.008985",
      "s" : "buy",
      "i" : "DGB_USD",
      "m" : "4611686018430580095"
    }, {
      "d" : "1756391411502317082",
      "t" : 1756391411502,
      "tn" : 1756391411502317082,
      "q" : "7710",
      "p" : "0.008985",
      "s" : "buy",
      "i" : "DGB_USD",
      "m" : "4611686018430580094"
    }, {
      "d" : "1756391409448350101",
      "t" : 1756391409448,
      "tn" : 1756391409448350101,
      "q" : "10",
      "p" : "0.008940",
      "s" : "buy",
      "i" : "DGB_USD",
      "m" : "4611686018430580093"
    }, {
      "d" : "1756391409445914300",
      "t" : 1756391409445,
      "tn" : 1756391409445914300,
      "q" : "64850",
      "p" : "0.008940",
      "s" : "buy",
      "i" : "DGB_USD",
      "m" : "4611686018430580092"
    }, {
      "d" : "1756391409440400689",
      "t" : 1756391409440,
      "tn" : 1756391409440400689,
      "q" : "76740",
      "p" : "0.008940",
      "s" : "sell",
      "i" : "DGB_USD",
      "m" : "4611686018430580091"
    }, {
      "d" : "1756391400430748345",
      "t" : 1756391400430,
      "tn" : 1756391400430748345,
      "q" : "2700",
      "p" : "0.009002",
      "s" : "sell",
      "i" : "DGB_USD",
      "m" : "4611686018430580090"
    }, {
      "d" : "1756391293613629292",
      "t" : 1756391293613,
      "tn" : 1756391293613629292,
      "q" : "3000",
      "p" : "0.008981",
      "s" : "buy",
      "i" : "DGB_USD",
      "m" : "4611686018430580089"
    }, {
      "d" : "1756391153351055776",
      "t" : 1756391153351,
      "tn" : 1756391153351055776,
      "q" : "14230",
      "p" : "0.009013",
      "s" : "sell",
      "i" : "DGB_USD",
      "m" : "4611686018430580088"
    }, {
      "d" : "1756391089513224267",
      "t" : 1756391089513,
      "tn" : 1756391089513224267,
      "q" : "21290",
      "p" : "0.009023",
      "s" : "sell",
      "i" : "DGB_USD",
      "m" : "4611686018430580087"
    }, {
      "d" : "1756391048535085981",
      "t" : 1756391048535,
      "tn" : 1756391048535085981,
      "q" : "11920",
      "p" : "0.009042",
      "s" : "sell",
      "i" : "DGB_USD",
      "m" : "4611686018430580086"
    }, {
      "d" : "1756390919657145167",
      "t" : 1756390919657,
      "tn" : 1756390919657145167,
      "q" : "3210",
      "p" : "0.009033",
      "s" : "sell",
      "i" : "DGB_USD",
      "m" : "4611686018430580085"
    }, {
      "d" : "1756390793530682523",
      "t" : 1756390793530,
      "tn" : 1756390793530682523,
      "q" : "29690",
      "p" : "0.009012",
      "s" : "buy",
      "i" : "DGB_USD",
      "m" : "4611686018430580084"
    }, {
      "d" : "1756390778205655248",
      "t" : 1756390778205,
      "tn" : 1756390778205655248,
      "q" : "2150",
      "p" : "0.009033",
      "s" : "sell",
      "i" : "DGB_USD",
      "m" : "4611686018430580083"
    }, {
      "d" : "1756390577968219853",
      "t" : 1756390577968,
      "tn" : 1756390577968219853,
      "q" : "3770",
      "p" : "0.008980",
      "s" : "sell",
      "i" : "DGB_USD",
      "m" : "4611686018430580082"
    }, {
      "d" : "1756390527935167320",
      "t" : 1756390527935,
      "tn" : 1756390527935167320,
      "q" : "5130",
      "p" : "0.008994",
      "s" : "sell",
      "i" : "DGB_USD",
      "m" : "4611686018430580081"
    }, {
      "d" : "1756390372292448411",
      "t" : 1756390372292,
      "tn" : 1756390372292448411,
      "q" : "5000",
      "p" : "0.009019",
      "s" : "buy",
      "i" : "DGB_USD",
      "m" : "4611686018430580080"
    }, {
      "d" : "1756390272769358377",
      "t" : 1756390272769,
      "tn" : 1756390272769358377,
      "q" : "5000",
      "p" : "0.008991",
      "s" : "sell",
      "i" : "DGB_USD",
      "m" : "4611686018430580079"
    } ]
  }
}