{
  "id" : -1,
  "method" : "public/get-trades",
  "code" : 0,
  "result" : {
    "data" : [ {
      "d" : "1756460034280020462",
      "t" : 1756460034280,
      "tn" : 1756460034280020462,
      "q" : "40.8",
      "p" : "0.71076",
      "s" : "sell",
      "i" : "DIA_USD",
      "m" : "4611686018430122515"
    }, {
      "d" : "1756458462233792184",
      "t" : 1756458462233,
      "tn" : 1756458462233792184,
      "q" : "200.0",
      "p" : "0.70387",
      "s" : "sell",
      "i" : "DIA_USD",
      "m" : "4611686018430122514"
    }, {
      "d" : "1756458225439760972",
      "t" : 1756458225439,
      "tn" : 1756458225439760972,
      "q" : "47.0",
      "p" : "0.70262",
      "s" : "sell",
      "i" : "DIA_USD",
      "m" : "4611686018430122513"
    }, {
      "d" : "1756458213314046638",
      "t" : 1756458213314,
      "tn" : 1756458213314046638,
      "q" : "254.5",
      "p" : "0.70388",
      "s" : "buy",
      "i" : "DIA_USD",
      "m" : "4611686018430122512"
    }, {
      "d" : "1756458117315401956",
      "t" : 1756458117315,
      "tn" : 1756458117315401956,
      "q" : "202.3",
      "p" : "0.70666",
      "s" : "sell",
      "i" : "DIA_USD",
      "m" : "4611686018430122511"
    }, {
      "d" : "1756458076432748343",
      "t" : 1756458076432,
      "tn" : 1756458076432748342,
      "q" : "374.0",
      "p" : "0.70965",
      "s" : "sell",
      "i" : "DIA_USD",
      "m" : "4611686018430122510"
    }, {
      "d" : "1756458076432748342",
      "t" : 1756458076432,
      "tn" : 1756458076432748342,
      "q" : "15.9",
      "p" : "0.70965",
      "s" : "sell",
      "i" : "DIA_USD",
      "m" : "4611686018430122510"
    }, {
      "d" : "1756458076363931047",
      "t" : 1756458076363,
      "tn" : 1756458076363931047,
      "q" : "349.1",
      "p" : "0.70965",
      "s" : "sell",
      "i" : "DIA_USD",
      "m" : "4611686018430122509"
    }, {
      "d" : "1756458073986295149",
      "t" : 1756458073986,
      "tn" : 1756458073986295149,
      "q" : "326.8",
      "p" : "0.71106",
      "s" : "sell",
      "i" : "DIA_USD",
      "m" : "4611686018430122508"
    }, {
      "d" : "1756458073865757383",
      "t" : 1756458073865,
      "tn" : 1756458073865757383,
      "q" : "51.2",
      "p" : "0.71106",
      "s" : "sell",
      "i" : "DIA_USD",
      "m" : "4611686018430122507"
    }, {
      "d" : "1756458073860707754",
      "t" : 1756458073860,
      "tn" : 1756458073860707754,
      "q" : "129.5",
      "p" : "0.71106",
      "s" : "sell",
      "i" : "DIA_USD",
      "m" : "4611686018430122506"
    }, {
      "d" : "1756458073855695553",
      "t" : 1756458073855,
      "tn" : 1756458073855695553,
      "q" : "129.5",
      "p" : "0.71106",
      "s" : "sell",
      "i" : "DIA_USD",
      "m" : "4611686018430122505"
    }, {
      "d" : "1756458073850574405",
      "t" : 1756458073850,
      "tn" : 1756458073850574405,
      "q" : "129.5",
      "p" : "0.71106",
      "s" : "sell",
      "i" : "DIA_USD",
      "m" : "4611686018430122504"
    }, {
      "d" : "1756458073846048493",
      "t" : 1756458073846,
      "tn" : 1756458073846048493,
      "q" : "129.5",
      "p" : "0.71106",
      "s" : "sell",
      "i" : "DIA_USD",
      "m" : "4611686018430122503"
    }, {
      "d" : "1756458073844744841",
      "t" : 1756458073844,
      "tn" : 1756458073844744841,
      "q" : "129.5",
      "p" : "0.71106",
      "s" : "sell",
      "i" : "DIA_USD",
      "m" : "4611686018430122502"
    }, {
      "d" : "1756458073838007062",
      "t" : 1756458073838,
      "tn" : 1756458073838007062,
      "q" : "129.5",
      "p" : "0.71106",
      "s" : "sell",
      "i" : "DIA_USD",
      "m" : "4611686018430122501"
    }, {
      "d" : "1756458073836136573",
      "t" : 1756458073836,
      "tn" : 1756458073836136573,
      "q" : "59.8",
      "p" : "0.71113",
      "s" : "sell",
      "i" : "DIA_USD",
      "m" : "4611686018430122500"
    }, {
      "d" : "1756456088264735838",
      "t" : 1756456088264,
      "tn" : 1756456088264735838,
      "q" : "183.0",
      "p" : "0.71862",
      "s" : "buy",
      "i" : "DIA_USD",
      "m" : "4611686018430122499"
    }, {
      "d" : "1756455610112536797",
      "t" : 1756455610112,
      "tn" : 1756455610112536797,
      "q" : "8.0",
      "p" : "0.71609",
      "s" : "buy",
      "i" : "DIA_USD",
      "m" : "4611686018430122498"
    }, {
      "d" : "1756455610107535929",
      "t" : 1756455610107,
      "tn" : 1756455610107535929,
      "q" : "8.0",
      "p" : "0.71609",
      "s" : "buy",
      "i" : "DIA_USD",
      "m" : "4611686018430122497"
    }, {
      "d" : "1756455610102531469",
      "t" : 1756455610102,
      "tn" : 1756455610102531469,
      "q" : "8.0",
      "p" : "0.71609",
      "s" : "buy",
      "i" : "DIA_USD",
      "m" : "4611686018430122496"
    }, {
      "d" : "1756455610097457893",
      "t" : 1756455610097,
      "tn" : 1756455610097457893,
      "q" : "8.0",
      "p" : "0.71609",
      "s" : "buy",
      "i" : "DIA_USD",
      "m" : "4611686018430122495"
    }, {
      "d" : "1756455610092489030",
      "t" : 1756455610092,
      "tn" : 1756455610092489030,
      "q" : "8.0",
      "p" : "0.71609",
      "s" : "buy",
      "i" : "DIA_USD",
      "m" : "4611686018430122494"
    }, {
      "d" : "1756455610087425335",
      "t" : 1756455610087,
      "tn" : 1756455610087425335,
      "q" : "8.0",
      "p" : "0.71609",
      "s" : "buy",
      "i" : "DIA_USD",
      "m" : "4611686018430122493"
    }, {
      "d" : "1756455610082413679",
      "t" : 1756455610082,
      "tn" : 1756455610082413679,
      "q" : "8.0",
      "p" : "0.71609",
      "s" : "buy",
      "i" : "DIA_USD",
      "m" : "4611686018430122492"
    }, {
      "d" : "1756455610077421625",
      "t" : 1756455610077,
      "tn" : 1756455610077421625,
      "q" : "8.0",
      "p" : "0.71609",
      "s" : "buy",
      "i" : "DIA_USD",
      "m" : "4611686018430122491"
    }, {
      "d" : "1756455610072389927",
      "t" : 1756455610072,
      "tn" : 1756455610072389927,
      "q" : "8.0",
      "p" : "0.71609",
      "s" : "buy",
      "i" : "DIA_USD",
      "m" : "4611686018430122490"
    }, {
      "d" : "1756455610067406491",
      "t" : 1756455610067,
      "tn" : 1756455610067406491,
      "q" : "8.0",
      "p" : "0.71609",
      "s" : "buy",
      "i" : "DIA_USD",
      "m" : "4611686018430122489"
    }, {
      "d" : "1756455610062244796",
      "t" : 1756455610062,
      "tn" : 1756455610062244796,
      "q" : "8.0",
      "p" : "0.71609",
      "s" : "buy",
      "i" : "DIA_USD",
      "m" : "4611686018430122488"
    }, {
      "d" : "1756455610057228364",
      "t" : 1756455610057,
      "tn" : 1756455610057228364,
      "q" : "8.0",
      "p" : "0.71609",
      "s" : "buy",
      "i" : "DIA_USD",
      "m" : "4611686018430122487"
    }, {
      "d" : "1756455610052218640",
      "t" : 1756455610052,
      "tn" : 1756455610052218640,
      "q" : "8.0",
      "p" : "0.71609",
      "s" : "buy",
      "i" : "DIA_USD",
      "m" : "4611686018430122486"
    }, {
      "d" : "1756455610047167464",
      "t" : 1756455610047,
      "tn" : 1756455610047167464,
      "q" : "8.0",
      "p" : "0.71609",
      "s" : "buy",
      "i" : "DIA_USD",
      "m" : "4611686018430122485"
    }, {
      "d" : "1756455610042130429",
      "t" : 1756455610042,
      "tn" : 1756455610042130429,
      "q" : "8.0",
      "p" : "0.71609",
      "s" : "buy",
      "i" : "DIA_USD",
      "m" : "4611686018430122484"
    }, {
      "d" : "1756455610037139062",
      "t" : 1756455610037,
      "tn" : 1756455610037139062,
      "q" : "8.0",
      "p" : "0.71609",
      "s" : "buy",
      "i" : "DIA_USD",
      "m" : "4611686018430122483"
    }, {
      "d" : "1756455610032148367",
      "t" : 1756455610032,
      "tn" : 1756455610032148367,
      "q" : "8.0",
      "p" : "0.71609",
      "s" : "buy",
      "i" : "DIA_USD",
      "m" : "4611686018430122482"
    }, {
      "d" : "1756455610026156575",
      "t" : 1756455610026,
      "tn" : 1756455610026156575,
      "q" : "8.0",
      "p" : "0.71609",
      "s" : "buy",
      "i" : "DIA_USD",
      "m" : "4611686018430122481"
    }, {
      "d" : "1756455608963975380",
      "t" : 1756455608963,
      "tn" : 1756455608963975380,
      "q" : "8.0",
      "p" : "0.71609",
      "s" : "buy",
      "i" : "DIA_USD",
      "m" : "4611686018430122480"
    }, {
      "d" : "1756455608958929505",
      "t" : 1756455608958,
      "tn" : 1756455608958929505,
      "q" : "8.0",
      "p" : "0.71609",
      "s" : "buy",
      "i" : "DIA_USD",
      "m" : "4611686018430122479"
    }, {
      "d" : "1756455608953920957",
      "t" : 1756455608953,
      "tn" : 1756455608953920957,
      "q" : "8.0",
      "p" : "0.71609",
      "s" : "buy",
      "i" : "DIA_USD",
      "m" : "4611686018430122478"
    }, {
      "d" : "1756455608948845191",
      "t" : 1756455608948,
      "tn" : 1756455608948845191,
      "q" : "8.0",
      "p" : "0.71609",
      "s" : "buy",
      "i" : "DIA_USD",
      "m" : "4611686018430122477"
    }, {
      "d" : "1756455608943848087",
      "t" : 1756455608943,
      "tn" : 1756455608943848087,
      "q" : "8.0",
      "p" : "0.71609",
      "s" : "buy",
      "i" : "DIA_USD",
      "m" : "4611686018430122476"
    }, {
      "d" : "1756455608938824866",
      "t" : 1756455608938,
      "tn" : 1756455608938824866,
      "q" : "8.0",
      "p" : "0.71609",
      "s" : "buy",
      "i" : "DIA_USD",
      "m" : "4611686018430122475"
    }, {
      "d" : "1756455608933870723",
      "t" : 1756455608933,
      "tn" : 1756455608933870723,
      "q" : "8.0",
      "p" : "0.71609",
      "s" : "buy",
      "i" : "DIA_USD",
      "m" : "4611686018430122474"
    }, {
      "d" : "1756455115771209171",
      "t" : 1756455115771,
      "tn" : 1756455115771209171,
      "q" : "925.0",
      "p" : "0.71738",
      "s" : "sell",
      "i" : "DIA_USD",
      "m" : "4611686018430122473"
    }, {
      "d" : "1756453854552971808",
      "t" : 1756453854552,
      "tn" : 1756453854552971808,
      "q" : "256.6",
      "p" : "0.71939",
      "s" : "sell",
      "i" : "DIA_USD",
      "m" : "4611686018430122472"
    }, {
      "d" : "1756452914344338301",
      "t" : 1756452914344,
      "tn" : 1756452914344338301,
      "q" : "401.1",
      "p" : "0.72048",
      "s" : "sell",
      "i" : "DIA_USD",
      "m" : "4611686018430122471"
    }, {
      "d" : "1756450624682261519",
      "t" : 1756450624682,
      "tn" : 1756450624682261519,
      "q" : "59.8",
      "p" : "0.72858",
      "s" : "buy",
      "i" : "DIA_USD",
      "m" : "4611686018430122470"
    }, {
      "d" : "1756449563282553491",
      "t" : 1756449563282,
      "tn" : 1756449563282553491,
      "q" : "84.5",
      "p" : "0.72269",
      "s" : "buy",
      "i" : "DIA_USD",
      "m" : "4611686018430122469"
    }, {
      "d" : "1756449563277650592",
      "t" : 1756449563277,
      "tn" : 1756449563277650592,
      "q" : "25.8",
      "p" : "0.72269",
      "s" : "sell",
      "i" : "DIA_USD",
      "m" : "4611686018430122468"
    }, {
      "d" : "1756447164531633608",
      "t" : 1756447164531,
      "tn" : 1756447164531633608,
      "q" : "47.3",
      "p" : "0.72982",
      "s" : "sell",
      "i" : "DIA_USD",
      "m" : "4611686018430122467"
    }, {
      "d" : "1756445409740994261",
      "t" : 1756445409740,
      "tn" : 1756445409740994261,
      "q" : "34.0",
      "p" : "0.72951",
      "s" : "sell",
      "i" : "DIA_USD",
      "m" : "4611686018430122466"
    }, {
      "d" : "1756443416491062747",
      "t" : 1756443416491,
      "tn" : 1756443416491062747,
      "q" : "164.7",
      "p" : "0.73030",
      "s" : "sell",
      "i" : "DIA_USD",
      "m" : "4611686018430122465"
    }, {
      "d" : "1756440242894642841",
      "t" : 1756440242894,
      "tn" : 1756440242894642841,
      "q" : "317.5",
      "p" : "0.73307",
      "s" : "sell",
      "i" : "DIA_USD",
      "m" : "4611686018430122464"
    }, {
      "d" : "1756439466494390171",
      "t" : 1756439466494,
      "tn" : 1756439466494390171,
      "q" : "43.8",
      "p" : "0.73531",
      "s" : "sell",
      "i" : "DIA_USD",
      "m" : "4611686018430122463"
    }, {
      "d" : "1756439466488692571",
      "t" : 1756439466488,
      "tn" : 1756439466488692571,
      "q" : "59.8",
      "p" : "0.73531",
      "s" : "buy",
      "i" : "DIA_USD",
      "m" : "4611686018430122462"
    }, {
      "d" : "1756437795769219495",
      "t" : 1756437795769,
      "tn" : 1756437795769219495,
      "q" : "595.5",
      "p" : "0.73302",
      "s" : "sell",
      "i" : "DIA_USD",
      "m" : "4611686018430122461"
    }, {
      "d" : "1756437795769217296",
      "t" : 1756437795769,
      "tn" : 1756437795769217296,
      "q" : "925.0",
      "p" : "0.73307",
      "s" : "sell",
      "i" : "DIA_USD",
      "m" : "4611686018430122460"
    }, {
      "d" : "1756436453431493678",
      "t" : 1756436453431,
      "tn" : 1756436453431493678,
      "q" : "1139.5",
      "p" : "0.73145",
      "s" : "sell",
      "i" : "DIA_USD",
      "m" : "4611686018430122459"
    }, {
      "d" : "1756436451037671792",
      "t" : 1756436451037,
      "tn" : 1756436451037671792,
      "q" : "3212.2",
      "p" : "0.73148",
      "s" : "buy",
      "i" : "DIA_USD",
      "m" : "4611686018430122458"
    }, {
      "d" : "1756436451034717041",
      "t" : 1756436451034,
      "tn" : 1756436451034717041,
      "q" : "59.8",
      "p" : "0.73148",
      "s" : "sell",
      "i" : "DIA_USD",
      "m" : "4611686018430122457"
    }, {
      "d" : "1756436448496701916",
      "t" : 1756436448496,
      "tn" : 1756436448496701916,
      "q" : "1628.9",
      "p" : "0.73267",
      "s" : "buy",
      "i" : "DIA_USD",
      "m" : "4611686018430122456"
    }, {
      "d" : "1756436448478619606",
      "t" : 1756436448478,
      "tn" : 1756436448478619606,
      "q" : "59.8",
      "p" : "0.73266",
      "s" : "buy",
      "i" : "DIA_USD",
      "m" : "4611686018430122455"
    }, {
      "d" : "1756436448463612293",
      "t" : 1756436448463,
      "tn" : 1756436448463612293,
      "q" : "718.1",
      "p" : "0.73267",
      "s" : "buy",
      "i" : "DIA_USD",
      "m" : "4611686018430122454"
    }, {
      "d" : "1756436448456509183",
      "t" : 1756436448456,
      "tn" : 1756436448456509183,
      "q" : "925.0",
      "p" : "0.73267",
      "s" : "sell",
      "i" : "DIA_USD",
      "m" : "4611686018430122453"
    }, {
      "d" : "1756436445226135119",
      "t" : 1756436445226,
      "tn" : 1756436445226135119,
      "q" : "925.0",
      "p" : "0.73277",
      "s" : "sell",
      "i" : "DIA_USD",
      "m" : "4611686018430122452"
    }, {
      "d" : "1756436439904684942",
      "t" : 1756436439904,
      "tn" : 1756436439904684942,
      "q" : "59.8",
      "p" : "0.73278",
      "s" : "sell",
      "i" : "DIA_USD",
      "m" : "4611686018430122451"
    }, {
      "d" : "1756435316473262328",
      "t" : 1756435316473,
      "tn" : 1756435316473262328,
      "q" : "3.6",
      "p" : "0.73383",
      "s" : "sell",
      "i" : "DIA_USD",
      "m" : "4611686018430122450"
    }, {
      "d" : "1756435316468573969",
      "t" : 1756435316468,
      "tn" : 1756435316468573969,
      "q" : "59.8",
      "p" : "0.73383",
      "s" : "buy",
      "i" : "DIA_USD",
      "m" : "4611686018430122449"
    }, {
      "d" : "1756435124201300634",
      "t" : 1756435124201,
      "tn" : 1756435124201300634,
      "q" : "3.6",
      "p" : "0.73198",
      "s" : "sell",
      "i" : "DIA_USD",
      "m" : "4611686018430122448"
    }, {
      "d" : "1756435118926972871",
      "t" : 1756435118926,
      "tn" : 1756435118926972871,
      "q" : "14.5",
      "p" : "0.73208",
      "s" : "sell",
      "i" : "DIA_USD",
      "m" : "4611686018430122447"
    }, {
      "d" : "1756433098761584232",
      "t" : 1756433098761,
      "tn" : 1756433098761584232,
      "q" : "246.3",
      "p" : "0.73159",
      "s" : "sell",
      "i" : "DIA_USD",
      "m" : "4611686018430122446"
    }, {
      "d" : "1756432323508016616",
      "t" : 1756432323508,
      "tn" : 1756432323508016616,
      "q" : "172.8",
      "p" : "0.73169",
      "s" : "sell",
      "i" : "DIA_USD",
      "m" : "4611686018430122445"
    }, {
      "d" : "1756432317552125258",
      "t" : 1756432317552,
      "tn" : 1756432317552125258,
      "q" : "47.9",
      "p" : "0.73170",
      "s" : "buy",
      "i" : "DIA_USD",
      "m" : "4611686018430122444"
    }, {
      "d" : "1756432317548688720",
      "t" : 1756432317548,
      "tn" : 1756432317548688720,
      "q" : "59.8",
      "p" : "0.73170",
      "s" : "sell",
      "i" : "DIA_USD",
      "m" : "4611686018430122443"
    }, {
      "d" : "1756431547714863523",
      "t" : 1756431547714,
      "tn" : 1756431547714863523,
      "q" : "1271.2",
      "p" : "0.73314",
      "s" : "sell",
      "i" : "DIA_USD",
      "m" : "4611686018430122442"
    }, {
      "d" : "1756431547707625417",
      "t" : 1756431547707,
      "tn" : 1756431547707625417,
      "q" : "59.8",
      "p" : "0.73314",
      "s" : "buy",
      "i" : "DIA_USD",
      "m" : "4611686018430122441"
    }, {
      "d" : "1756428646097486397",
      "t" : 1756428646097,
      "tn" : 1756428646097486397,
      "q" : "114.0",
      "p" : "0.73750",
      "s" : "sell",
      "i" : "DIA_USD",
      "m" : "4611686018430122440"
    }, {
      "d" : "1756428608600397048",
      "t" : 1756428608600,
      "tn" : 1756428608600397048,
      "q" : "43.0",
      "p" : "0.73702",
      "s" : "sell",
      "i" : "DIA_USD",
      "m" : "4611686018430122439"
    }, {
      "d" : "1756426588003086525",
      "t" : 1756426588003,
      "tn" : 1756426588003086525,
      "q" : "262.4",
      "p" : "0.74209",
      "s" : "sell",
      "i" : "DIA_USD",
      "m" : "4611686018430122438"
    }, {
      "d" : "1756425890456851505",
      "t" : 1756425890456,
      "tn" : 1756425890456851505,
      "q" : "775.2",
      "p" : "0.73305",
      "s" : "buy",
      "i" : "DIA_USD",
      "m" : "4611686018430122437"
    }, {
      "d" : "1756425890451268344",
      "t" : 1756425890451,
      "tn" : 1756425890451268344,
      "q" : "59.8",
      "p" : "0.73305",
      "s" : "sell",
      "i" : "DIA_USD",
      "m" : "4611686018430122436"
    }, {
      "d" : "1756425886618043462",
      "t" : 1756425886618,
      "tn" : 1756425886618043462,
      "q" : "925.0",
      "p" : "0.73468",
      "s" : "sell",
      "i" : "DIA_USD",
      "m" : "4611686018430122435"
    }, {
      "d" : "1756425882420405020",
      "t" : 1756425882420,
      "tn" : 1756425882420405020,
      "q" : "184.3",
      "p" : "0.73469",
      "s" : "sell",
      "i" : "DIA_USD",
      "m" : "4611686018430122434"
    }, {
      "d" : "1756425877972075585",
      "t" : 1756425877972,
      "tn" : 1756425877972075585,
      "q" : "925.0",
      "p" : "0.73488",
      "s" : "sell",
      "i" : "DIA_USD",
      "m" : "4611686018430122433"
    }, {
      "d" : "1756425644949364165",
      "t" : 1756425644949,
      "tn" : 1756425644949364165,
      "q" : "43.1",
      "p" : "0.73693",
      "s" : "buy",
      "i" : "DIA_USD",
      "m" : "4611686018430122432"
    }, {
      "d" : "1756425204849213323",
      "t" : 1756425204849,
      "tn" : 1756425204849213323,
      "q" : "70.8",
      "p" : "0.73502",
      "s" : "sell",
      "i" : "DIA_USD",
      "m" : "4611686018430122431"
    }, {
      "d" : "1756424243166034584",
      "t" : 1756424243166,
      "tn" : 1756424243166034584,
      "q" : "48.3",
      "p" : "0.73684",
      "s" : "buy",
      "i" : "DIA_USD",
      "m" : "4611686018430122430"
    }, {
      "d" : "1756420136550678597",
      "t" : 1756420136550,
      "tn" : 1756420136550678597,
      "q" : "47.2",
      "p" : "0.74213",
      "s" : "sell",
      "i" : "DIA_USD",
      "m" : "4611686018430122429"
    }, {
      "d" : "1756420136545374853",
      "t" : 1756420136545,
      "tn" : 1756420136545374853,
      "q" : "16.2",
      "p" : "0.74213",
      "s" : "buy",
      "i" : "DIA_USD",
      "m" : "4611686018430122428"
    }, {
      "d" : "1756419687467916425",
      "t" : 1756419687467,
      "tn" : 1756419687467916425,
      "q" : "165.7",
      "p" : "0.74313",
      "s" : "buy",
      "i" : "DIA_USD",
      "m" : "4611686018430122427"
    }, {
      "d" : "1756419669964990921",
      "t" : 1756419669964,
      "tn" : 1756419669964990921,
      "q" : "653.7",
      "p" : "0.74237",
      "s" : "sell",
      "i" : "DIA_USD",
      "m" : "4611686018430122426"
    }, {
      "d" : "1756418686420901567",
      "t" : 1756418686420,
      "tn" : 1756418686420901567,
      "q" : "10.0",
      "p" : "0.73125",
      "s" : "buy",
      "i" : "DIA_USD",
      "m" : "4611686018430122425"
    }, {
      "d" : "1756416078897290730",
      "t" : 1756416078897,
      "tn" : 1756416078897290730,
      "q" : "90.0",
      "p" : "0.72159",
      "s" : "sell",
      "i" : "DIA_USD",
      "m" : "4611686018430122424"
    }, {
      "d" : "1756414803638853394",
      "t" : 1756414803638,
      "tn" : 1756414803638853394,
      "q" : "43.6",
      "p" : "0.72125",
      "s" : "buy",
      "i" : "DIA_USD",
      "m" : "4611686018430122423"
    }, {
      "d" : "1756414775380874314",
      "t" : 1756414775380,
      "tn" : 1756414775380874314,
      "q" : "275.8",
      "p" : "0.72208",
      "s" : "sell",
      "i" : "DIA_USD",
      "m" : "4611686018430122422"
    }, {
      "d" : "1756414775379920614",
      "t" : 1756414775379,
      "tn" : 1756414775379920614,
      "q" : "16.6",
      "p" : "0.72208",
      "s" : "sell",
      "i" : "DIA_USD",
      "m" : "4611686018430122421"
    }, {
      "d" : "1756414775320938063",
      "t" : 1756414775320,
      "tn" : 1756414775320938063,
      "q" : "206.3",
      "p" : "0.72691",
      "s" : "sell",
      "i" : "DIA_USD",
      "m" : "4611686018430122420"
    }, {
      "d" : "1756414602923329935",
      "t" : 1756414602923,
      "tn" : 1756414602923329935,
      "q" : "16.6",
      "p" : "0.72710",
      "s" : "buy",
      "i" : "DIA_USD",
      "m" : "4611686018430122419"
    }, {
      "d" : "1756414602922012523",
      "t" : 1756414602922,
      "tn" : 1756414602922012523,
      "q" : "1288.4",
      "p" : "0.72710",
      "s" : "buy",
      "i" : "DIA_USD",
      "m" : "4611686018430122418"
    }, {
      "d" : "1756414602918545777",
      "t" : 1756414602918,
      "tn" : 1756414602918545777,
      "q" : "397.6",
      "p" : "0.72710",
      "s" : "buy",
      "i" : "DIA_USD",
      "m" : "4611686018430122417"
    }, {
      "d" : "1756414595469658365",
      "t" : 1756414595469,
      "tn" : 1756414595469658365,
      "q" : "16.6",
      "p" : "0.72710",
      "s" : "buy",
      "i" : "DIA_USD",
      "m" : "4611686018430122416"
    }, {
      "d" : "1756414595465588930",
      "t" : 1756414595465,
      "tn" : 1756414595465588930,
      "q" : "206.2",
      "p" : "0.72710",
      "s" : "sell",
      "i" : "DIA_USD",
      "m" : "4611686018430122415"
    }, {
      "d" : "1756413607853433060",
      "t" : 1756413607853,
      "tn" : 1756413607853433060,
      "q" : "33.8",
      "p" : "0.72710",
      "s" : "buy",
      "i" : "DIA_USD",
      "m" : "4611686018430122414"
    }, {
      "d" : "1756411413735814714",
      "t" : 1756411413735,
      "tn" : 1756411413735814714,
      "q" : "38.7",
      "p" : "0.72570",
      "s" : "sell",
      "i" : "DIA_USD",
      "m" : "4611686018430122413"
    }, {
      "d" : "1756411043408602989",
      "t" : 1756411043408,
      "tn" : 1756411043408602989,
      "q" : "94.6",
      "p" : "0.72461",
      "s" : "sell",
      "i" : "DIA_USD",
      "m" : "4611686018430122412"
    }, {
      "d" : "1756411043408601274",
      "t" : 1756411043408,
      "tn" : 1756411043408601274,
      "q" : "59.8",
      "p" : "0.72462",
      "s" : "sell",
      "i" : "DIA_USD",
      "m" : "4611686018430122411"
    }, {
      "d" : "1756410285859534075",
      "t" : 1756410285859,
      "tn" : 1756410285859534075,
      "q" : "424.1",
      "p" : "0.72905",
      "s" : "buy",
      "i" : "DIA_USD",
      "m" : "4611686018430122410"
    }, {
      "d" : "1756410275851109696",
      "t" : 1756410275851,
      "tn" : 1756410275851109696,
      "q" : "205.8",
      "p" : "0.72905",
      "s" : "buy",
      "i" : "DIA_USD",
      "m" : "4611686018430122409"
    }, {
      "d" : "1756410275851107572",
      "t" : 1756410275851,
      "tn" : 1756410275851107572,
      "q" : "100.0",
      "p" : "0.72904",
      "s" : "buy",
      "i" : "DIA_USD",
      "m" : "4611686018430122408"
    }, {
      "d" : "1756410227070028676",
      "t" : 1756410227070,
      "tn" : 1756410227070028676,
      "q" : "100.0",
      "p" : "0.72462",
      "s" : "sell",
      "i" : "DIA_USD",
      "m" : "4611686018430122407"
    }, {
      "d" : "1756409487764369128",
      "t" : 1756409487764,
      "tn" : 1756409487764369127,
      "q" : "153.0",
      "p" : "0.73365",
      "s" : "buy",
      "i" : "DIA_USD",
      "m" : "4611686018430122406"
    }, {
      "d" : "1756409487764369127",
      "t" : 1756409487764,
      "tn" : 1756409487764369127,
      "q" : "184.0",
      "p" : "0.73365",
      "s" : "buy",
      "i" : "DIA_USD",
      "m" : "4611686018430122406"
    }, {
      "d" : "1756409207543606076",
      "t" : 1756409207543,
      "tn" : 1756409207543606076,
      "q" : "178.1",
      "p" : "0.73394",
      "s" : "sell",
      "i" : "DIA_USD",
      "m" : "4611686018430122405"
    }, {
      "d" : "1756409207538931704",
      "t" : 1756409207538,
      "tn" : 1756409207538931704,
      "q" : "255.4",
      "p" : "0.73394",
      "s" : "buy",
      "i" : "DIA_USD",
      "m" : "4611686018430122404"
    }, {
      "d" : "1756409129015924935",
      "t" : 1756409129015,
      "tn" : 1756409129015924935,
      "q" : "282.6",
      "p" : "0.73425",
      "s" : "sell",
      "i" : "DIA_USD",
      "m" : "4611686018430122403"
    }, {
      "d" : "1756409129007359562",
      "t" : 1756409129007,
      "tn" : 1756409129007359562,
      "q" : "277.5",
      "p" : "0.73425",
      "s" : "buy",
      "i" : "DIA_USD",
      "m" : "4611686018430122402"
    }, {
      "d" : "1756408945622877027",
      "t" : 1756408945622,
      "tn" : 1756408945622877027,
      "q" : "41.2",
      "p" : "0.73425",
      "s" : "buy",
      "i" : "DIA_USD",
      "m" : "4611686018430122401"
    }, {
      "d" : "1756408945622874971",
      "t" : 1756408945622,
      "tn" : 1756408945622874971,
      "q" : "59.8",
      "p" : "0.73424",
      "s" : "buy",
      "i" : "DIA_USD",
      "m" : "4611686018430122400"
    }, {
      "d" : "1756405587202403247",
      "t" : 1756405587202,
      "tn" : 1756405587202403247,
      "q" : "3512.5",
      "p" : "0.73002",
      "s" : "sell",
      "i" : "DIA_USD",
      "m" : "4611686018430122399"
    }, {
      "d" : "1756405587202402739",
      "t" : 1756405587202,
      "tn" : 1756405587202402739,
      "q" : "765.5",
      "p" : "0.73111",
      "s" : "sell",
      "i" : "DIA_USD",
      "m" : "4611686018430122398"
    }, {
      "d" : "1756405587202400591",
      "t" : 1756405587202,
      "tn" : 1756405587202400591,
      "q" : "1185.5",
      "p" : "0.73197",
      "s" : "sell",
      "i" : "DIA_USD",
      "m" : "4611686018430122397"
    }, {
      "d" : "1756405587202396323",
      "t" : 1756405587202,
      "tn" : 1756405587202396323,
      "q" : "355.7",
      "p" : "0.73198",
      "s" : "sell",
      "i" : "DIA_USD",
      "m" : "4611686018430122396"
    }, {
      "d" : "1756405587202394116",
      "t" : 1756405587202,
      "tn" : 1756405587202394116,
      "q" : "1199.0",
      "p" : "0.73264",
      "s" : "sell",
      "i" : "DIA_USD",
      "m" : "4611686018430122395"
    }, {
      "d" : "1756405587202391588",
      "t" : 1756405587202,
      "tn" : 1756405587202391588,
      "q" : "359.7",
      "p" : "0.73265",
      "s" : "sell",
      "i" : "DIA_USD",
      "m" : "4611686018430122394"
    }, {
      "d" : "1756405587202389196",
      "t" : 1756405587202,
      "tn" : 1756405587202389196,
      "q" : "1139.3",
      "p" : "0.73302",
      "s" : "sell",
      "i" : "DIA_USD",
      "m" : "4611686018430122393"
    }, {
      "d" : "1756405587202386339",
      "t" : 1756405587202,
      "tn" : 1756405587202386339,
      "q" : "341.8",
      "p" : "0.73303",
      "s" : "sell",
      "i" : "DIA_USD",
      "m" : "4611686018430122392"
    }, {
      "d" : "1756405587202384121",
      "t" : 1756405587202,
      "tn" : 1756405587202384121,
      "q" : "1128.7",
      "p" : "0.73340",
      "s" : "sell",
      "i" : "DIA_USD",
      "m" : "4611686018430122391"
    }, {
      "d" : "1756405587202381415",
      "t" : 1756405587202,
      "tn" : 1756405587202381415,
      "q" : "925.0",
      "p" : "0.73358",
      "s" : "sell",
      "i" : "DIA_USD",
      "m" : "4611686018430122390"
    }, {
      "d" : "1756405587202377920",
      "t" : 1756405587202,
      "tn" : 1756405587202377920,
      "q" : "59.8",
      "p" : "0.73360",
      "s" : "sell",
      "i" : "DIA_USD",
      "m" : "4611686018430122389"
    }, {
      "d" : "1756405117732849164",
      "t" : 1756405117732,
      "tn" : 1756405117732849164,
      "q" : "287.5",
      "p" : "0.73423",
      "s" : "buy",
      "i" : "DIA_USD",
      "m" : "4611686018430122388"
    }, {
      "d" : "1756405117728917532",
      "t" : 1756405117728,
      "tn" : 1756405117728917532,
      "q" : "59.8",
      "p" : "0.73417",
      "s" : "buy",
      "i" : "DIA_USD",
      "m" : "4611686018430122387"
    }, {
      "d" : "1756404915766426400",
      "t" : 1756404915766,
      "tn" : 1756404915766426400,
      "q" : "172.3",
      "p" : "0.73408",
      "s" : "sell",
      "i" : "DIA_USD",
      "m" : "4611686018430122386"
    }, {
      "d" : "1756404696720326057",
      "t" : 1756404696720,
      "tn" : 1756404696720326057,
      "q" : "33.5",
      "p" : "0.73557",
      "s" : "buy",
      "i" : "DIA_USD",
      "m" : "4611686018430122385"
    }, {
      "d" : "1756403914942275575",
      "t" : 1756403914942,
      "tn" : 1756403914942275575,
      "q" : "132.3",
      "p" : "0.73279",
      "s" : "sell",
      "i" : "DIA_USD",
      "m" : "4611686018430122384"
    }, {
      "d" : "1756403539376049600",
      "t" : 1756403539376,
      "tn" : 1756403539376049600,
      "q" : "48.2",
      "p" : "0.73575",
      "s" : "buy",
      "i" : "DIA_USD",
      "m" : "4611686018430122383"
    }, {
      "d" : "1756403487547626249",
      "t" : 1756403487547,
      "tn" : 1756403487547626249,
      "q" : "121.9",
      "p" : "0.73485",
      "s" : "buy",
      "i" : "DIA_USD",
      "m" : "4611686018430122382"
    }, {
      "d" : "1756402624824495185",
      "t" : 1756402624824,
      "tn" : 1756402624824495185,
      "q" : "164.7",
      "p" : "0.73369",
      "s" : "sell",
      "i" : "DIA_USD",
      "m" : "4611686018430122381"
    }, {
      "d" : "1756400342366078200",
      "t" : 1756400342366,
      "tn" : 1756400342366078200,
      "q" : "19.4",
      "p" : "0.73155",
      "s" : "sell",
      "i" : "DIA_USD",
      "m" : "4611686018430122380"
    }, {
      "d" : "1756400288111866674",
      "t" : 1756400288111,
      "tn" : 1756400288111866674,
      "q" : "925.0",
      "p" : "0.73375",
      "s" : "sell",
      "i" : "DIA_USD",
      "m" : "4611686018430122379"
    }, {
      "d" : "1756399575627733220",
      "t" : 1756399575627,
      "tn" : 1756399575627733220,
      "q" : "37.2",
      "p" : "0.74093",
      "s" : "buy",
      "i" : "DIA_USD",
      "m" : "4611686018430122378"
    }, {
      "d" : "1756399364556112519",
      "t" : 1756399364556,
      "tn" : 1756399364556112519,
      "q" : "33.5",
      "p" : "0.73966",
      "s" : "sell",
      "i" : "DIA_USD",
      "m" : "4611686018430122377"
    }, {
      "d" : "1756398835889065831",
      "t" : 1756398835889,
      "tn" : 1756398835889065831,
      "q" : "500.0",
      "p" : "0.73845",
      "s" : "sell",
      "i" : "DIA_USD",
      "m" : "4611686018430122376"
    }, {
      "d" : "1756398402457342474",
      "t" : 1756398402457,
      "tn" : 1756398402457342474,
      "q" : "153.7",
      "p" : "0.73973",
      "s" : "buy",
      "i" : "DIA_USD",
      "m" : "4611686018430122375"
    }, {
      "d" : "1756397506728652565",
      "t" : 1756397506728,
      "tn" : 1756397506728652565,
      "q" : "345.1",
      "p" : "0.73775",
      "s" : "sell",
      "i" : "DIA_USD",
      "m" : "4611686018430122374"
    }, {
      "d" : "1756397393122822414",
      "t" : 1756397393122,
      "tn" : 1756397393122822414,
      "q" : "433.5",
      "p" : "0.73775",
      "s" : "sell",
      "i" : "DIA_USD",
      "m" : "4611686018430122373"
    }, {
      "d" : "1756396027847342376",
      "t" : 1756396027847,
      "tn" : 1756396027847342376,
      "q" : "74.3",
      "p" : "0.74436",
      "s" : "buy",
      "i" : "DIA_USD",
      "m" : "4611686018430122372"
    }, {
      "d" : "1756396027843253585",
      "t" : 1756396027843,
      "tn" : 1756396027843253585,
      "q" : "178.2",
      "p" : "0.74436",
      "s" : "sell",
      "i" : "DIA_USD",
      "m" : "4611686018430122371"
    }, {
      "d" : "1756392244277301086",
      "t" : 1756392244277,
      "tn" : 1756392244277301086,
      "q" : "668.6",
      "p" : "0.74786",
      "s" : "sell",
      "i" : "DIA_USD",
      "m" : "4611686018430122370"
    }, {
      "d" : "1756392244272705696",
      "t" : 1756392244272,
      "tn" : 1756392244272705696,
      "q" : "200.2",
      "p" : "0.74918",
      "s" : "sell",
      "i" : "DIA_USD",
      "m" : "4611686018430122369"
    }, {
      "d" : "1756391288509744225",
      "t" : 1756391288509,
      "tn" : 1756391288509744225,
      "q" : "118.8",
      "p" : "0.75318",
      "s" : "sell",
      "i" : "DIA_USD",
      "m" : "4611686018430122368"
    } ]
  }
}