{
  "id" : -1,
  "method" : "public/get-trades",
  "code" : 0,
  "result" : {
    "data" : [ {
      "d" : "1756460337485368758",
      "t" : 1756460337485,
      "tn" : 1756460337485368758,
      "q" : "6900",
      "p" : "0.0015241",
      "s" : "buy",
      "i" : "DIP_USD",
      "m" : "4611686018428176225"
    }, {
      "d" : "1756460332020306263",
      "t" : 1756460332020,
      "tn" : 1756460332020306263,
      "q" : "8500",
      "p" : "0.0015236",
      "s" : "buy",
      "i" : "DIP_USD",
      "m" : "4611686018428176224"
    }, {
      "d" : "1756460267461587117",
      "t" : 1756460267461,
      "tn" : 1756460267461587117,
      "q" : "8500",
      "p" : "0.0014000",
      "s" : "sell",
      "i" : "DIP_USD",
      "m" : "4611686018428176223"
    }, {
      "d" : "1756460223664592109",
      "t" : 1756460223664,
      "tn" : 1756460223664592109,
      "q" : "14100",
      "p" : "0.0015148",
      "s" : "sell",
      "i" : "DIP_USD",
      "m" : "4611686018428176222"
    }, {
      "d" : "1756460223538607481",
      "t" : 1756460223538,
      "tn" : 1756460223538607481,
      "q" : "59400",
      "p" : "0.0015148",
      "s" : "sell",
      "i" : "DIP_USD",
      "m" : "4611686018428176221"
    }, {
      "d" : "1756460223533244580",
      "t" : 1756460223533,
      "tn" : 1756460223533244580,
      "q" : "16900",
      "p" : "0.0015148",
      "s" : "buy",
      "i" : "DIP_USD",
      "m" : "4611686018428176220"
    }, {
      "d" : "1756460100695354996",
      "t" : 1756460100695,
      "tn" : 1756460100695354996,
      "q" : "7000",
      "p" : "0.0015248",
      "s" : "buy",
      "i" : "DIP_USD",
      "m" : "4611686018428176219"
    }, {
      "d" : "1756459400546794655",
      "t" : 1756459400546,
      "tn" : 1756459400546794655,
      "q" : "3500",
      "p" : "0.0013701",
      "s" : "sell",
      "i" : "DIP_USD",
      "m" : "4611686018428176218"
    }, {
      "d" : "1756457718060223953",
      "t" : 1756457718060,
      "tn" : 1756457718060223953,
      "q" : "20400",
      "p" : "0.0014118",
      "s" : "sell",
      "i" : "DIP_USD",
      "m" : "4611686018428176217"
    }, {
      "d" : "1756457246048256296",
      "t" : 1756457246048,
      "tn" : 1756457246048256296,
      "q" : "179600",
      "p" : "0.0014717",
      "s" : "buy",
      "i" : "DIP_USD",
      "m" : "4611686018428176216"
    }, {
      "d" : "1756457246048253355",
      "t" : 1756457246048,
      "tn" : 1756457246048253355,
      "q" : "228000",
      "p" : "0.0014716",
      "s" : "buy",
      "i" : "DIP_USD",
      "m" : "4611686018428176215"
    }, {
      "d" : "1756457232110733234",
      "t" : 1756457232110,
      "tn" : 1756457232110733234,
      "q" : "160000",
      "p" : "0.0013668",
      "s" : "sell",
      "i" : "DIP_USD",
      "m" : "4611686018428176214"
    }, {
      "d" : "1756456715192593801",
      "t" : 1756456715192,
      "tn" : 1756456715192593801,
      "q" : "248000",
      "p" : "0.0013754",
      "s" : "sell",
      "i" : "DIP_USD",
      "m" : "4611686018428176213"
    }, {
      "d" : "1756456711911199212",
      "t" : 1756456711911,
      "tn" : 1756456711911199212,
      "q" : "353200",
      "p" : "0.0014148",
      "s" : "buy",
      "i" : "DIP_USD",
      "m" : "4611686018428176212"
    }, {
      "d" : "1756456711224644785",
      "t" : 1756456711224,
      "tn" : 1756456711224644785,
      "q" : "228000",
      "p" : "0.0014148",
      "s" : "sell",
      "i" : "DIP_USD",
      "m" : "4611686018428176211"
    }, {
      "d" : "1756456347317546494",
      "t" : 1756456347317,
      "tn" : 1756456347317546494,
      "q" : "6800",
      "p" : "0.0015155",
      "s" : "buy",
      "i" : "DIP_USD",
      "m" : "4611686018428176210"
    }, {
      "d" : "1756456257050378813",
      "t" : 1756456257050,
      "tn" : 1756456257050378813,
      "q" : "335100",
      "p" : "0.0014607",
      "s" : "buy",
      "i" : "DIP_USD",
      "m" : "4611686018428176209"
    }, {
      "d" : "1756456257050374335",
      "t" : 1756456257050,
      "tn" : 1756456257050374335,
      "q" : "212200",
      "p" : "0.0014606",
      "s" : "buy",
      "i" : "DIP_USD",
      "m" : "4611686018428176208"
    }, {
      "d" : "1756456074698262271",
      "t" : 1756456074698,
      "tn" : 1756456074698262271,
      "q" : "15800",
      "p" : "0.0014792",
      "s" : "buy",
      "i" : "DIP_USD",
      "m" : "4611686018428176207"
    }, {
      "d" : "1756455948489973407",
      "t" : 1756455948489,
      "tn" : 1756455948489973407,
      "q" : "8800",
      "p" : "0.0013700",
      "s" : "sell",
      "i" : "DIP_USD",
      "m" : "4611686018428176206"
    }, {
      "d" : "1756455751118368636",
      "t" : 1756455751118,
      "tn" : 1756455751118368636,
      "q" : "250000",
      "p" : "0.0013677",
      "s" : "sell",
      "i" : "DIP_USD",
      "m" : "4611686018428176205"
    }, {
      "d" : "1756455747033585418",
      "t" : 1756455747033,
      "tn" : 1756455747033585418,
      "q" : "652200",
      "p" : "0.0013678",
      "s" : "sell",
      "i" : "DIP_USD",
      "m" : "4611686018428176204"
    }, {
      "d" : "1756455606272103299",
      "t" : 1756455606272,
      "tn" : 1756455606272103299,
      "q" : "42100",
      "p" : "0.0014886",
      "s" : "sell",
      "i" : "DIP_USD",
      "m" : "4611686018428176203"
    }, {
      "d" : "1756455540378430205",
      "t" : 1756455540378,
      "tn" : 1756455540378430205,
      "q" : "4700",
      "p" : "0.0014960",
      "s" : "sell",
      "i" : "DIP_USD",
      "m" : "4611686018428176202"
    }, {
      "d" : "1756455281410863831",
      "t" : 1756455281410,
      "tn" : 1756455281410863831,
      "q" : "5700",
      "p" : "0.0014958",
      "s" : "sell",
      "i" : "DIP_USD",
      "m" : "4611686018428176201"
    }, {
      "d" : "1756455281410860515",
      "t" : 1756455281410,
      "tn" : 1756455281410860515,
      "q" : "6500",
      "p" : "0.0014959",
      "s" : "sell",
      "i" : "DIP_USD",
      "m" : "4611686018428176200"
    }, {
      "d" : "1756454598985841775",
      "t" : 1756454598985,
      "tn" : 1756454598985841775,
      "q" : "6500",
      "p" : "0.0015419",
      "s" : "buy",
      "i" : "DIP_USD",
      "m" : "4611686018428176199"
    }, {
      "d" : "1756454423754941483",
      "t" : 1756454423754,
      "tn" : 1756454423754941483,
      "q" : "5900",
      "p" : "0.0015146",
      "s" : "sell",
      "i" : "DIP_USD",
      "m" : "4611686018428176198"
    }, {
      "d" : "1756453998250541468",
      "t" : 1756453998250,
      "tn" : 1756453998250541468,
      "q" : "14700",
      "p" : "0.0015265",
      "s" : "sell",
      "i" : "DIP_USD",
      "m" : "4611686018428176197"
    }, {
      "d" : "1756453165793837370",
      "t" : 1756453165793,
      "tn" : 1756453165793837370,
      "q" : "3700",
      "p" : "0.0015005",
      "s" : "sell",
      "i" : "DIP_USD",
      "m" : "4611686018428176196"
    }, {
      "d" : "1756453160629676287",
      "t" : 1756453160629,
      "tn" : 1756453160629676287,
      "q" : "20000",
      "p" : "0.0015029",
      "s" : "sell",
      "i" : "DIP_USD",
      "m" : "4611686018428176195"
    }, {
      "d" : "1756452386739628612",
      "t" : 1756452386739,
      "tn" : 1756452386739628612,
      "q" : "20000",
      "p" : "0.0015143",
      "s" : "buy",
      "i" : "DIP_USD",
      "m" : "4611686018428176194"
    }, {
      "d" : "1756452059039707725",
      "t" : 1756452059039,
      "tn" : 1756452059039707725,
      "q" : "7000",
      "p" : "0.0014982",
      "s" : "sell",
      "i" : "DIP_USD",
      "m" : "4611686018428176193"
    }, {
      "d" : "1756451809271953021",
      "t" : 1756451809271,
      "tn" : 1756451809271953021,
      "q" : "5000",
      "p" : "0.0015039",
      "s" : "sell",
      "i" : "DIP_USD",
      "m" : "4611686018428176192"
    }, {
      "d" : "1756451765743063277",
      "t" : 1756451765743,
      "tn" : 1756451765743063277,
      "q" : "5000",
      "p" : "0.0014989",
      "s" : "sell",
      "i" : "DIP_USD",
      "m" : "4611686018428176191"
    }, {
      "d" : "1756451731215309480",
      "t" : 1756451731215,
      "tn" : 1756451731215309480,
      "q" : "5000",
      "p" : "0.0014996",
      "s" : "sell",
      "i" : "DIP_USD",
      "m" : "4611686018428176190"
    }, {
      "d" : "1756451688337623435",
      "t" : 1756451688337,
      "tn" : 1756451688337623435,
      "q" : "19000",
      "p" : "0.0015024",
      "s" : "sell",
      "i" : "DIP_USD",
      "m" : "4611686018428176189"
    }, {
      "d" : "1756451673614165318",
      "t" : 1756451673614,
      "tn" : 1756451673614165318,
      "q" : "5300",
      "p" : "0.0015026",
      "s" : "sell",
      "i" : "DIP_USD",
      "m" : "4611686018428176188"
    }, {
      "d" : "1756451081513793990",
      "t" : 1756451081513,
      "tn" : 1756451081513793990,
      "q" : "83700",
      "p" : "0.0015211",
      "s" : "sell",
      "i" : "DIP_USD",
      "m" : "4611686018428176187"
    }, {
      "d" : "1756451075544162850",
      "t" : 1756451075544,
      "tn" : 1756451075544162850,
      "q" : "5000",
      "p" : "0.0015272",
      "s" : "sell",
      "i" : "DIP_USD",
      "m" : "4611686018428176186"
    }, {
      "d" : "1756451049440854718",
      "t" : 1756451049440,
      "tn" : 1756451049440854718,
      "q" : "5000",
      "p" : "0.0015238",
      "s" : "sell",
      "i" : "DIP_USD",
      "m" : "4611686018428176185"
    }, {
      "d" : "1756450214435509180",
      "t" : 1756450214435,
      "tn" : 1756450214435509180,
      "q" : "5300",
      "p" : "0.0015094",
      "s" : "sell",
      "i" : "DIP_USD",
      "m" : "4611686018428176184"
    }, {
      "d" : "1756449924913394658",
      "t" : 1756449924913,
      "tn" : 1756449924913394658,
      "q" : "26300",
      "p" : "0.0015215",
      "s" : "buy",
      "i" : "DIP_USD",
      "m" : "4611686018428176183"
    }, {
      "d" : "1756449924906938580",
      "t" : 1756449924906,
      "tn" : 1756449924906938580,
      "q" : "56400",
      "p" : "0.0015215",
      "s" : "sell",
      "i" : "DIP_USD",
      "m" : "4611686018428176182"
    }, {
      "d" : "1756449271078736608",
      "t" : 1756449271078,
      "tn" : 1756449271078736608,
      "q" : "56400",
      "p" : "0.0015346",
      "s" : "buy",
      "i" : "DIP_USD",
      "m" : "4611686018428176181"
    }, {
      "d" : "1756448840294578754",
      "t" : 1756448840294,
      "tn" : 1756448840294578754,
      "q" : "130000",
      "p" : "0.0015261",
      "s" : "sell",
      "i" : "DIP_USD",
      "m" : "4611686018428176180"
    }, {
      "d" : "1756448828255644757",
      "t" : 1756448828255,
      "tn" : 1756448828255644757,
      "q" : "31800",
      "p" : "0.0015306",
      "s" : "sell",
      "i" : "DIP_USD",
      "m" : "4611686018428176179"
    }, {
      "d" : "1756448487389384018",
      "t" : 1756448487389,
      "tn" : 1756448487389384018,
      "q" : "41900",
      "p" : "0.0015205",
      "s" : "sell",
      "i" : "DIP_USD",
      "m" : "4611686018428176178"
    }, {
      "d" : "1756448419310493371",
      "t" : 1756448419310,
      "tn" : 1756448419310493371,
      "q" : "68000",
      "p" : "0.0015191",
      "s" : "sell",
      "i" : "DIP_USD",
      "m" : "4611686018428176177"
    }, {
      "d" : "1756448415730913378",
      "t" : 1756448415730,
      "tn" : 1756448415730913378,
      "q" : "98700",
      "p" : "0.0015192",
      "s" : "buy",
      "i" : "DIP_USD",
      "m" : "4611686018428176176"
    }, {
      "d" : "1756448415720492453",
      "t" : 1756448415720,
      "tn" : 1756448415720492453,
      "q" : "3700",
      "p" : "0.0015192",
      "s" : "sell",
      "i" : "DIP_USD",
      "m" : "4611686018428176175"
    }, {
      "d" : "1756448403846964895",
      "t" : 1756448403846,
      "tn" : 1756448403846964895,
      "q" : "3700",
      "p" : "0.0015467",
      "s" : "buy",
      "i" : "DIP_USD",
      "m" : "4611686018428176174"
    }, {
      "d" : "1756448111335310794",
      "t" : 1756448111335,
      "tn" : 1756448111335310794,
      "q" : "113700",
      "p" : "0.0015438",
      "s" : "sell",
      "i" : "DIP_USD",
      "m" : "4611686018428176173"
    }, {
      "d" : "1756446322291505959",
      "t" : 1756446322291,
      "tn" : 1756446322291505959,
      "q" : "93400",
      "p" : "0.0015406",
      "s" : "sell",
      "i" : "DIP_USD",
      "m" : "4611686018428176172"
    }, {
      "d" : "1756446249921973612",
      "t" : 1756446249921,
      "tn" : 1756446249921973612,
      "q" : "8800",
      "p" : "0.0015361",
      "s" : "sell",
      "i" : "DIP_USD",
      "m" : "4611686018428176171"
    }, {
      "d" : "1756446205867948964",
      "t" : 1756446205867,
      "tn" : 1756446205867948964,
      "q" : "12700",
      "p" : "0.0015394",
      "s" : "sell",
      "i" : "DIP_USD",
      "m" : "4611686018428176170"
    }, {
      "d" : "1756445888284082891",
      "t" : 1756445888284,
      "tn" : 1756445888284082891,
      "q" : "14900",
      "p" : "0.0015403",
      "s" : "sell",
      "i" : "DIP_USD",
      "m" : "4611686018428176169"
    }, {
      "d" : "1756445885132385500",
      "t" : 1756445885132,
      "tn" : 1756445885132385500,
      "q" : "58400",
      "p" : "0.0015404",
      "s" : "buy",
      "i" : "DIP_USD",
      "m" : "4611686018428176168"
    }, {
      "d" : "1756445885127118169",
      "t" : 1756445885127,
      "tn" : 1756445885127118169,
      "q" : "42700",
      "p" : "0.0015404",
      "s" : "sell",
      "i" : "DIP_USD",
      "m" : "4611686018428176167"
    }, {
      "d" : "1756445782080879891",
      "t" : 1756445782080,
      "tn" : 1756445782080879891,
      "q" : "14500",
      "p" : "0.0015396",
      "s" : "sell",
      "i" : "DIP_USD",
      "m" : "4611686018428176166"
    }, {
      "d" : "1756445707928558052",
      "t" : 1756445707928,
      "tn" : 1756445707928558052,
      "q" : "20200",
      "p" : "0.0015746",
      "s" : "buy",
      "i" : "DIP_USD",
      "m" : "4611686018428176165"
    }, {
      "d" : "1756445693905931849",
      "t" : 1756445693905,
      "tn" : 1756445693905931849,
      "q" : "29200",
      "p" : "0.0015489",
      "s" : "sell",
      "i" : "DIP_USD",
      "m" : "4611686018428176164"
    }, {
      "d" : "1756445347785269418",
      "t" : 1756445347785,
      "tn" : 1756445347785269418,
      "q" : "4500",
      "p" : "0.0015442",
      "s" : "sell",
      "i" : "DIP_USD",
      "m" : "4611686018428176163"
    }, {
      "d" : "1756445307582521092",
      "t" : 1756445307582,
      "tn" : 1756445307582521092,
      "q" : "68800",
      "p" : "0.0015394",
      "s" : "sell",
      "i" : "DIP_USD",
      "m" : "4611686018428176162"
    }, {
      "d" : "1756445007509814702",
      "t" : 1756445007509,
      "tn" : 1756445007509814702,
      "q" : "14800",
      "p" : "0.0015519",
      "s" : "sell",
      "i" : "DIP_USD",
      "m" : "4611686018428176161"
    }, {
      "d" : "1756444234424900700",
      "t" : 1756444234424,
      "tn" : 1756444234424900700,
      "q" : "37200",
      "p" : "0.0015468",
      "s" : "sell",
      "i" : "DIP_USD",
      "m" : "4611686018428176160"
    }, {
      "d" : "1756443696654917746",
      "t" : 1756443696654,
      "tn" : 1756443696654917746,
      "q" : "15100",
      "p" : "0.0015329",
      "s" : "sell",
      "i" : "DIP_USD",
      "m" : "4611686018428176159"
    }, {
      "d" : "1756442518592750235",
      "t" : 1756442518592,
      "tn" : 1756442518592750235,
      "q" : "3900",
      "p" : "0.0015543",
      "s" : "buy",
      "i" : "DIP_USD",
      "m" : "4611686018428176158"
    }, {
      "d" : "1756442322030275890",
      "t" : 1756442322030,
      "tn" : 1756442322030275890,
      "q" : "28700",
      "p" : "0.0015415",
      "s" : "buy",
      "i" : "DIP_USD",
      "m" : "4611686018428176157"
    }, {
      "d" : "1756442243053026400",
      "t" : 1756442243053,
      "tn" : 1756442243053026400,
      "q" : "34200",
      "p" : "0.0015125",
      "s" : "sell",
      "i" : "DIP_USD",
      "m" : "4611686018428176156"
    }, {
      "d" : "1756441989037958526",
      "t" : 1756441989037,
      "tn" : 1756441989037958526,
      "q" : "16200",
      "p" : "0.0015140",
      "s" : "sell",
      "i" : "DIP_USD",
      "m" : "4611686018428176155"
    }, {
      "d" : "1756441729306435333",
      "t" : 1756441729306,
      "tn" : 1756441729306435333,
      "q" : "3600",
      "p" : "0.0014942",
      "s" : "sell",
      "i" : "DIP_USD",
      "m" : "4611686018428176154"
    }, {
      "d" : "1756441288086641602",
      "t" : 1756441288086,
      "tn" : 1756441288086641602,
      "q" : "5200",
      "p" : "0.0015448",
      "s" : "buy",
      "i" : "DIP_USD",
      "m" : "4611686018428176153"
    }, {
      "d" : "1756441096334483088",
      "t" : 1756441096334,
      "tn" : 1756441096334483088,
      "q" : "60400",
      "p" : "0.0015418",
      "s" : "buy",
      "i" : "DIP_USD",
      "m" : "4611686018428176152"
    }, {
      "d" : "1756440660076212507",
      "t" : 1756440660076,
      "tn" : 1756440660076212507,
      "q" : "12400",
      "p" : "0.0015186",
      "s" : "buy",
      "i" : "DIP_USD",
      "m" : "4611686018428176151"
    }, {
      "d" : "1756440656840938889",
      "t" : 1756440656840,
      "tn" : 1756440656840938889,
      "q" : "16900",
      "p" : "0.0015185",
      "s" : "buy",
      "i" : "DIP_USD",
      "m" : "4611686018428176150"
    }, {
      "d" : "1756440630844819430",
      "t" : 1756440630844,
      "tn" : 1756440630844819430,
      "q" : "7500",
      "p" : "0.0014894",
      "s" : "sell",
      "i" : "DIP_USD",
      "m" : "4611686018428176149"
    }, {
      "d" : "1756440506881543548",
      "t" : 1756440506881,
      "tn" : 1756440506881543548,
      "q" : "5600",
      "p" : "0.0014957",
      "s" : "sell",
      "i" : "DIP_USD",
      "m" : "4611686018428176148"
    }, {
      "d" : "1756440303347454568",
      "t" : 1756440303347,
      "tn" : 1756440303347454568,
      "q" : "3800",
      "p" : "0.0014908",
      "s" : "sell",
      "i" : "DIP_USD",
      "m" : "4611686018428176147"
    }, {
      "d" : "1756440046132485925",
      "t" : 1756440046132,
      "tn" : 1756440046132485925,
      "q" : "71000",
      "p" : "0.0015514",
      "s" : "buy",
      "i" : "DIP_USD",
      "m" : "4611686018428176146"
    }, {
      "d" : "1756440040997376214",
      "t" : 1756440040997,
      "tn" : 1756440040997376214,
      "q" : "298300",
      "p" : "0.0015513",
      "s" : "buy",
      "i" : "DIP_USD",
      "m" : "4611686018428176145"
    }, {
      "d" : "1756440035951550716",
      "t" : 1756440035951,
      "tn" : 1756440035951550716,
      "q" : "580200",
      "p" : "0.0015512",
      "s" : "sell",
      "i" : "DIP_USD",
      "m" : "4611686018428176144"
    }, {
      "d" : "1756440035949835256",
      "t" : 1756440035949,
      "tn" : 1756440035949835256,
      "q" : "358600",
      "p" : "0.0015512",
      "s" : "buy",
      "i" : "DIP_USD",
      "m" : "4611686018428176143"
    }, {
      "d" : "1756440031231940465",
      "t" : 1756440031231,
      "tn" : 1756440031231940465,
      "q" : "298300",
      "p" : "0.0015467",
      "s" : "buy",
      "i" : "DIP_USD",
      "m" : "4611686018428176142"
    }, {
      "d" : "1756440028128346872",
      "t" : 1756440028128,
      "tn" : 1756440028128346872,
      "q" : "581900",
      "p" : "0.0015466",
      "s" : "sell",
      "i" : "DIP_USD",
      "m" : "4611686018428176141"
    }, {
      "d" : "1756440028120943611",
      "t" : 1756440028120,
      "tn" : 1756440028120943611,
      "q" : "212600",
      "p" : "0.0015466",
      "s" : "buy",
      "i" : "DIP_USD",
      "m" : "4611686018428176140"
    }, {
      "d" : "1756439651472991500",
      "t" : 1756439651472,
      "tn" : 1756439651472991500,
      "q" : "15400",
      "p" : "0.0015314",
      "s" : "buy",
      "i" : "DIP_USD",
      "m" : "4611686018428176139"
    }, {
      "d" : "1756438705558567958",
      "t" : 1756438705558,
      "tn" : 1756438705558567958,
      "q" : "4000",
      "p" : "0.0015368",
      "s" : "sell",
      "i" : "DIP_USD",
      "m" : "4611686018428176138"
    }, {
      "d" : "1756438694298829561",
      "t" : 1756438694298,
      "tn" : 1756438694298829561,
      "q" : "8300",
      "p" : "0.0015370",
      "s" : "sell",
      "i" : "DIP_USD",
      "m" : "4611686018428176137"
    }, {
      "d" : "1756438442542554293",
      "t" : 1756438442542,
      "tn" : 1756438442542554293,
      "q" : "3800",
      "p" : "0.0015444",
      "s" : "sell",
      "i" : "DIP_USD",
      "m" : "4611686018428176136"
    }, {
      "d" : "1756437802462622573",
      "t" : 1756437802462,
      "tn" : 1756437802462622573,
      "q" : "9100",
      "p" : "0.0015711",
      "s" : "sell",
      "i" : "DIP_USD",
      "m" : "4611686018428176135"
    }, {
      "d" : "1756437799344053977",
      "t" : 1756437799344,
      "tn" : 1756437799344053977,
      "q" : "38200",
      "p" : "0.0015712",
      "s" : "buy",
      "i" : "DIP_USD",
      "m" : "4611686018428176134"
    }, {
      "d" : "1756437799330488856",
      "t" : 1756437799330,
      "tn" : 1756437799330488856,
      "q" : "5900",
      "p" : "0.0015712",
      "s" : "sell",
      "i" : "DIP_USD",
      "m" : "4611686018428176133"
    }, {
      "d" : "1756437260231404444",
      "t" : 1756437260231,
      "tn" : 1756437260231404444,
      "q" : "5900",
      "p" : "0.0016004",
      "s" : "buy",
      "i" : "DIP_USD",
      "m" : "4611686018428176132"
    }, {
      "d" : "1756437023246385243",
      "t" : 1756437023246,
      "tn" : 1756437023246385243,
      "q" : "9800",
      "p" : "0.0015840",
      "s" : "sell",
      "i" : "DIP_USD",
      "m" : "4611686018428176131"
    }, {
      "d" : "1756437019531105651",
      "t" : 1756437019531,
      "tn" : 1756437019531105651,
      "q" : "56800",
      "p" : "0.0015841",
      "s" : "buy",
      "i" : "DIP_USD",
      "m" : "4611686018428176130"
    }, {
      "d" : "1756437019523218496",
      "t" : 1756437019523,
      "tn" : 1756437019523218496,
      "q" : "45200",
      "p" : "0.0015841",
      "s" : "sell",
      "i" : "DIP_USD",
      "m" : "4611686018428176129"
    }, {
      "d" : "1756436909226738918",
      "t" : 1756436909226,
      "tn" : 1756436909226738918,
      "q" : "9100",
      "p" : "0.0015922",
      "s" : "sell",
      "i" : "DIP_USD",
      "m" : "4611686018428176128"
    }, {
      "d" : "1756436905358504408",
      "t" : 1756436905358,
      "tn" : 1756436905358504408,
      "q" : "10500",
      "p" : "0.0015922",
      "s" : "sell",
      "i" : "DIP_USD",
      "m" : "4611686018428176127"
    }, {
      "d" : "1756436532981967128",
      "t" : 1756436532981,
      "tn" : 1756436532981967128,
      "q" : "30800",
      "p" : "0.0015896",
      "s" : "sell",
      "i" : "DIP_USD",
      "m" : "4611686018428176126"
    }, {
      "d" : "1756436172211141052",
      "t" : 1756436172211,
      "tn" : 1756436172211141052,
      "q" : "15100",
      "p" : "0.0015789",
      "s" : "sell",
      "i" : "DIP_USD",
      "m" : "4611686018428176125"
    }, {
      "d" : "1756435065041895400",
      "t" : 1756435065041,
      "tn" : 1756435065041895400,
      "q" : "7500",
      "p" : "0.0015628",
      "s" : "sell",
      "i" : "DIP_USD",
      "m" : "4611686018428176124"
    }, {
      "d" : "1756434876976461974",
      "t" : 1756434876976,
      "tn" : 1756434876976461974,
      "q" : "30200",
      "p" : "0.0015562",
      "s" : "sell",
      "i" : "DIP_USD",
      "m" : "4611686018428176123"
    }, {
      "d" : "1756434336109967557",
      "t" : 1756434336109,
      "tn" : 1756434336109967557,
      "q" : "3800",
      "p" : "0.0015856",
      "s" : "buy",
      "i" : "DIP_USD",
      "m" : "4611686018428176122"
    }, {
      "d" : "1756433969726956763",
      "t" : 1756433969726,
      "tn" : 1756433969726956763,
      "q" : "4000",
      "p" : "0.0015989",
      "s" : "sell",
      "i" : "DIP_USD",
      "m" : "4611686018428176121"
    }, {
      "d" : "1756433529376162532",
      "t" : 1756433529376,
      "tn" : 1756433529376162532,
      "q" : "10500",
      "p" : "0.0016209",
      "s" : "sell",
      "i" : "DIP_USD",
      "m" : "4611686018428176120"
    }, {
      "d" : "1756433155875279691",
      "t" : 1756433155875,
      "tn" : 1756433155875279691,
      "q" : "18700",
      "p" : "0.0016105",
      "s" : "sell",
      "i" : "DIP_USD",
      "m" : "4611686018428176119"
    }, {
      "d" : "1756431958708431396",
      "t" : 1756431958708,
      "tn" : 1756431958708431396,
      "q" : "15200",
      "p" : "0.0016354",
      "s" : "sell",
      "i" : "DIP_USD",
      "m" : "4611686018428176118"
    }, {
      "d" : "1756431831673820067",
      "t" : 1756431831673,
      "tn" : 1756431831673820067,
      "q" : "9000",
      "p" : "0.0016250",
      "s" : "sell",
      "i" : "DIP_USD",
      "m" : "4611686018428176117"
    }, {
      "d" : "1756431274863897385",
      "t" : 1756431274863,
      "tn" : 1756431274863897385,
      "q" : "202000",
      "p" : "0.0016749",
      "s" : "buy",
      "i" : "DIP_USD",
      "m" : "4611686018428176116"
    }, {
      "d" : "1756430167589663667",
      "t" : 1756430167589,
      "tn" : 1756430167589663667,
      "q" : "5600",
      "p" : "0.0016143",
      "s" : "sell",
      "i" : "DIP_USD",
      "m" : "4611686018428176115"
    }, {
      "d" : "1756429916229450312",
      "t" : 1756429916229,
      "tn" : 1756429916229450312,
      "q" : "5000",
      "p" : "0.0016239",
      "s" : "sell",
      "i" : "DIP_USD",
      "m" : "4611686018428176114"
    }, {
      "d" : "1756429828478022663",
      "t" : 1756429828478,
      "tn" : 1756429828478022663,
      "q" : "138600",
      "p" : "0.0016297",
      "s" : "sell",
      "i" : "DIP_USD",
      "m" : "4611686018428176113"
    }, {
      "d" : "1756429660921289945",
      "t" : 1756429660921,
      "tn" : 1756429660921289945,
      "q" : "79800",
      "p" : "0.0016352",
      "s" : "sell",
      "i" : "DIP_USD",
      "m" : "4611686018428176112"
    }, {
      "d" : "1756429657645774670",
      "t" : 1756429657645,
      "tn" : 1756429657645774670,
      "q" : "91700",
      "p" : "0.0016353",
      "s" : "buy",
      "i" : "DIP_USD",
      "m" : "4611686018428176111"
    }, {
      "d" : "1756429657636346124",
      "t" : 1756429657636,
      "tn" : 1756429657636346124,
      "q" : "39300",
      "p" : "0.0016353",
      "s" : "sell",
      "i" : "DIP_USD",
      "m" : "4611686018428176110"
    }, {
      "d" : "1756429602088170727",
      "t" : 1756429602088,
      "tn" : 1756429602088170727,
      "q" : "25000",
      "p" : "0.0016610",
      "s" : "buy",
      "i" : "DIP_USD",
      "m" : "4611686018428176109"
    }, {
      "d" : "1756428832976113383",
      "t" : 1756428832976,
      "tn" : 1756428832976113383,
      "q" : "90000",
      "p" : "0.0016384",
      "s" : "sell",
      "i" : "DIP_USD",
      "m" : "4611686018428176108"
    }, {
      "d" : "1756428445741351138",
      "t" : 1756428445741,
      "tn" : 1756428445741351138,
      "q" : "18300",
      "p" : "0.0016325",
      "s" : "sell",
      "i" : "DIP_USD",
      "m" : "4611686018428176107"
    }, {
      "d" : "1756428319188651172",
      "t" : 1756428319188,
      "tn" : 1756428319188651172,
      "q" : "55900",
      "p" : "0.0016343",
      "s" : "sell",
      "i" : "DIP_USD",
      "m" : "4611686018428176106"
    }, {
      "d" : "1756427828981920756",
      "t" : 1756427828981,
      "tn" : 1756427828981920756,
      "q" : "5200",
      "p" : "0.0016385",
      "s" : "sell",
      "i" : "DIP_USD",
      "m" : "4611686018428176105"
    }, {
      "d" : "1756427639362764436",
      "t" : 1756427639362,
      "tn" : 1756427639362764436,
      "q" : "44300",
      "p" : "0.0016272",
      "s" : "sell",
      "i" : "DIP_USD",
      "m" : "4611686018428176104"
    }, {
      "d" : "1756427558209743118",
      "t" : 1756427558209,
      "tn" : 1756427558209743118,
      "q" : "15900",
      "p" : "0.0016422",
      "s" : "sell",
      "i" : "DIP_USD",
      "m" : "4611686018428176103"
    }, {
      "d" : "1756427558204592837",
      "t" : 1756427558204,
      "tn" : 1756427558204592837,
      "q" : "36500",
      "p" : "0.0016422",
      "s" : "sell",
      "i" : "DIP_USD",
      "m" : "4611686018428176102"
    }, {
      "d" : "1756427558195196675",
      "t" : 1756427558195,
      "tn" : 1756427558195196675,
      "q" : "4000",
      "p" : "0.0016422",
      "s" : "buy",
      "i" : "DIP_USD",
      "m" : "4611686018428176101"
    }, {
      "d" : "1756427539486225365",
      "t" : 1756427539486,
      "tn" : 1756427539486225365,
      "q" : "4000",
      "p" : "0.0016047",
      "s" : "sell",
      "i" : "DIP_USD",
      "m" : "4611686018428176100"
    }, {
      "d" : "1756427521250485147",
      "t" : 1756427521250,
      "tn" : 1756427521250485147,
      "q" : "130800",
      "p" : "0.0014507",
      "s" : "buy",
      "i" : "DIP_USD",
      "m" : "4611686018428176099"
    }, {
      "d" : "1756427521250480602",
      "t" : 1756427521250,
      "tn" : 1756427521250480602,
      "q" : "228100",
      "p" : "0.0014506",
      "s" : "buy",
      "i" : "DIP_USD",
      "m" : "4611686018428176098"
    }, {
      "d" : "1756427520450400465",
      "t" : 1756427520450,
      "tn" : 1756427520450400465,
      "q" : "2800",
      "p" : "0.0014507",
      "s" : "sell",
      "i" : "DIP_USD",
      "m" : "4611686018428176097"
    }, {
      "d" : "1756427514445960570",
      "t" : 1756427514445,
      "tn" : 1756427514445960570,
      "q" : "12300",
      "p" : "0.0016265",
      "s" : "buy",
      "i" : "DIP_USD",
      "m" : "4611686018428176096"
    }, {
      "d" : "1756427514435651788",
      "t" : 1756427514435,
      "tn" : 1756427514435651788,
      "q" : "12300",
      "p" : "0.0016265",
      "s" : "buy",
      "i" : "DIP_USD",
      "m" : "4611686018428176095"
    }, {
      "d" : "1756427514428658280",
      "t" : 1756427514428,
      "tn" : 1756427514428658280,
      "q" : "8000",
      "p" : "0.0016265",
      "s" : "sell",
      "i" : "DIP_USD",
      "m" : "4611686018428176094"
    }, {
      "d" : "1756427476175123964",
      "t" : 1756427476175,
      "tn" : 1756427476175123964,
      "q" : "24900",
      "p" : "0.0016530",
      "s" : "sell",
      "i" : "DIP_USD",
      "m" : "4611686018428176093"
    }, {
      "d" : "1756427473016469607",
      "t" : 1756427473016,
      "tn" : 1756427473016469607,
      "q" : "22000",
      "p" : "0.0016964",
      "s" : "buy",
      "i" : "DIP_USD",
      "m" : "4611686018428176092"
    }, {
      "d" : "1756426357016529644",
      "t" : 1756426357016,
      "tn" : 1756426357016529644,
      "q" : "10900",
      "p" : "0.0017449",
      "s" : "buy",
      "i" : "DIP_USD",
      "m" : "4611686018428176091"
    }, {
      "d" : "1756426349459601108",
      "t" : 1756426349459,
      "tn" : 1756426349459601108,
      "q" : "5800",
      "p" : "0.0017161",
      "s" : "sell",
      "i" : "DIP_USD",
      "m" : "4611686018428176090"
    }, {
      "d" : "1756426215189823006",
      "t" : 1756426215189,
      "tn" : 1756426215189823006,
      "q" : "5200",
      "p" : "0.0016948",
      "s" : "sell",
      "i" : "DIP_USD",
      "m" : "4611686018428176089"
    }, {
      "d" : "1756426077039686065",
      "t" : 1756426077039,
      "tn" : 1756426077039686065,
      "q" : "115500",
      "p" : "0.0017046",
      "s" : "sell",
      "i" : "DIP_USD",
      "m" : "4611686018428176088"
    }, {
      "d" : "1756425985495128538",
      "t" : 1756425985495,
      "tn" : 1756425985495128538,
      "q" : "34000",
      "p" : "0.0017247",
      "s" : "sell",
      "i" : "DIP_USD",
      "m" : "4611686018428176087"
    }, {
      "d" : "1756425858243814430",
      "t" : 1756425858243,
      "tn" : 1756425858243814430,
      "q" : "8400",
      "p" : "0.0016668",
      "s" : "sell",
      "i" : "DIP_USD",
      "m" : "4611686018428176086"
    }, {
      "d" : "1756425822814652902",
      "t" : 1756425822814,
      "tn" : 1756425822814652902,
      "q" : "9000",
      "p" : "0.0016843",
      "s" : "sell",
      "i" : "DIP_USD",
      "m" : "4611686018428176085"
    }, {
      "d" : "1756425764711331863",
      "t" : 1756425764711,
      "tn" : 1756425764711331863,
      "q" : "52400",
      "p" : "0.0017084",
      "s" : "sell",
      "i" : "DIP_USD",
      "m" : "4611686018428176084"
    }, {
      "d" : "1756425761706974794",
      "t" : 1756425761706,
      "tn" : 1756425761706974794,
      "q" : "175600",
      "p" : "0.0017084",
      "s" : "sell",
      "i" : "DIP_USD",
      "m" : "4611686018428176083"
    }, {
      "d" : "1756425561907596734",
      "t" : 1756425561907,
      "tn" : 1756425561907596734,
      "q" : "50500",
      "p" : "0.0016891",
      "s" : "buy",
      "i" : "DIP_USD",
      "m" : "4611686018428176082"
    }, {
      "d" : "1756425497919259209",
      "t" : 1756425497919,
      "tn" : 1756425497919259209,
      "q" : "10000",
      "p" : "0.0016977",
      "s" : "buy",
      "i" : "DIP_USD",
      "m" : "4611686018428176081"
    }, {
      "d" : "1756425494689406927",
      "t" : 1756425494689,
      "tn" : 1756425494689406927,
      "q" : "23000",
      "p" : "0.0016967",
      "s" : "buy",
      "i" : "DIP_USD",
      "m" : "4611686018428176080"
    }, {
      "d" : "1756425336830791803",
      "t" : 1756425336830,
      "tn" : 1756425336830791803,
      "q" : "23000",
      "p" : "0.0016708",
      "s" : "sell",
      "i" : "DIP_USD",
      "m" : "4611686018428176079"
    }, {
      "d" : "1756425158481381361",
      "t" : 1756425158481,
      "tn" : 1756425158481381361,
      "q" : "10100",
      "p" : "0.0017027",
      "s" : "buy",
      "i" : "DIP_USD",
      "m" : "4611686018428176078"
    }, {
      "d" : "1756425155352791861",
      "t" : 1756425155352,
      "tn" : 1756425155352791861,
      "q" : "46000",
      "p" : "0.0017007",
      "s" : "buy",
      "i" : "DIP_USD",
      "m" : "4611686018428176077"
    }, {
      "d" : "1756424812736954463",
      "t" : 1756424812736,
      "tn" : 1756424812736954463,
      "q" : "10400",
      "p" : "0.0017064",
      "s" : "buy",
      "i" : "DIP_USD",
      "m" : "4611686018428176076"
    } ]
  }
}