{
  "id" : -1,
  "method" : "public/get-trades",
  "code" : 0,
  "result" : {
    "data" : [ {
      "d" : "1756460756313592867",
      "t" : 1756460756313,
      "tn" : 1756460756313592867,
      "q" : "199",
      "p" : "0.213562",
      "s" : "sell",
      "i" : "DOGE_USD",
      "m" : "4611686018450764068"
    }, {
      "d" : "1756460756313449791",
      "t" : 1756460756313,
      "tn" : 1756460756313449791,
      "q" : "1956",
      "p" : "0.213562",
      "s" : "sell",
      "i" : "DOGE_USD",
      "m" : "4611686018450764067"
    }, {
      "d" : "1756460756313447370",
      "t" : 1756460756313,
      "tn" : 1756460756313447370,
      "q" : "54",
      "p" : "0.213563",
      "s" : "sell",
      "i" : "DOGE_USD",
      "m" : "4611686018450764066"
    }, {
      "d" : "1756460748121879819",
      "t" : 1756460748121,
      "tn" : 1756460748121879819,
      "q" : "193",
      "p" : "0.213519",
      "s" : "buy",
      "i" : "DOGE_USD",
      "m" : "4611686018450764065"
    }, {
      "d" : "1756460748121877553",
      "t" : 1756460748121,
      "tn" : 1756460748121877553,
      "q" : "6",
      "p" : "0.213508",
      "s" : "buy",
      "i" : "DOGE_USD",
      "m" : "4611686018450764064"
    }, {
      "d" : "1756460748121072655",
      "t" : 1756460748121,
      "tn" : 1756460748121072655,
      "q" : "1014",
      "p" : "0.213459",
      "s" : "buy",
      "i" : "DOGE_USD",
      "m" : "4611686018450764063"
    }, {
      "d" : "1756460726891612325",
      "t" : 1756460726891,
      "tn" : 1756460726891612325,
      "q" : "2",
      "p" : "0.213351",
      "s" : "buy",
      "i" : "DOGE_USD",
      "m" : "4611686018450764062"
    }, {
      "d" : "1756460726722113098",
      "t" : 1756460726722,
      "tn" : 1756460726722113097,
      "q" : "966",
      "p" : "0.213306",
      "s" : "buy",
      "i" : "DOGE_USD",
      "m" : "4611686018450764061"
    }, {
      "d" : "1756460726722113097",
      "t" : 1756460726722,
      "tn" : 1756460726722113097,
      "q" : "9",
      "p" : "0.213306",
      "s" : "buy",
      "i" : "DOGE_USD",
      "m" : "4611686018450764061"
    }, {
      "d" : "1756460669388777810",
      "t" : 1756460669388,
      "tn" : 1756460669388777810,
      "q" : "1990",
      "p" : "0.213244",
      "s" : "sell",
      "i" : "DOGE_USD",
      "m" : "4611686018450764060"
    }, {
      "d" : "1756460669388774911",
      "t" : 1756460669388,
      "tn" : 1756460669388774911,
      "q" : "157",
      "p" : "0.213244",
      "s" : "sell",
      "i" : "DOGE_USD",
      "m" : "4611686018450764059"
    }, {
      "d" : "1756460669388773243",
      "t" : 1756460669388,
      "tn" : 1756460669388773243,
      "q" : "54",
      "p" : "0.213271",
      "s" : "sell",
      "i" : "DOGE_USD",
      "m" : "4611686018450764058"
    }, {
      "d" : "1756460669388772679",
      "t" : 1756460669388,
      "tn" : 1756460669388772679,
      "q" : "9",
      "p" : "0.213273",
      "s" : "sell",
      "i" : "DOGE_USD",
      "m" : "4611686018450764057"
    }, {
      "d" : "1756460669382794816",
      "t" : 1756460669382,
      "tn" : 1756460669382794816,
      "q" : "6",
      "p" : "0.213307",
      "s" : "sell",
      "i" : "DOGE_USD",
      "m" : "4611686018450764056"
    }, {
      "d" : "1756460662435094575",
      "t" : 1756460662435,
      "tn" : 1756460662435094575,
      "q" : "6",
      "p" : "0.213306",
      "s" : "sell",
      "i" : "DOGE_USD",
      "m" : "4611686018450764055"
    }, {
      "d" : "1756460659699277191",
      "t" : 1756460659699,
      "tn" : 1756460659699277191,
      "q" : "290",
      "p" : "0.213295",
      "s" : "sell",
      "i" : "DOGE_USD",
      "m" : "4611686018450764054"
    }, {
      "d" : "1756460658091517784",
      "t" : 1756460658091,
      "tn" : 1756460658091517784,
      "q" : "47",
      "p" : "0.213271",
      "s" : "sell",
      "i" : "DOGE_USD",
      "m" : "4611686018450764053"
    }, {
      "d" : "1756460658091515638",
      "t" : 1756460658091,
      "tn" : 1756460658091515638,
      "q" : "54",
      "p" : "0.213272",
      "s" : "sell",
      "i" : "DOGE_USD",
      "m" : "4611686018450764052"
    }, {
      "d" : "1756460658091513757",
      "t" : 1756460658091,
      "tn" : 1756460658091513757,
      "q" : "7",
      "p" : "0.213293",
      "s" : "sell",
      "i" : "DOGE_USD",
      "m" : "4611686018450764051"
    }, {
      "d" : "1756460658091511476",
      "t" : 1756460658091,
      "tn" : 1756460658091511475,
      "q" : "966",
      "p" : "0.213306",
      "s" : "sell",
      "i" : "DOGE_USD",
      "m" : "4611686018450764050"
    }, {
      "d" : "1756460658091511475",
      "t" : 1756460658091,
      "tn" : 1756460658091511475,
      "q" : "6",
      "p" : "0.213306",
      "s" : "sell",
      "i" : "DOGE_USD",
      "m" : "4611686018450764050"
    }, {
      "d" : "1756460657917062153",
      "t" : 1756460657917,
      "tn" : 1756460657917062153,
      "q" : "424",
      "p" : "0.213293",
      "s" : "sell",
      "i" : "DOGE_USD",
      "m" : "4611686018450764049"
    }, {
      "d" : "1756460657917060705",
      "t" : 1756460657917,
      "tn" : 1756460657917060705,
      "q" : "6",
      "p" : "0.213306",
      "s" : "sell",
      "i" : "DOGE_USD",
      "m" : "4611686018450764048"
    }, {
      "d" : "1756460657621944181",
      "t" : 1756460657621,
      "tn" : 1756460657621944181,
      "q" : "654",
      "p" : "0.213293",
      "s" : "sell",
      "i" : "DOGE_USD",
      "m" : "4611686018450764047"
    }, {
      "d" : "1756460657621942269",
      "t" : 1756460657621,
      "tn" : 1756460657621942269,
      "q" : "6",
      "p" : "0.213306",
      "s" : "sell",
      "i" : "DOGE_USD",
      "m" : "4611686018450764046"
    }, {
      "d" : "1756460657401880865",
      "t" : 1756460657401,
      "tn" : 1756460657401880864,
      "q" : "654",
      "p" : "0.213306",
      "s" : "sell",
      "i" : "DOGE_USD",
      "m" : "4611686018450764045"
    }, {
      "d" : "1756460657401880864",
      "t" : 1756460657401,
      "tn" : 1756460657401880864,
      "q" : "6",
      "p" : "0.213306",
      "s" : "sell",
      "i" : "DOGE_USD",
      "m" : "4611686018450764045"
    }, {
      "d" : "1756460657178395237",
      "t" : 1756460657178,
      "tn" : 1756460657178395237,
      "q" : "303",
      "p" : "0.213293",
      "s" : "sell",
      "i" : "DOGE_USD",
      "m" : "4611686018450764044"
    }, {
      "d" : "1756460657178393451",
      "t" : 1756460657178,
      "tn" : 1756460657178393450,
      "q" : "6",
      "p" : "0.213295",
      "s" : "sell",
      "i" : "DOGE_USD",
      "m" : "4611686018450764043"
    }, {
      "d" : "1756460657178393450",
      "t" : 1756460657178,
      "tn" : 1756460657178393450,
      "q" : "661",
      "p" : "0.213295",
      "s" : "sell",
      "i" : "DOGE_USD",
      "m" : "4611686018450764043"
    }, {
      "d" : "1756460657072083877",
      "t" : 1756460657072,
      "tn" : 1756460657072083877,
      "q" : "42",
      "p" : "0.213284",
      "s" : "sell",
      "i" : "DOGE_USD",
      "m" : "4611686018450764042"
    }, {
      "d" : "1756460657072082026",
      "t" : 1756460657072,
      "tn" : 1756460657072082026,
      "q" : "54",
      "p" : "0.213285",
      "s" : "sell",
      "i" : "DOGE_USD",
      "m" : "4611686018450764041"
    }, {
      "d" : "1756460657072080349",
      "t" : 1756460657072,
      "tn" : 1756460657072080348,
      "q" : "868",
      "p" : "0.213306",
      "s" : "sell",
      "i" : "DOGE_USD",
      "m" : "4611686018450764040"
    }, {
      "d" : "1756460657072080348",
      "t" : 1756460657072,
      "tn" : 1756460657072080348,
      "q" : "6",
      "p" : "0.213306",
      "s" : "sell",
      "i" : "DOGE_USD",
      "m" : "4611686018450764040"
    }, {
      "d" : "1756460654589983116",
      "t" : 1756460654589,
      "tn" : 1756460654589983116,
      "q" : "9",
      "p" : "0.213200",
      "s" : "buy",
      "i" : "DOGE_USD",
      "m" : "4611686018450764039"
    }, {
      "d" : "1756460654000491941",
      "t" : 1756460654000,
      "tn" : 1756460654000491941,
      "q" : "430",
      "p" : "0.213178",
      "s" : "buy",
      "i" : "DOGE_USD",
      "m" : "4611686018450764038"
    }, {
      "d" : "1756460648410100816",
      "t" : 1756460648410,
      "tn" : 1756460648410100816,
      "q" : "9",
      "p" : "0.213234",
      "s" : "sell",
      "i" : "DOGE_USD",
      "m" : "4611686018450764037"
    }, {
      "d" : "1756460641351329213",
      "t" : 1756460641351,
      "tn" : 1756460641351329213,
      "q" : "9",
      "p" : "0.213210",
      "s" : "buy",
      "i" : "DOGE_USD",
      "m" : "4611686018450764036"
    }, {
      "d" : "1756460627716732458",
      "t" : 1756460627716,
      "tn" : 1756460627716732458,
      "q" : "180",
      "p" : "0.213222",
      "s" : "sell",
      "i" : "DOGE_USD",
      "m" : "4611686018450764035"
    }, {
      "d" : "1756460627716659435",
      "t" : 1756460627716,
      "tn" : 1756460627716659435,
      "q" : "2010",
      "p" : "0.213222",
      "s" : "sell",
      "i" : "DOGE_USD",
      "m" : "4611686018450764034"
    }, {
      "d" : "1756460627614521723",
      "t" : 1756460627614,
      "tn" : 1756460627614521723,
      "q" : "9",
      "p" : "0.213272",
      "s" : "sell",
      "i" : "DOGE_USD",
      "m" : "4611686018450764033"
    }, {
      "d" : "1756460627614039853",
      "t" : 1756460627614,
      "tn" : 1756460627614039853,
      "q" : "9",
      "p" : "0.213273",
      "s" : "sell",
      "i" : "DOGE_USD",
      "m" : "4611686018450764032"
    }, {
      "d" : "1756460592821253621",
      "t" : 1756460592821,
      "tn" : 1756460592821253621,
      "q" : "189",
      "p" : "0.213200",
      "s" : "sell",
      "i" : "DOGE_USD",
      "m" : "4611686018450764031"
    }, {
      "d" : "1756460591541449536",
      "t" : 1756460591541,
      "tn" : 1756460591541449536,
      "q" : "180",
      "p" : "0.213215",
      "s" : "buy",
      "i" : "DOGE_USD",
      "m" : "4611686018450764030"
    }, {
      "d" : "1756460591541448987",
      "t" : 1756460591541,
      "tn" : 1756460591541448987,
      "q" : "9",
      "p" : "0.213178",
      "s" : "buy",
      "i" : "DOGE_USD",
      "m" : "4611686018450764029"
    }, {
      "d" : "1756460591540711060",
      "t" : 1756460591540,
      "tn" : 1756460591540711060,
      "q" : "1058",
      "p" : "0.213138",
      "s" : "buy",
      "i" : "DOGE_USD",
      "m" : "4611686018450764028"
    }, {
      "d" : "1756460591540418297",
      "t" : 1756460591540,
      "tn" : 1756460591540418297,
      "q" : "1442",
      "p" : "0.213138",
      "s" : "buy",
      "i" : "DOGE_USD",
      "m" : "4611686018450764027"
    }, {
      "d" : "1756460572419243584",
      "t" : 1756460572419,
      "tn" : 1756460572419243584,
      "q" : "1990",
      "p" : "0.213121",
      "s" : "sell",
      "i" : "DOGE_USD",
      "m" : "4611686018450764026"
    }, {
      "d" : "1756460572419238535",
      "t" : 1756460572419,
      "tn" : 1756460572419238535,
      "q" : "200",
      "p" : "0.213121",
      "s" : "sell",
      "i" : "DOGE_USD",
      "m" : "4611686018450764025"
    }, {
      "d" : "1756460549144050733",
      "t" : 1756460549144,
      "tn" : 1756460549144050733,
      "q" : "9",
      "p" : "0.213210",
      "s" : "sell",
      "i" : "DOGE_USD",
      "m" : "4611686018450764024"
    }, {
      "d" : "1756460539462055259",
      "t" : 1756460539462,
      "tn" : 1756460539462055259,
      "q" : "9",
      "p" : "0.213224",
      "s" : "sell",
      "i" : "DOGE_USD",
      "m" : "4611686018450764023"
    }, {
      "d" : "1756460533932165885",
      "t" : 1756460533932,
      "tn" : 1756460533932165885,
      "q" : "145",
      "p" : "0.213248",
      "s" : "sell",
      "i" : "DOGE_USD",
      "m" : "4611686018450764022"
    }, {
      "d" : "1756460533932163996",
      "t" : 1756460533932,
      "tn" : 1756460533932163996,
      "q" : "54",
      "p" : "0.213249",
      "s" : "sell",
      "i" : "DOGE_USD",
      "m" : "4611686018450764021"
    }, {
      "d" : "1756460533931745098",
      "t" : 1756460533931,
      "tn" : 1756460533931745098,
      "q" : "691",
      "p" : "0.213297",
      "s" : "sell",
      "i" : "DOGE_USD",
      "m" : "4611686018450764020"
    }, {
      "d" : "1756460532403704995",
      "t" : 1756460532403,
      "tn" : 1756460532403704995,
      "q" : "966",
      "p" : "0.213273",
      "s" : "sell",
      "i" : "DOGE_USD",
      "m" : "4611686018450764019"
    }, {
      "d" : "1756460525470794262",
      "t" : 1756460525470,
      "tn" : 1756460525470794262,
      "q" : "1876",
      "p" : "0.213249",
      "s" : "buy",
      "i" : "DOGE_USD",
      "m" : "4611686018450764018"
    }, {
      "d" : "1756460525470446745",
      "t" : 1756460525470,
      "tn" : 1756460525470446745,
      "q" : "2517",
      "p" : "0.213249",
      "s" : "buy",
      "i" : "DOGE_USD",
      "m" : "4611686018450764017"
    }, {
      "d" : "1756460525469691908",
      "t" : 1756460525469,
      "tn" : 1756460525469691908,
      "q" : "1029",
      "p" : "0.213249",
      "s" : "buy",
      "i" : "DOGE_USD",
      "m" : "4611686018450764016"
    }, {
      "d" : "1756460525468862118",
      "t" : 1756460525468,
      "tn" : 1756460525468862118,
      "q" : "1876",
      "p" : "0.213249",
      "s" : "buy",
      "i" : "DOGE_USD",
      "m" : "4611686018450764015"
    }, {
      "d" : "1756460525467738520",
      "t" : 1756460525467,
      "tn" : 1756460525467738520,
      "q" : "4393",
      "p" : "0.213249",
      "s" : "buy",
      "i" : "DOGE_USD",
      "m" : "4611686018450764014"
    }, {
      "d" : "1756460525435726554",
      "t" : 1756460525435,
      "tn" : 1756460525435726554,
      "q" : "160",
      "p" : "0.213250",
      "s" : "buy",
      "i" : "DOGE_USD",
      "m" : "4611686018450764013"
    }, {
      "d" : "1756460525433356280",
      "t" : 1756460525433,
      "tn" : 1756460525433356280,
      "q" : "6",
      "p" : "0.213227",
      "s" : "buy",
      "i" : "DOGE_USD",
      "m" : "4611686018450764012"
    }, {
      "d" : "1756460525428482743",
      "t" : 1756460525428,
      "tn" : 1756460525428482743,
      "q" : "4921",
      "p" : "0.213251",
      "s" : "buy",
      "i" : "DOGE_USD",
      "m" : "4611686018450764011"
    }, {
      "d" : "1756460525428481684",
      "t" : 1756460525428,
      "tn" : 1756460525428481684,
      "q" : "851",
      "p" : "0.213230",
      "s" : "buy",
      "i" : "DOGE_USD",
      "m" : "4611686018450764010"
    }, {
      "d" : "1756460525428479558",
      "t" : 1756460525428,
      "tn" : 1756460525428479558,
      "q" : "1442",
      "p" : "0.213230",
      "s" : "buy",
      "i" : "DOGE_USD",
      "m" : "4611686018450764009"
    }, {
      "d" : "1756460525428313480",
      "t" : 1756460525428,
      "tn" : 1756460525428313480,
      "q" : "4329",
      "p" : "0.213230",
      "s" : "buy",
      "i" : "DOGE_USD",
      "m" : "4611686018450764008"
    }, {
      "d" : "1756460525428009776",
      "t" : 1756460525428,
      "tn" : 1756460525428009776,
      "q" : "54",
      "p" : "0.213221",
      "s" : "buy",
      "i" : "DOGE_USD",
      "m" : "4611686018450764007"
    }, {
      "d" : "1756460525427909591",
      "t" : 1756460525427,
      "tn" : 1756460525427909591,
      "q" : "199",
      "p" : "0.213251",
      "s" : "buy",
      "i" : "DOGE_USD",
      "m" : "4611686018450764006"
    }, {
      "d" : "1756460525427348824",
      "t" : 1756460525427,
      "tn" : 1756460525427348824,
      "q" : "6",
      "p" : "0.213227",
      "s" : "buy",
      "i" : "DOGE_USD",
      "m" : "4611686018450764005"
    }, {
      "d" : "1756460525425599376",
      "t" : 1756460525425,
      "tn" : 1756460525425599375,
      "q" : "467",
      "p" : "0.213222",
      "s" : "buy",
      "i" : "DOGE_USD",
      "m" : "4611686018450764004"
    }, {
      "d" : "1756460525425599375",
      "t" : 1756460525425,
      "tn" : 1756460525425599375,
      "q" : "6622",
      "p" : "0.213222",
      "s" : "buy",
      "i" : "DOGE_USD",
      "m" : "4611686018450764004"
    }, {
      "d" : "1756460525425598912",
      "t" : 1756460525425,
      "tn" : 1756460525425598912,
      "q" : "54",
      "p" : "0.213221",
      "s" : "buy",
      "i" : "DOGE_USD",
      "m" : "4611686018450764003"
    }, {
      "d" : "1756460497061031731",
      "t" : 1756460497061,
      "tn" : 1756460497061031731,
      "q" : "120",
      "p" : "0.213249",
      "s" : "sell",
      "i" : "DOGE_USD",
      "m" : "4611686018450764002"
    }, {
      "d" : "1756460482127509152",
      "t" : 1756460482127,
      "tn" : 1756460482127509152,
      "q" : "9",
      "p" : "0.213361",
      "s" : "sell",
      "i" : "DOGE_USD",
      "m" : "4611686018450764001"
    }, {
      "d" : "1756460457727573719",
      "t" : 1756460457727,
      "tn" : 1756460457727573719,
      "q" : "229",
      "p" : "0.213436",
      "s" : "sell",
      "i" : "DOGE_USD",
      "m" : "4611686018450764000"
    }, {
      "d" : "1756460457249177863",
      "t" : 1756460457249,
      "tn" : 1756460457249177862,
      "q" : "966",
      "p" : "0.213431",
      "s" : "sell",
      "i" : "DOGE_USD",
      "m" : "4611686018450763999"
    }, {
      "d" : "1756460457249177862",
      "t" : 1756460457249,
      "tn" : 1756460457249177862,
      "q" : "6",
      "p" : "0.213431",
      "s" : "sell",
      "i" : "DOGE_USD",
      "m" : "4611686018450763999"
    }, {
      "d" : "1756460457109447753",
      "t" : 1756460457109,
      "tn" : 1756460457109447752,
      "q" : "6",
      "p" : "0.213442",
      "s" : "sell",
      "i" : "DOGE_USD",
      "m" : "4611686018450763998"
    }, {
      "d" : "1756460457109447752",
      "t" : 1756460457109,
      "tn" : 1756460457109447752,
      "q" : "321",
      "p" : "0.213442",
      "s" : "sell",
      "i" : "DOGE_USD",
      "m" : "4611686018450763998"
    }, {
      "d" : "1756460457002592006",
      "t" : 1756460457002,
      "tn" : 1756460457002592006,
      "q" : "200",
      "p" : "0.213442",
      "s" : "sell",
      "i" : "DOGE_USD",
      "m" : "4611686018450763997"
    }, {
      "d" : "1756460450694719986",
      "t" : 1756460450694,
      "tn" : 1756460450694719986,
      "q" : "46",
      "p" : "0.213332",
      "s" : "buy",
      "i" : "DOGE_USD",
      "m" : "4611686018450763996"
    }, {
      "d" : "1756460446557513345",
      "t" : 1756460446557,
      "tn" : 1756460446557513344,
      "q" : "156",
      "p" : "0.213337",
      "s" : "sell",
      "i" : "DOGE_USD",
      "m" : "4611686018450763995"
    }, {
      "d" : "1756460446557513344",
      "t" : 1756460446557,
      "tn" : 1756460446557513344,
      "q" : "6",
      "p" : "0.213337",
      "s" : "sell",
      "i" : "DOGE_USD",
      "m" : "4611686018450763995"
    }, {
      "d" : "1756460441465860565",
      "t" : 1756460441465,
      "tn" : 1756460441465860565,
      "q" : "966",
      "p" : "0.213249",
      "s" : "buy",
      "i" : "DOGE_USD",
      "m" : "4611686018450763994"
    }, {
      "d" : "1756460433912417446",
      "t" : 1756460433912,
      "tn" : 1756460433912417446,
      "q" : "9",
      "p" : "0.213196",
      "s" : "buy",
      "i" : "DOGE_USD",
      "m" : "4611686018450763993"
    }, {
      "d" : "1756460424461876323",
      "t" : 1756460424461,
      "tn" : 1756460424461876323,
      "q" : "6",
      "p" : "0.213231",
      "s" : "sell",
      "i" : "DOGE_USD",
      "m" : "4611686018450763992"
    }, {
      "d" : "1756460377799305265",
      "t" : 1756460377799,
      "tn" : 1756460377799305265,
      "q" : "9",
      "p" : "0.213045",
      "s" : "buy",
      "i" : "DOGE_USD",
      "m" : "4611686018450763991"
    }, {
      "d" : "1756460357714538999",
      "t" : 1756460357714,
      "tn" : 1756460357714538999,
      "q" : "226",
      "p" : "0.213066",
      "s" : "buy",
      "i" : "DOGE_USD",
      "m" : "4611686018450763990"
    }, {
      "d" : "1756460348199015738",
      "t" : 1756460348199,
      "tn" : 1756460348199015738,
      "q" : "50",
      "p" : "0.213114",
      "s" : "sell",
      "i" : "DOGE_USD",
      "m" : "4611686018450763989"
    }, {
      "d" : "1756460348198941873",
      "t" : 1756460348198,
      "tn" : 1756460348198941873,
      "q" : "200",
      "p" : "0.213114",
      "s" : "sell",
      "i" : "DOGE_USD",
      "m" : "4611686018450763988"
    }, {
      "d" : "1756460348198267778",
      "t" : 1756460348198,
      "tn" : 1756460348198267778,
      "q" : "54",
      "p" : "0.213137",
      "s" : "sell",
      "i" : "DOGE_USD",
      "m" : "4611686018450763987"
    }, {
      "d" : "1756460327114128829",
      "t" : 1756460327114,
      "tn" : 1756460327114128829,
      "q" : "300",
      "p" : "0.213148",
      "s" : "sell",
      "i" : "DOGE_USD",
      "m" : "4611686018450763986"
    }, {
      "d" : "1756460302519140645",
      "t" : 1756460302519,
      "tn" : 1756460302519140645,
      "q" : "190",
      "p" : "0.213306",
      "s" : "sell",
      "i" : "DOGE_USD",
      "m" : "4611686018450763985"
    }, {
      "d" : "1756460302519139104",
      "t" : 1756460302519,
      "tn" : 1756460302519139104,
      "q" : "9",
      "p" : "0.213319",
      "s" : "sell",
      "i" : "DOGE_USD",
      "m" : "4611686018450763984"
    }, {
      "d" : "1756460296169822063",
      "t" : 1756460296169,
      "tn" : 1756460296169822063,
      "q" : "90",
      "p" : "0.213400",
      "s" : "buy",
      "i" : "DOGE_USD",
      "m" : "4611686018450763983"
    }, {
      "d" : "1756460282467524168",
      "t" : 1756460282467,
      "tn" : 1756460282467524168,
      "q" : "703",
      "p" : "0.213302",
      "s" : "buy",
      "i" : "DOGE_USD",
      "m" : "4611686018450763982"
    }, {
      "d" : "1756460258356234876",
      "t" : 1756460258356,
      "tn" : 1756460258356234876,
      "q" : "776",
      "p" : "0.213275",
      "s" : "sell",
      "i" : "DOGE_USD",
      "m" : "4611686018450763981"
    }, {
      "d" : "1756460235100957198",
      "t" : 1756460235100,
      "tn" : 1756460235100957198,
      "q" : "9",
      "p" : "0.213195",
      "s" : "buy",
      "i" : "DOGE_USD",
      "m" : "4611686018450763980"
    }, {
      "d" : "1756460233214140062",
      "t" : 1756460233214,
      "tn" : 1756460233214140062,
      "q" : "656",
      "p" : "0.213170",
      "s" : "buy",
      "i" : "DOGE_USD",
      "m" : "4611686018450763979"
    }, {
      "d" : "1756460224257850842",
      "t" : 1756460224257,
      "tn" : 1756460224257850842,
      "q" : "6",
      "p" : "0.213166",
      "s" : "sell",
      "i" : "DOGE_USD",
      "m" : "4611686018450763978"
    }, {
      "d" : "1756460224219287998",
      "t" : 1756460224219,
      "tn" : 1756460224219287998,
      "q" : "6",
      "p" : "0.213184",
      "s" : "sell",
      "i" : "DOGE_USD",
      "m" : "4611686018450763977"
    }, {
      "d" : "1756460224138981753",
      "t" : 1756460224138,
      "tn" : 1756460224138981753,
      "q" : "6",
      "p" : "0.213196",
      "s" : "sell",
      "i" : "DOGE_USD",
      "m" : "4611686018450763976"
    }, {
      "d" : "1756460211633750618",
      "t" : 1756460211633,
      "tn" : 1756460211633750618,
      "q" : "193",
      "p" : "0.213069",
      "s" : "buy",
      "i" : "DOGE_USD",
      "m" : "4611686018450763975"
    }, {
      "d" : "1756460211633748887",
      "t" : 1756460211633,
      "tn" : 1756460211633748887,
      "q" : "6",
      "p" : "0.213047",
      "s" : "buy",
      "i" : "DOGE_USD",
      "m" : "4611686018450763974"
    }, {
      "d" : "1756460207205720431",
      "t" : 1756460207205,
      "tn" : 1756460207205720431,
      "q" : "966",
      "p" : "0.213065",
      "s" : "sell",
      "i" : "DOGE_USD",
      "m" : "4611686018450763973"
    }, {
      "d" : "1756460206928873754",
      "t" : 1756460206928,
      "tn" : 1756460206928873754,
      "q" : "2000",
      "p" : "0.213076",
      "s" : "sell",
      "i" : "DOGE_USD",
      "m" : "4611686018450763972"
    }, {
      "d" : "1756460206928870971",
      "t" : 1756460206928,
      "tn" : 1756460206928870971,
      "q" : "200",
      "p" : "0.213076",
      "s" : "sell",
      "i" : "DOGE_USD",
      "m" : "4611686018450763971"
    }, {
      "d" : "1756460206917604108",
      "t" : 1756460206917,
      "tn" : 1756460206917604108,
      "q" : "1392",
      "p" : "0.213076",
      "s" : "sell",
      "i" : "DOGE_USD",
      "m" : "4611686018450763970"
    }, {
      "d" : "1756460206917602715",
      "t" : 1756460206917,
      "tn" : 1756460206917602714,
      "q" : "54",
      "p" : "0.213088",
      "s" : "sell",
      "i" : "DOGE_USD",
      "m" : "4611686018450763969"
    }, {
      "d" : "1756460206917602714",
      "t" : 1756460206917,
      "tn" : 1756460206917602714,
      "q" : "54",
      "p" : "0.213088",
      "s" : "sell",
      "i" : "DOGE_USD",
      "m" : "4611686018450763969"
    }, {
      "d" : "1756460206915135485",
      "t" : 1756460206915,
      "tn" : 1756460206915135485,
      "q" : "500",
      "p" : "0.213076",
      "s" : "sell",
      "i" : "DOGE_USD",
      "m" : "4611686018450763968"
    }, {
      "d" : "1756460206913997707",
      "t" : 1756460206913,
      "tn" : 1756460206913997707,
      "q" : "54",
      "p" : "0.213105",
      "s" : "sell",
      "i" : "DOGE_USD",
      "m" : "4611686018450763967"
    }, {
      "d" : "1756460206911414549",
      "t" : 1756460206911,
      "tn" : 1756460206911414549,
      "q" : "200",
      "p" : "0.213089",
      "s" : "sell",
      "i" : "DOGE_USD",
      "m" : "4611686018450763966"
    }, {
      "d" : "1756460206910008467",
      "t" : 1756460206910,
      "tn" : 1756460206910008467,
      "q" : "200",
      "p" : "0.213089",
      "s" : "sell",
      "i" : "DOGE_USD",
      "m" : "4611686018450763965"
    }, {
      "d" : "1756460206909929278",
      "t" : 1756460206909,
      "tn" : 1756460206909929278,
      "q" : "1946",
      "p" : "0.213089",
      "s" : "sell",
      "i" : "DOGE_USD",
      "m" : "4611686018450763964"
    }, {
      "d" : "1756460206909928028",
      "t" : 1756460206909,
      "tn" : 1756460206909928028,
      "q" : "54",
      "p" : "0.213105",
      "s" : "sell",
      "i" : "DOGE_USD",
      "m" : "4611686018450763963"
    }, {
      "d" : "1756460206908872568",
      "t" : 1756460206908,
      "tn" : 1756460206908872568,
      "q" : "37025",
      "p" : "0.213104",
      "s" : "sell",
      "i" : "DOGE_USD",
      "m" : "4611686018450763962"
    }, {
      "d" : "1756460206908482076",
      "t" : 1756460206908,
      "tn" : 1756460206908482076,
      "q" : "21704",
      "p" : "0.213104",
      "s" : "sell",
      "i" : "DOGE_USD",
      "m" : "4611686018450763961"
    }, {
      "d" : "1756460206908411975",
      "t" : 1756460206908,
      "tn" : 1756460206908411975,
      "q" : "7408",
      "p" : "0.213104",
      "s" : "sell",
      "i" : "DOGE_USD",
      "m" : "4611686018450763960"
    }, {
      "d" : "1756460206892444661",
      "t" : 1756460206892,
      "tn" : 1756460206892444661,
      "q" : "180",
      "p" : "0.213117",
      "s" : "sell",
      "i" : "DOGE_USD",
      "m" : "4611686018450763959"
    }, {
      "d" : "1756460206891946835",
      "t" : 1756460206891,
      "tn" : 1756460206891946835,
      "q" : "1161",
      "p" : "0.213117",
      "s" : "sell",
      "i" : "DOGE_USD",
      "m" : "4611686018450763958"
    }, {
      "d" : "1756460206891580880",
      "t" : 1756460206891,
      "tn" : 1756460206891580880,
      "q" : "1020",
      "p" : "0.213117",
      "s" : "sell",
      "i" : "DOGE_USD",
      "m" : "4611686018450763957"
    }, {
      "d" : "1756460206890335923",
      "t" : 1756460206890,
      "tn" : 1756460206890335923,
      "q" : "199",
      "p" : "0.213117",
      "s" : "sell",
      "i" : "DOGE_USD",
      "m" : "4611686018450763956"
    }, {
      "d" : "1756460206890265629",
      "t" : 1756460206890,
      "tn" : 1756460206890265628,
      "q" : "1297",
      "p" : "0.213117",
      "s" : "sell",
      "i" : "DOGE_USD",
      "m" : "4611686018450763955"
    }, {
      "d" : "1756460206890265628",
      "t" : 1756460206890,
      "tn" : 1756460206890265628,
      "q" : "703",
      "p" : "0.213117",
      "s" : "sell",
      "i" : "DOGE_USD",
      "m" : "4611686018450763955"
    }, {
      "d" : "1756460188272768667",
      "t" : 1756460188272,
      "tn" : 1756460188272768666,
      "q" : "966",
      "p" : "0.213296",
      "s" : "buy",
      "i" : "DOGE_USD",
      "m" : "4611686018450763954"
    }, {
      "d" : "1756460188272768666",
      "t" : 1756460188272,
      "tn" : 1756460188272768666,
      "q" : "9",
      "p" : "0.213296",
      "s" : "buy",
      "i" : "DOGE_USD",
      "m" : "4611686018450763954"
    }, {
      "d" : "1756460185387138516",
      "t" : 1756460185387,
      "tn" : 1756460185387138516,
      "q" : "145",
      "p" : "0.213217",
      "s" : "buy",
      "i" : "DOGE_USD",
      "m" : "4611686018450763953"
    }, {
      "d" : "1756460185387136840",
      "t" : 1756460185387,
      "tn" : 1756460185387136840,
      "q" : "54",
      "p" : "0.213215",
      "s" : "buy",
      "i" : "DOGE_USD",
      "m" : "4611686018450763952"
    }, {
      "d" : "1756460180563138210",
      "t" : 1756460180563,
      "tn" : 1756460180563138210,
      "q" : "200",
      "p" : "0.213096",
      "s" : "buy",
      "i" : "DOGE_USD",
      "m" : "4611686018450763951"
    }, {
      "d" : "1756460174209725368",
      "t" : 1756460174209,
      "tn" : 1756460174209725368,
      "q" : "207",
      "p" : "0.213078",
      "s" : "buy",
      "i" : "DOGE_USD",
      "m" : "4611686018450763950"
    }, {
      "d" : "1756460167130410779",
      "t" : 1756460167130,
      "tn" : 1756460167130410779,
      "q" : "1397",
      "p" : "0.213143",
      "s" : "sell",
      "i" : "DOGE_USD",
      "m" : "4611686018450763949"
    }, {
      "d" : "1756460167130398536",
      "t" : 1756460167130,
      "tn" : 1756460167130398536,
      "q" : "1443",
      "p" : "0.213143",
      "s" : "sell",
      "i" : "DOGE_USD",
      "m" : "4611686018450763948"
    }, {
      "d" : "1756460167130373113",
      "t" : 1756460167130,
      "tn" : 1756460167130373113,
      "q" : "1443",
      "p" : "0.213143",
      "s" : "sell",
      "i" : "DOGE_USD",
      "m" : "4611686018450763947"
    }, {
      "d" : "1756460167130371901",
      "t" : 1756460167130,
      "tn" : 1756460167130371901,
      "q" : "1443",
      "p" : "0.213143",
      "s" : "sell",
      "i" : "DOGE_USD",
      "m" : "4611686018450763946"
    }, {
      "d" : "1756460167129528782",
      "t" : 1756460167129,
      "tn" : 1756460167129528782,
      "q" : "199",
      "p" : "0.213143",
      "s" : "sell",
      "i" : "DOGE_USD",
      "m" : "4611686018450763945"
    }, {
      "d" : "1756460164567182744",
      "t" : 1756460164567,
      "tn" : 1756460164567182744,
      "q" : "9",
      "p" : "0.213291",
      "s" : "sell",
      "i" : "DOGE_USD",
      "m" : "4611686018450763944"
    }, {
      "d" : "1756460161037258293",
      "t" : 1756460161037,
      "tn" : 1756460161037258293,
      "q" : "9",
      "p" : "0.213294",
      "s" : "sell",
      "i" : "DOGE_USD",
      "m" : "4611686018450763943"
    }, {
      "d" : "1756460136684877463",
      "t" : 1756460136684,
      "tn" : 1756460136684877463,
      "q" : "1950",
      "p" : "0.213334",
      "s" : "sell",
      "i" : "DOGE_USD",
      "m" : "4611686018450763942"
    }, {
      "d" : "1756460136684875403",
      "t" : 1756460136684,
      "tn" : 1756460136684875403,
      "q" : "50",
      "p" : "0.213344",
      "s" : "sell",
      "i" : "DOGE_USD",
      "m" : "4611686018450763941"
    }, {
      "d" : "1756460122145193697",
      "t" : 1756460122145,
      "tn" : 1756460122145193697,
      "q" : "262",
      "p" : "0.213220",
      "s" : "buy",
      "i" : "DOGE_USD",
      "m" : "4611686018450763940"
    }, {
      "d" : "1756460122127232389",
      "t" : 1756460122127,
      "tn" : 1756460122127232389,
      "q" : "1443",
      "p" : "0.213220",
      "s" : "buy",
      "i" : "DOGE_USD",
      "m" : "4611686018450763939"
    }, {
      "d" : "1756460122121413124",
      "t" : 1756460122121,
      "tn" : 1756460122121413124,
      "q" : "1443",
      "p" : "0.213220",
      "s" : "buy",
      "i" : "DOGE_USD",
      "m" : "4611686018450763938"
    }, {
      "d" : "1756460122119490084",
      "t" : 1756460122119,
      "tn" : 1756460122119490084,
      "q" : "145",
      "p" : "0.213220",
      "s" : "buy",
      "i" : "DOGE_USD",
      "m" : "4611686018450763937"
    }, {
      "d" : "1756460122105159208",
      "t" : 1756460122105,
      "tn" : 1756460122105159208,
      "q" : "210",
      "p" : "0.213220",
      "s" : "buy",
      "i" : "DOGE_USD",
      "m" : "4611686018450763936"
    }, {
      "d" : "1756460118860721196",
      "t" : 1756460118860,
      "tn" : 1756460118860721196,
      "q" : "140",
      "p" : "0.213216",
      "s" : "sell",
      "i" : "DOGE_USD",
      "m" : "4611686018450763935"
    }, {
      "d" : "1756460114199044101",
      "t" : 1756460114199,
      "tn" : 1756460114199044101,
      "q" : "9",
      "p" : "0.213258",
      "s" : "sell",
      "i" : "DOGE_USD",
      "m" : "4611686018450763934"
    }, {
      "d" : "1756460114193623129",
      "t" : 1756460114193,
      "tn" : 1756460114193623129,
      "q" : "810",
      "p" : "0.213288",
      "s" : "sell",
      "i" : "DOGE_USD",
      "m" : "4611686018450763933"
    }, {
      "d" : "1756460102779871970",
      "t" : 1756460102779,
      "tn" : 1756460102779871970,
      "q" : "145",
      "p" : "0.213402",
      "s" : "sell",
      "i" : "DOGE_USD",
      "m" : "4611686018450763932"
    }, {
      "d" : "1756460088486666091",
      "t" : 1756460088486,
      "tn" : 1756460088486666091,
      "q" : "9",
      "p" : "0.213224",
      "s" : "buy",
      "i" : "DOGE_USD",
      "m" : "4611686018450763931"
    } ]
  }
}