{
  "id" : -1,
  "method" : "public/get-trades",
  "code" : 0,
  "result" : {
    "data" : [ {
      "d" : "1756460760791374522",
      "t" : 1756460760791,
      "tn" : 1756460760791374522,
      "q" : "448",
      "p" : "0.213680",
      "s" : "sell",
      "i" : "DOGE_USDT",
      "m" : "4611686018446968054"
    }, {
      "d" : "1756460760612123812",
      "t" : 1756460760612,
      "tn" : 1756460760612123812,
      "q" : "51",
      "p" : "0.213599",
      "s" : "buy",
      "i" : "DOGE_USDT",
      "m" : "4611686018446968053"
    }, {
      "d" : "1756460760609629795",
      "t" : 1756460760609,
      "tn" : 1756460760609629795,
      "q" : "1000",
      "p" : "0.213665",
      "s" : "buy",
      "i" : "DOGE_USDT",
      "m" : "4611686018446968052"
    }, {
      "d" : "1756460760609524482",
      "t" : 1756460760609,
      "tn" : 1756460760609524482,
      "q" : "230",
      "p" : "0.213665",
      "s" : "buy",
      "i" : "DOGE_USDT",
      "m" : "4611686018446968051"
    }, {
      "d" : "1756460760608691900",
      "t" : 1756460760608,
      "tn" : 1756460760608691900,
      "q" : "190",
      "p" : "0.213651",
      "s" : "buy",
      "i" : "DOGE_USDT",
      "m" : "4611686018446968050"
    }, {
      "d" : "1756460760608590431",
      "t" : 1756460760608,
      "tn" : 1756460760608590431,
      "q" : "28263",
      "p" : "0.213595",
      "s" : "buy",
      "i" : "DOGE_USDT",
      "m" : "4611686018446968049"
    }, {
      "d" : "1756460760608587695",
      "t" : 1756460760608,
      "tn" : 1756460760608587695,
      "q" : "219",
      "p" : "0.213595",
      "s" : "buy",
      "i" : "DOGE_USDT",
      "m" : "4611686018446968048"
    }, {
      "d" : "1756460760608585322",
      "t" : 1756460760608,
      "tn" : 1756460760608585322,
      "q" : "51",
      "p" : "0.213587",
      "s" : "buy",
      "i" : "DOGE_USDT",
      "m" : "4611686018446968047"
    }, {
      "d" : "1756460760606403918",
      "t" : 1756460760606,
      "tn" : 1756460760606403918,
      "q" : "173",
      "p" : "0.213595",
      "s" : "buy",
      "i" : "DOGE_USDT",
      "m" : "4611686018446968046"
    }, {
      "d" : "1756460760606402628",
      "t" : 1756460760606,
      "tn" : 1756460760606402628,
      "q" : "51",
      "p" : "0.213587",
      "s" : "buy",
      "i" : "DOGE_USDT",
      "m" : "4611686018446968045"
    }, {
      "d" : "1756460760606401233",
      "t" : 1756460760606,
      "tn" : 1756460760606401233,
      "q" : "6",
      "p" : "0.213566",
      "s" : "buy",
      "i" : "DOGE_USDT",
      "m" : "4611686018446968044"
    }, {
      "d" : "1756460760604234040",
      "t" : 1756460760604,
      "tn" : 1756460760604234040,
      "q" : "535",
      "p" : "0.213595",
      "s" : "buy",
      "i" : "DOGE_USDT",
      "m" : "4611686018446968043"
    }, {
      "d" : "1756460760604231656",
      "t" : 1756460760604,
      "tn" : 1756460760604231656,
      "q" : "465",
      "p" : "0.213591",
      "s" : "buy",
      "i" : "DOGE_USDT",
      "m" : "4611686018446968042"
    }, {
      "d" : "1756460760604216937",
      "t" : 1756460760604,
      "tn" : 1756460760604216937,
      "q" : "999",
      "p" : "0.213591",
      "s" : "buy",
      "i" : "DOGE_USDT",
      "m" : "4611686018446968041"
    }, {
      "d" : "1756460760604214193",
      "t" : 1756460760604,
      "tn" : 1756460760604214193,
      "q" : "459",
      "p" : "0.213591",
      "s" : "buy",
      "i" : "DOGE_USDT",
      "m" : "4611686018446968040"
    }, {
      "d" : "1756460760604212500",
      "t" : 1756460760604,
      "tn" : 1756460760604212500,
      "q" : "51",
      "p" : "0.213587",
      "s" : "buy",
      "i" : "DOGE_USDT",
      "m" : "4611686018446968039"
    }, {
      "d" : "1756460760603780227",
      "t" : 1756460760603,
      "tn" : 1756460760603780227,
      "q" : "6",
      "p" : "0.213566",
      "s" : "buy",
      "i" : "DOGE_USDT",
      "m" : "4611686018446968038"
    }, {
      "d" : "1756460760603609471",
      "t" : 1756460760603,
      "tn" : 1756460760603609471,
      "q" : "936",
      "p" : "0.213553",
      "s" : "buy",
      "i" : "DOGE_USDT",
      "m" : "4611686018446968037"
    }, {
      "d" : "1756460735207283284",
      "t" : 1756460735207,
      "tn" : 1756460735207283284,
      "q" : "9",
      "p" : "0.213358",
      "s" : "buy",
      "i" : "DOGE_USDT",
      "m" : "4611686018446968036"
    }, {
      "d" : "1756460726179280092",
      "t" : 1756460726179,
      "tn" : 1756460726179280092,
      "q" : "9",
      "p" : "0.213288",
      "s" : "buy",
      "i" : "DOGE_USDT",
      "m" : "4611686018446968035"
    }, {
      "d" : "1756460713002364989",
      "t" : 1756460713002,
      "tn" : 1756460713002364989,
      "q" : "433",
      "p" : "0.213230",
      "s" : "buy",
      "i" : "DOGE_USDT",
      "m" : "4611686018446968034"
    }, {
      "d" : "1756460713002363201",
      "t" : 1756460713002,
      "tn" : 1756460713002363201,
      "q" : "51",
      "p" : "0.213229",
      "s" : "buy",
      "i" : "DOGE_USDT",
      "m" : "4611686018446968033"
    }, {
      "d" : "1756460713002361113",
      "t" : 1756460713002,
      "tn" : 1756460713002361113,
      "q" : "6",
      "p" : "0.213226",
      "s" : "buy",
      "i" : "DOGE_USDT",
      "m" : "4611686018446968032"
    }, {
      "d" : "1756460707905545269",
      "t" : 1756460707905,
      "tn" : 1756460707905545269,
      "q" : "442",
      "p" : "0.213230",
      "s" : "sell",
      "i" : "DOGE_USDT",
      "m" : "4611686018446968031"
    }, {
      "d" : "1756460707905543574",
      "t" : 1756460707905,
      "tn" : 1756460707905543574,
      "q" : "6",
      "p" : "0.213234",
      "s" : "sell",
      "i" : "DOGE_USDT",
      "m" : "4611686018446968030"
    }, {
      "d" : "1756460699248564935",
      "t" : 1756460699248,
      "tn" : 1756460699248564935,
      "q" : "51",
      "p" : "0.213259",
      "s" : "buy",
      "i" : "DOGE_USDT",
      "m" : "4611686018446968029"
    }, {
      "d" : "1756460695174714561",
      "t" : 1756460695174,
      "tn" : 1756460695174714561,
      "q" : "439",
      "p" : "0.213234",
      "s" : "buy",
      "i" : "DOGE_USDT",
      "m" : "4611686018446968028"
    }, {
      "d" : "1756460695174712897",
      "t" : 1756460695174,
      "tn" : 1756460695174712897,
      "q" : "51",
      "p" : "0.213229",
      "s" : "buy",
      "i" : "DOGE_USDT",
      "m" : "4611686018446968027"
    }, {
      "d" : "1756460695174711262",
      "t" : 1756460695174,
      "tn" : 1756460695174711262,
      "q" : "9",
      "p" : "0.213217",
      "s" : "buy",
      "i" : "DOGE_USDT",
      "m" : "4611686018446968026"
    }, {
      "d" : "1756460673585907300",
      "t" : 1756460673585,
      "tn" : 1756460673585907300,
      "q" : "443",
      "p" : "0.213173",
      "s" : "sell",
      "i" : "DOGE_USDT",
      "m" : "4611686018446968025"
    }, {
      "d" : "1756460673585905677",
      "t" : 1756460673585,
      "tn" : 1756460673585905677,
      "q" : "51",
      "p" : "0.213195",
      "s" : "sell",
      "i" : "DOGE_USDT",
      "m" : "4611686018446968024"
    }, {
      "d" : "1756460673585904498",
      "t" : 1756460673585,
      "tn" : 1756460673585904498,
      "q" : "6",
      "p" : "0.213224",
      "s" : "sell",
      "i" : "DOGE_USDT",
      "m" : "4611686018446968023"
    }, {
      "d" : "1756460669834829022",
      "t" : 1756460669834,
      "tn" : 1756460669834829022,
      "q" : "179",
      "p" : "0.213260",
      "s" : "sell",
      "i" : "DOGE_USDT",
      "m" : "4611686018446968022"
    }, {
      "d" : "1756460669834811783",
      "t" : 1756460669834,
      "tn" : 1756460669834811783,
      "q" : "269",
      "p" : "0.213260",
      "s" : "sell",
      "i" : "DOGE_USDT",
      "m" : "4611686018446968021"
    }, {
      "d" : "1756460669834810175",
      "t" : 1756460669834,
      "tn" : 1756460669834810175,
      "q" : "6",
      "p" : "0.213264",
      "s" : "sell",
      "i" : "DOGE_USDT",
      "m" : "4611686018446968020"
    }, {
      "d" : "1756460669389460169",
      "t" : 1756460669389,
      "tn" : 1756460669389460169,
      "q" : "485",
      "p" : "0.213246",
      "s" : "sell",
      "i" : "DOGE_USDT",
      "m" : "4611686018446968019"
    }, {
      "d" : "1756460669389458411",
      "t" : 1756460669389,
      "tn" : 1756460669389458411,
      "q" : "9",
      "p" : "0.213266",
      "s" : "sell",
      "i" : "DOGE_USDT",
      "m" : "4611686018446968018"
    }, {
      "d" : "1756460669389456373",
      "t" : 1756460669389,
      "tn" : 1756460669389456373,
      "q" : "6",
      "p" : "0.213284",
      "s" : "sell",
      "i" : "DOGE_USDT",
      "m" : "4611686018446968017"
    }, {
      "d" : "1756460656333958731",
      "t" : 1756460656333,
      "tn" : 1756460656333958731,
      "q" : "9",
      "p" : "0.213195",
      "s" : "buy",
      "i" : "DOGE_USDT",
      "m" : "4611686018446968016"
    }, {
      "d" : "1756460648530642313",
      "t" : 1756460648530,
      "tn" : 1756460648530642313,
      "q" : "6",
      "p" : "0.213178",
      "s" : "sell",
      "i" : "DOGE_USDT",
      "m" : "4611686018446968015"
    }, {
      "d" : "1756460648482310967",
      "t" : 1756460648482,
      "tn" : 1756460648482310967,
      "q" : "6",
      "p" : "0.213184",
      "s" : "sell",
      "i" : "DOGE_USDT",
      "m" : "4611686018446968014"
    }, {
      "d" : "1756460640645290121",
      "t" : 1756460640645,
      "tn" : 1756460640645290121,
      "q" : "9",
      "p" : "0.213165",
      "s" : "buy",
      "i" : "DOGE_USDT",
      "m" : "4611686018446968013"
    }, {
      "d" : "1756460628057445348",
      "t" : 1756460628057,
      "tn" : 1756460628057445347,
      "q" : "6",
      "p" : "0.213195",
      "s" : "sell",
      "i" : "DOGE_USDT",
      "m" : "4611686018446968012"
    }, {
      "d" : "1756460628057445347",
      "t" : 1756460628057,
      "tn" : 1756460628057445347,
      "q" : "448",
      "p" : "0.213195",
      "s" : "sell",
      "i" : "DOGE_USDT",
      "m" : "4611686018446968012"
    }, {
      "d" : "1756460627859814843",
      "t" : 1756460627859,
      "tn" : 1756460627859814842,
      "q" : "448",
      "p" : "0.213214",
      "s" : "sell",
      "i" : "DOGE_USDT",
      "m" : "4611686018446968011"
    }, {
      "d" : "1756460627859814842",
      "t" : 1756460627859,
      "tn" : 1756460627859814842,
      "q" : "6",
      "p" : "0.213214",
      "s" : "sell",
      "i" : "DOGE_USDT",
      "m" : "4611686018446968011"
    }, {
      "d" : "1756460627712630999",
      "t" : 1756460627712,
      "tn" : 1756460627712630999,
      "q" : "999",
      "p" : "0.213214",
      "s" : "sell",
      "i" : "DOGE_USDT",
      "m" : "4611686018446968010"
    }, {
      "d" : "1756460627710863660",
      "t" : 1756460627710,
      "tn" : 1756460627710863660,
      "q" : "485",
      "p" : "0.213215",
      "s" : "sell",
      "i" : "DOGE_USDT",
      "m" : "4611686018446968009"
    }, {
      "d" : "1756460627710862256",
      "t" : 1756460627710,
      "tn" : 1756460627710862256,
      "q" : "9",
      "p" : "0.213220",
      "s" : "sell",
      "i" : "DOGE_USDT",
      "m" : "4611686018446968008"
    }, {
      "d" : "1756460627710860614",
      "t" : 1756460627710,
      "tn" : 1756460627710860614,
      "q" : "6",
      "p" : "0.213244",
      "s" : "sell",
      "i" : "DOGE_USDT",
      "m" : "4611686018446968007"
    }, {
      "d" : "1756460627067693444",
      "t" : 1756460627067,
      "tn" : 1756460627067693444,
      "q" : "485",
      "p" : "0.213227",
      "s" : "sell",
      "i" : "DOGE_USDT",
      "m" : "4611686018446968006"
    }, {
      "d" : "1756460627067691429",
      "t" : 1756460627067,
      "tn" : 1756460627067691428,
      "q" : "6",
      "p" : "0.213263",
      "s" : "sell",
      "i" : "DOGE_USDT",
      "m" : "4611686018446968005"
    }, {
      "d" : "1756460627067691428",
      "t" : 1756460627067,
      "tn" : 1756460627067691428,
      "q" : "9",
      "p" : "0.213263",
      "s" : "sell",
      "i" : "DOGE_USDT",
      "m" : "4611686018446968005"
    }, {
      "d" : "1756460603152851512",
      "t" : 1756460603152,
      "tn" : 1756460603152851512,
      "q" : "1329",
      "p" : "0.213202",
      "s" : "buy",
      "i" : "DOGE_USDT",
      "m" : "4611686018446968004"
    }, {
      "d" : "1756460592821225173",
      "t" : 1756460592821,
      "tn" : 1756460592821225173,
      "q" : "46",
      "p" : "0.213196",
      "s" : "sell",
      "i" : "DOGE_USDT",
      "m" : "4611686018446968003"
    }, {
      "d" : "1756460592821223277",
      "t" : 1756460592821,
      "tn" : 1756460592821223277,
      "q" : "448",
      "p" : "0.213210",
      "s" : "sell",
      "i" : "DOGE_USDT",
      "m" : "4611686018446968002"
    }, {
      "d" : "1756460592821221606",
      "t" : 1756460592821,
      "tn" : 1756460592821221606,
      "q" : "6",
      "p" : "0.213214",
      "s" : "sell",
      "i" : "DOGE_USDT",
      "m" : "4611686018446968001"
    }, {
      "d" : "1756460591540495667",
      "t" : 1756460591540,
      "tn" : 1756460591540495667,
      "q" : "9",
      "p" : "0.213155",
      "s" : "buy",
      "i" : "DOGE_USDT",
      "m" : "4611686018446968000"
    }, {
      "d" : "1756460580287622320",
      "t" : 1756460580287,
      "tn" : 1756460580287622320,
      "q" : "6",
      "p" : "0.213106",
      "s" : "buy",
      "i" : "DOGE_USDT",
      "m" : "4611686018446967999"
    }, {
      "d" : "1756460573313874552",
      "t" : 1756460573313,
      "tn" : 1756460573313874552,
      "q" : "1344",
      "p" : "0.213105",
      "s" : "buy",
      "i" : "DOGE_USDT",
      "m" : "4611686018446967998"
    }, {
      "d" : "1756460569107040417",
      "t" : 1756460569107,
      "tn" : 1756460569107040417,
      "q" : "442",
      "p" : "0.213130",
      "s" : "buy",
      "i" : "DOGE_USDT",
      "m" : "4611686018446967997"
    }, {
      "d" : "1756460569107038941",
      "t" : 1756460569107,
      "tn" : 1756460569107038941,
      "q" : "6",
      "p" : "0.213126",
      "s" : "buy",
      "i" : "DOGE_USDT",
      "m" : "4611686018446967996"
    }, {
      "d" : "1756460563392783301",
      "t" : 1756460563392,
      "tn" : 1756460563392783301,
      "q" : "10",
      "p" : "0.213075",
      "s" : "sell",
      "i" : "DOGE_USDT",
      "m" : "4611686018446967995"
    }, {
      "d" : "1756460563392781441",
      "t" : 1756460563392,
      "tn" : 1756460563392781441,
      "q" : "500",
      "p" : "0.213096",
      "s" : "sell",
      "i" : "DOGE_USDT",
      "m" : "4611686018446967994"
    }, {
      "d" : "1756460563383761308",
      "t" : 1756460563383,
      "tn" : 1756460563383761308,
      "q" : "280",
      "p" : "0.213151",
      "s" : "sell",
      "i" : "DOGE_USDT",
      "m" : "4611686018446967993"
    }, {
      "d" : "1756460563383760683",
      "t" : 1756460563383,
      "tn" : 1756460563383760683,
      "q" : "6",
      "p" : "0.213154",
      "s" : "sell",
      "i" : "DOGE_USDT",
      "m" : "4611686018446967992"
    }, {
      "d" : "1756460557343443377",
      "t" : 1756460557343,
      "tn" : 1756460557343443377,
      "q" : "504",
      "p" : "0.213151",
      "s" : "sell",
      "i" : "DOGE_USDT",
      "m" : "4611686018446967991"
    }, {
      "d" : "1756460557343441418",
      "t" : 1756460557343,
      "tn" : 1756460557343441418,
      "q" : "6",
      "p" : "0.213165",
      "s" : "sell",
      "i" : "DOGE_USDT",
      "m" : "4611686018446967990"
    }, {
      "d" : "1756460556769758266",
      "t" : 1756460556769,
      "tn" : 1756460556769758266,
      "q" : "26",
      "p" : "0.213151",
      "s" : "sell",
      "i" : "DOGE_USDT",
      "m" : "4611686018446967989"
    }, {
      "d" : "1756460556769756222",
      "t" : 1756460556769,
      "tn" : 1756460556769756222,
      "q" : "448",
      "p" : "0.213160",
      "s" : "sell",
      "i" : "DOGE_USDT",
      "m" : "4611686018446967988"
    }, {
      "d" : "1756460556769754846",
      "t" : 1756460556769,
      "tn" : 1756460556769754846,
      "q" : "6",
      "p" : "0.213164",
      "s" : "sell",
      "i" : "DOGE_USDT",
      "m" : "4611686018446967987"
    }, {
      "d" : "1756460555863845143",
      "t" : 1756460555863,
      "tn" : 1756460555863845143,
      "q" : "46",
      "p" : "0.213152",
      "s" : "sell",
      "i" : "DOGE_USDT",
      "m" : "4611686018446967986"
    }, {
      "d" : "1756460555863843236",
      "t" : 1756460555863,
      "tn" : 1756460555863843236,
      "q" : "448",
      "p" : "0.213180",
      "s" : "sell",
      "i" : "DOGE_USDT",
      "m" : "4611686018446967985"
    }, {
      "d" : "1756460555863841191",
      "t" : 1756460555863,
      "tn" : 1756460555863841191,
      "q" : "6",
      "p" : "0.213184",
      "s" : "sell",
      "i" : "DOGE_USDT",
      "m" : "4611686018446967984"
    }, {
      "d" : "1756460549143803784",
      "t" : 1756460549143,
      "tn" : 1756460549143803784,
      "q" : "444",
      "p" : "0.213156",
      "s" : "sell",
      "i" : "DOGE_USDT",
      "m" : "4611686018446967983"
    }, {
      "d" : "1756460549143802126",
      "t" : 1756460549143,
      "tn" : 1756460549143802126,
      "q" : "51",
      "p" : "0.213157",
      "s" : "sell",
      "i" : "DOGE_USDT",
      "m" : "4611686018446967982"
    }, {
      "d" : "1756460549143800397",
      "t" : 1756460549143,
      "tn" : 1756460549143800397,
      "q" : "9",
      "p" : "0.213200",
      "s" : "sell",
      "i" : "DOGE_USDT",
      "m" : "4611686018446967981"
    }, {
      "d" : "1756460549143797962",
      "t" : 1756460549143,
      "tn" : 1756460549143797962,
      "q" : "6",
      "p" : "0.213202",
      "s" : "sell",
      "i" : "DOGE_USDT",
      "m" : "4611686018446967980"
    }, {
      "d" : "1756460549008220913",
      "t" : 1756460549008,
      "tn" : 1756460549008220912,
      "q" : "448",
      "p" : "0.213223",
      "s" : "sell",
      "i" : "DOGE_USDT",
      "m" : "4611686018446967979"
    }, {
      "d" : "1756460549008220912",
      "t" : 1756460549008,
      "tn" : 1756460549008220912,
      "q" : "6",
      "p" : "0.213223",
      "s" : "sell",
      "i" : "DOGE_USDT",
      "m" : "4611686018446967979"
    }, {
      "d" : "1756460535428885512",
      "t" : 1756460535428,
      "tn" : 1756460535428885512,
      "q" : "6",
      "p" : "0.213264",
      "s" : "sell",
      "i" : "DOGE_USDT",
      "m" : "4611686018446967978"
    }, {
      "d" : "1756460533931476334",
      "t" : 1756460533931,
      "tn" : 1756460533931476334,
      "q" : "500",
      "p" : "0.213275",
      "s" : "sell",
      "i" : "DOGE_USDT",
      "m" : "4611686018446967977"
    }, {
      "d" : "1756460526779121400",
      "t" : 1756460526779,
      "tn" : 1756460526779121400,
      "q" : "35",
      "p" : "0.213191",
      "s" : "sell",
      "i" : "DOGE_USDT",
      "m" : "4611686018446967976"
    }, {
      "d" : "1756460526779119622",
      "t" : 1756460526779,
      "tn" : 1756460526779119622,
      "q" : "448",
      "p" : "0.213250",
      "s" : "sell",
      "i" : "DOGE_USDT",
      "m" : "4611686018446967975"
    }, {
      "d" : "1756460526779117457",
      "t" : 1756460526779,
      "tn" : 1756460526779117457,
      "q" : "6",
      "p" : "0.213254",
      "s" : "sell",
      "i" : "DOGE_USDT",
      "m" : "4611686018446967974"
    }, {
      "d" : "1756460525468677579",
      "t" : 1756460525468,
      "tn" : 1756460525468677579,
      "q" : "2646",
      "p" : "0.213245",
      "s" : "buy",
      "i" : "DOGE_USDT",
      "m" : "4611686018446967973"
    }, {
      "d" : "1756460525468428959",
      "t" : 1756460525468,
      "tn" : 1756460525468428959,
      "q" : "2646",
      "p" : "0.213245",
      "s" : "buy",
      "i" : "DOGE_USDT",
      "m" : "4611686018446967972"
    }, {
      "d" : "1756460525468196806",
      "t" : 1756460525468,
      "tn" : 1756460525468196806,
      "q" : "1873",
      "p" : "0.213245",
      "s" : "buy",
      "i" : "DOGE_USDT",
      "m" : "4611686018446967971"
    }, {
      "d" : "1756460525467442820",
      "t" : 1756460525467,
      "tn" : 1756460525467442820,
      "q" : "5195",
      "p" : "0.213245",
      "s" : "buy",
      "i" : "DOGE_USDT",
      "m" : "4611686018446967970"
    }, {
      "d" : "1756460525467441368",
      "t" : 1756460525467,
      "tn" : 1756460525467441368,
      "q" : "51",
      "p" : "0.213244",
      "s" : "buy",
      "i" : "DOGE_USDT",
      "m" : "4611686018446967969"
    }, {
      "d" : "1756460525467440312",
      "t" : 1756460525467,
      "tn" : 1756460525467440312,
      "q" : "6",
      "p" : "0.213216",
      "s" : "buy",
      "i" : "DOGE_USDT",
      "m" : "4611686018446967968"
    }, {
      "d" : "1756460525438379264",
      "t" : 1756460525438,
      "tn" : 1756460525438379264,
      "q" : "1924",
      "p" : "0.213246",
      "s" : "buy",
      "i" : "DOGE_USDT",
      "m" : "4611686018446967967"
    }, {
      "d" : "1756460525438367018",
      "t" : 1756460525438,
      "tn" : 1756460525438367018,
      "q" : "1924",
      "p" : "0.213246",
      "s" : "buy",
      "i" : "DOGE_USDT",
      "m" : "4611686018446967966"
    }, {
      "d" : "1756460525436873748",
      "t" : 1756460525436,
      "tn" : 1756460525436873748,
      "q" : "3661",
      "p" : "0.213246",
      "s" : "buy",
      "i" : "DOGE_USDT",
      "m" : "4611686018446967965"
    }, {
      "d" : "1756460525436793667",
      "t" : 1756460525436,
      "tn" : 1756460525436793667,
      "q" : "122",
      "p" : "0.213246",
      "s" : "buy",
      "i" : "DOGE_USDT",
      "m" : "4611686018446967964"
    }, {
      "d" : "1756460525434928522",
      "t" : 1756460525434,
      "tn" : 1756460525434928522,
      "q" : "1000",
      "p" : "0.213228",
      "s" : "buy",
      "i" : "DOGE_USDT",
      "m" : "4611686018446967963"
    }, {
      "d" : "1756460525434926683",
      "t" : 1756460525434,
      "tn" : 1756460525434926683,
      "q" : "51",
      "p" : "0.213216",
      "s" : "buy",
      "i" : "DOGE_USDT",
      "m" : "4611686018446967962"
    }, {
      "d" : "1756460525427538988",
      "t" : 1756460525427,
      "tn" : 1756460525427538988,
      "q" : "145",
      "p" : "0.213246",
      "s" : "buy",
      "i" : "DOGE_USDT",
      "m" : "4611686018446967961"
    }, {
      "d" : "1756460525427531590",
      "t" : 1756460525427,
      "tn" : 1756460525427531590,
      "q" : "855",
      "p" : "0.213244",
      "s" : "buy",
      "i" : "DOGE_USDT",
      "m" : "4611686018446967960"
    }, {
      "d" : "1756460525427528677",
      "t" : 1756460525427,
      "tn" : 1756460525427528677,
      "q" : "999",
      "p" : "0.213244",
      "s" : "buy",
      "i" : "DOGE_USDT",
      "m" : "4611686018446967959"
    }, {
      "d" : "1756460525427157792",
      "t" : 1756460525427,
      "tn" : 1756460525427157792,
      "q" : "500",
      "p" : "0.213244",
      "s" : "buy",
      "i" : "DOGE_USDT",
      "m" : "4611686018446967958"
    }, {
      "d" : "1756460525427080650",
      "t" : 1756460525427,
      "tn" : 1756460525427080650,
      "q" : "6",
      "p" : "0.213196",
      "s" : "buy",
      "i" : "DOGE_USDT",
      "m" : "4611686018446967957"
    }, {
      "d" : "1756460502290775250",
      "t" : 1756460502290,
      "tn" : 1756460502290775250,
      "q" : "9",
      "p" : "0.213232",
      "s" : "sell",
      "i" : "DOGE_USDT",
      "m" : "4611686018446967956"
    }, {
      "d" : "1756460496796807920",
      "t" : 1756460496796,
      "tn" : 1756460496796807920,
      "q" : "490",
      "p" : "0.213237",
      "s" : "buy",
      "i" : "DOGE_USDT",
      "m" : "4611686018446967955"
    }, {
      "d" : "1756460482511513047",
      "t" : 1756460482511,
      "tn" : 1756460482511513047,
      "q" : "9",
      "p" : "0.213338",
      "s" : "sell",
      "i" : "DOGE_USDT",
      "m" : "4611686018446967954"
    }, {
      "d" : "1756460475734962556",
      "t" : 1756460475734,
      "tn" : 1756460475734962556,
      "q" : "750",
      "p" : "0.213345",
      "s" : "buy",
      "i" : "DOGE_USDT",
      "m" : "4611686018446967953"
    }, {
      "d" : "1756460471251524189",
      "t" : 1756460471251,
      "tn" : 1756460471251524189,
      "q" : "442",
      "p" : "0.213390",
      "s" : "buy",
      "i" : "DOGE_USDT",
      "m" : "4611686018446967952"
    }, {
      "d" : "1756460471251522328",
      "t" : 1756460471251,
      "tn" : 1756460471251522328,
      "q" : "6",
      "p" : "0.213386",
      "s" : "buy",
      "i" : "DOGE_USDT",
      "m" : "4611686018446967951"
    }, {
      "d" : "1756460468406393345",
      "t" : 1756460468406,
      "tn" : 1756460468406393345,
      "q" : "6",
      "p" : "0.213306",
      "s" : "buy",
      "i" : "DOGE_USDT",
      "m" : "4611686018446967950"
    }, {
      "d" : "1756460465917857314",
      "t" : 1756460465917,
      "tn" : 1756460465917857314,
      "q" : "442",
      "p" : "0.213330",
      "s" : "sell",
      "i" : "DOGE_USDT",
      "m" : "4611686018446967949"
    }, {
      "d" : "1756460465917855693",
      "t" : 1756460465917,
      "tn" : 1756460465917855693,
      "q" : "6",
      "p" : "0.213334",
      "s" : "sell",
      "i" : "DOGE_USDT",
      "m" : "4611686018446967948"
    }, {
      "d" : "1756460464806925936",
      "t" : 1756460464806,
      "tn" : 1756460464806925936,
      "q" : "433",
      "p" : "0.213360",
      "s" : "sell",
      "i" : "DOGE_USDT",
      "m" : "4611686018446967947"
    }, {
      "d" : "1756460464806924342",
      "t" : 1756460464806,
      "tn" : 1756460464806924342,
      "q" : "6",
      "p" : "0.213364",
      "s" : "sell",
      "i" : "DOGE_USDT",
      "m" : "4611686018446967946"
    }, {
      "d" : "1756460464806923748",
      "t" : 1756460464806,
      "tn" : 1756460464806923748,
      "q" : "9",
      "p" : "0.213381",
      "s" : "sell",
      "i" : "DOGE_USDT",
      "m" : "4611686018446967945"
    }, {
      "d" : "1756460459215506017",
      "t" : 1756460459215,
      "tn" : 1756460459215506017,
      "q" : "442",
      "p" : "0.213400",
      "s" : "sell",
      "i" : "DOGE_USDT",
      "m" : "4611686018446967944"
    }, {
      "d" : "1756460459215504459",
      "t" : 1756460459215,
      "tn" : 1756460459215504459,
      "q" : "6",
      "p" : "0.213404",
      "s" : "sell",
      "i" : "DOGE_USDT",
      "m" : "4611686018446967943"
    }, {
      "d" : "1756460457808003920",
      "t" : 1756460457808,
      "tn" : 1756460457808003920,
      "q" : "442",
      "p" : "0.213400",
      "s" : "sell",
      "i" : "DOGE_USDT",
      "m" : "4611686018446967942"
    }, {
      "d" : "1756460457808002390",
      "t" : 1756460457808,
      "tn" : 1756460457808002390,
      "q" : "6",
      "p" : "0.213404",
      "s" : "sell",
      "i" : "DOGE_USDT",
      "m" : "4611686018446967941"
    }, {
      "d" : "1756460454532566202",
      "t" : 1756460454532,
      "tn" : 1756460454532566202,
      "q" : "9",
      "p" : "0.213331",
      "s" : "buy",
      "i" : "DOGE_USDT",
      "m" : "4611686018446967940"
    }, {
      "d" : "1756460441468636689",
      "t" : 1756460441468,
      "tn" : 1756460441468636689,
      "q" : "499",
      "p" : "0.213248",
      "s" : "buy",
      "i" : "DOGE_USDT",
      "m" : "4611686018446967939"
    }, {
      "d" : "1756460439968062681",
      "t" : 1756460439968,
      "tn" : 1756460439968062681,
      "q" : "9",
      "p" : "0.213196",
      "s" : "buy",
      "i" : "DOGE_USDT",
      "m" : "4611686018446967938"
    }, {
      "d" : "1756460430028490852",
      "t" : 1756460430028,
      "tn" : 1756460430028490852,
      "q" : "9",
      "p" : "0.213160",
      "s" : "sell",
      "i" : "DOGE_USDT",
      "m" : "4611686018446967937"
    }, {
      "d" : "1756460424462461654",
      "t" : 1756460424462,
      "tn" : 1756460424462461654,
      "q" : "510",
      "p" : "0.213161",
      "s" : "sell",
      "i" : "DOGE_USDT",
      "m" : "4611686018446967936"
    }, {
      "d" : "1756460424462106708",
      "t" : 1756460424462,
      "tn" : 1756460424462106708,
      "q" : "490",
      "p" : "0.213161",
      "s" : "sell",
      "i" : "DOGE_USDT",
      "m" : "4611686018446967935"
    }, {
      "d" : "1756460424462036593",
      "t" : 1756460424462,
      "tn" : 1756460424462036593,
      "q" : "494",
      "p" : "0.213161",
      "s" : "sell",
      "i" : "DOGE_USDT",
      "m" : "4611686018446967934"
    }, {
      "d" : "1756460424462035058",
      "t" : 1756460424462,
      "tn" : 1756460424462035058,
      "q" : "6",
      "p" : "0.213214",
      "s" : "sell",
      "i" : "DOGE_USDT",
      "m" : "4611686018446967933"
    }, {
      "d" : "1756460412253429797",
      "t" : 1756460412253,
      "tn" : 1756460412253429797,
      "q" : "6",
      "p" : "0.213286",
      "s" : "buy",
      "i" : "DOGE_USDT",
      "m" : "4611686018446967932"
    }, {
      "d" : "1756460411197259645",
      "t" : 1756460411197,
      "tn" : 1756460411197259645,
      "q" : "448",
      "p" : "0.213260",
      "s" : "buy",
      "i" : "DOGE_USDT",
      "m" : "4611686018446967931"
    }, {
      "d" : "1756460411194743951",
      "t" : 1756460411194,
      "tn" : 1756460411194743951,
      "q" : "6",
      "p" : "0.213256",
      "s" : "buy",
      "i" : "DOGE_USDT",
      "m" : "4611686018446967930"
    }, {
      "d" : "1756460411155844490",
      "t" : 1756460411155,
      "tn" : 1756460411155844490,
      "q" : "51",
      "p" : "0.213249",
      "s" : "buy",
      "i" : "DOGE_USDT",
      "m" : "4611686018446967929"
    }, {
      "d" : "1756460411151300287",
      "t" : 1756460411151,
      "tn" : 1756460411151300287,
      "q" : "6",
      "p" : "0.213246",
      "s" : "buy",
      "i" : "DOGE_USDT",
      "m" : "4611686018446967928"
    }, {
      "d" : "1756460411112778069",
      "t" : 1756460411112,
      "tn" : 1756460411112778069,
      "q" : "448",
      "p" : "0.213220",
      "s" : "buy",
      "i" : "DOGE_USDT",
      "m" : "4611686018446967927"
    }, {
      "d" : "1756460411112373887",
      "t" : 1756460411112,
      "tn" : 1756460411112373887,
      "q" : "6",
      "p" : "0.213216",
      "s" : "buy",
      "i" : "DOGE_USDT",
      "m" : "4611686018446967926"
    }, {
      "d" : "1756460402367423945",
      "t" : 1756460402367,
      "tn" : 1756460402367423945,
      "q" : "6",
      "p" : "0.213176",
      "s" : "buy",
      "i" : "DOGE_USDT",
      "m" : "4611686018446967925"
    }, {
      "d" : "1756460402273703344",
      "t" : 1756460402273,
      "tn" : 1756460402273703344,
      "q" : "6",
      "p" : "0.213166",
      "s" : "buy",
      "i" : "DOGE_USDT",
      "m" : "4611686018446967924"
    }, {
      "d" : "1756460402261399127",
      "t" : 1756460402261,
      "tn" : 1756460402261399127,
      "q" : "6",
      "p" : "0.213156",
      "s" : "buy",
      "i" : "DOGE_USDT",
      "m" : "4611686018446967923"
    }, {
      "d" : "1756460400010493078",
      "t" : 1756460400010,
      "tn" : 1756460400010493078,
      "q" : "419",
      "p" : "0.213130",
      "s" : "buy",
      "i" : "DOGE_USDT",
      "m" : "4611686018446967922"
    }, {
      "d" : "1756460400010491562",
      "t" : 1756460400010,
      "tn" : 1756460400010491562,
      "q" : "6",
      "p" : "0.213126",
      "s" : "buy",
      "i" : "DOGE_USDT",
      "m" : "4611686018446967921"
    }, {
      "d" : "1756460399633349081",
      "t" : 1756460399633,
      "tn" : 1756460399633349081,
      "q" : "6",
      "p" : "0.213121",
      "s" : "sell",
      "i" : "DOGE_USDT",
      "m" : "4611686018446967920"
    }, {
      "d" : "1756460399563175546",
      "t" : 1756460399563,
      "tn" : 1756460399563175546,
      "q" : "6",
      "p" : "0.213122",
      "s" : "sell",
      "i" : "DOGE_USDT",
      "m" : "4611686018446967919"
    }, {
      "d" : "1756460399479317778",
      "t" : 1756460399479,
      "tn" : 1756460399479317778,
      "q" : "485",
      "p" : "0.213113",
      "s" : "sell",
      "i" : "DOGE_USDT",
      "m" : "4611686018446967918"
    }, {
      "d" : "1756460399479316799",
      "t" : 1756460399479,
      "tn" : 1756460399479316799,
      "q" : "6",
      "p" : "0.213144",
      "s" : "sell",
      "i" : "DOGE_USDT",
      "m" : "4611686018446967917"
    }, {
      "d" : "1756460399479315724",
      "t" : 1756460399479,
      "tn" : 1756460399479315724,
      "q" : "9",
      "p" : "0.213155",
      "s" : "sell",
      "i" : "DOGE_USDT",
      "m" : "4611686018446967916"
    }, {
      "d" : "1756460381497606868",
      "t" : 1756460381497,
      "tn" : 1756460381497606868,
      "q" : "9",
      "p" : "0.213113",
      "s" : "buy",
      "i" : "DOGE_USDT",
      "m" : "4611686018446967915"
    }, {
      "d" : "1756460348197247793",
      "t" : 1756460348197,
      "tn" : 1756460348197247793,
      "q" : "1000",
      "p" : "0.213099",
      "s" : "sell",
      "i" : "DOGE_USDT",
      "m" : "4611686018446967914"
    }, {
      "d" : "1756460348196891152",
      "t" : 1756460348196,
      "tn" : 1756460348196891152,
      "q" : "57",
      "p" : "0.213099",
      "s" : "sell",
      "i" : "DOGE_USDT",
      "m" : "4611686018446967913"
    }, {
      "d" : "1756460348196887834",
      "t" : 1756460348196,
      "tn" : 1756460348196887834,
      "q" : "938",
      "p" : "0.213109",
      "s" : "sell",
      "i" : "DOGE_USDT",
      "m" : "4611686018446967912"
    }, {
      "d" : "1756460348196886567",
      "t" : 1756460348196,
      "tn" : 1756460348196886567,
      "q" : "5",
      "p" : "0.213139",
      "s" : "sell",
      "i" : "DOGE_USDT",
      "m" : "4611686018446967911"
    }, {
      "d" : "1756460348196815134",
      "t" : 1756460348196,
      "tn" : 1756460348196815134,
      "q" : "46",
      "p" : "0.213139",
      "s" : "sell",
      "i" : "DOGE_USDT",
      "m" : "4611686018446967910"
    }, {
      "d" : "1756460348196813308",
      "t" : 1756460348196,
      "tn" : 1756460348196813308,
      "q" : "448",
      "p" : "0.213150",
      "s" : "sell",
      "i" : "DOGE_USDT",
      "m" : "4611686018446967909"
    } ]
  }
}