{
  "id" : -1,
  "method" : "public/get-trades",
  "code" : 0,
  "result" : {
    "data" : [ {
      "d" : "1756459885324094235",
      "t" : 1756459885324,
      "tn" : 1756459885324094235,
      "q" : "9",
      "p" : "0.0000019460",
      "s" : "sell",
      "i" : "DOGE_BTC",
      "m" : "4611686018429980684"
    }, {
      "d" : "1756459284604456413",
      "t" : 1756459284604,
      "tn" : 1756459284604456413,
      "q" : "9",
      "p" : "0.0000019462",
      "s" : "buy",
      "i" : "DOGE_BTC",
      "m" : "4611686018429980683"
    }, {
      "d" : "1756459186901999578",
      "t" : 1756459186901,
      "tn" : 1756459186901999578,
      "q" : "9",
      "p" : "0.0000019444",
      "s" : "buy",
      "i" : "DOGE_BTC",
      "m" : "4611686018429980682"
    }, {
      "d" : "1756459186901996979",
      "t" : 1756459186901,
      "tn" : 1756459186901996979,
      "q" : "9",
      "p" : "0.0000019443",
      "s" : "buy",
      "i" : "DOGE_BTC",
      "m" : "4611686018429980681"
    }, {
      "d" : "1756458982186339667",
      "t" : 1756458982186,
      "tn" : 1756458982186339667,
      "q" : "9",
      "p" : "0.0000019399",
      "s" : "buy",
      "i" : "DOGE_BTC",
      "m" : "4611686018429980680"
    }, {
      "d" : "1756458982186337121",
      "t" : 1756458982186,
      "tn" : 1756458982186337121,
      "q" : "9",
      "p" : "0.0000019398",
      "s" : "buy",
      "i" : "DOGE_BTC",
      "m" : "4611686018429980679"
    }, {
      "d" : "1756458370299311947",
      "t" : 1756458370299,
      "tn" : 1756458370299311947,
      "q" : "9",
      "p" : "0.0000019380",
      "s" : "sell",
      "i" : "DOGE_BTC",
      "m" : "4611686018429980678"
    }, {
      "d" : "1756457590492715996",
      "t" : 1756457590492,
      "tn" : 1756457590492715996,
      "q" : "9",
      "p" : "0.0000019449",
      "s" : "sell",
      "i" : "DOGE_BTC",
      "m" : "4611686018429980677"
    }, {
      "d" : "1756456778487223366",
      "t" : 1756456778487,
      "tn" : 1756456778487223366,
      "q" : "9",
      "p" : "0.0000019465",
      "s" : "sell",
      "i" : "DOGE_BTC",
      "m" : "4611686018429980676"
    }, {
      "d" : "1756456744912408728",
      "t" : 1756456744912,
      "tn" : 1756456744912408728,
      "q" : "9",
      "p" : "0.0000019475",
      "s" : "buy",
      "i" : "DOGE_BTC",
      "m" : "4611686018429980675"
    }, {
      "d" : "1756455965591067778",
      "t" : 1756455965591,
      "tn" : 1756455965591067778,
      "q" : "9",
      "p" : "0.0000019452",
      "s" : "buy",
      "i" : "DOGE_BTC",
      "m" : "4611686018429980674"
    }, {
      "d" : "1756455625653768753",
      "t" : 1756455625653,
      "tn" : 1756455625653768753,
      "q" : "9",
      "p" : "0.0000019428",
      "s" : "sell",
      "i" : "DOGE_BTC",
      "m" : "4611686018429980673"
    }, {
      "d" : "1756455569956853817",
      "t" : 1756455569956,
      "tn" : 1756455569956853817,
      "q" : "9",
      "p" : "0.0000019445",
      "s" : "sell",
      "i" : "DOGE_BTC",
      "m" : "4611686018429980672"
    }, {
      "d" : "1756455569956851539",
      "t" : 1756455569956,
      "tn" : 1756455569956851539,
      "q" : "9",
      "p" : "0.0000019446",
      "s" : "sell",
      "i" : "DOGE_BTC",
      "m" : "4611686018429980671"
    }, {
      "d" : "1756455212249606734",
      "t" : 1756455212249,
      "tn" : 1756455212249606734,
      "q" : "9",
      "p" : "0.0000019477",
      "s" : "buy",
      "i" : "DOGE_BTC",
      "m" : "4611686018429980670"
    }, {
      "d" : "1756455212249604607",
      "t" : 1756455212249,
      "tn" : 1756455212249604607,
      "q" : "9",
      "p" : "0.0000019476",
      "s" : "buy",
      "i" : "DOGE_BTC",
      "m" : "4611686018429980669"
    }, {
      "d" : "1756454752323979044",
      "t" : 1756454752323,
      "tn" : 1756454752323979044,
      "q" : "9",
      "p" : "0.0000019502",
      "s" : "buy",
      "i" : "DOGE_BTC",
      "m" : "4611686018429980668"
    }, {
      "d" : "1756453651734000108",
      "t" : 1756453651734,
      "tn" : 1756453651734000108,
      "q" : "9",
      "p" : "0.0000019534",
      "s" : "sell",
      "i" : "DOGE_BTC",
      "m" : "4611686018429980667"
    }, {
      "d" : "1756453651733997777",
      "t" : 1756453651733,
      "tn" : 1756453651733997777,
      "q" : "9",
      "p" : "0.0000019535",
      "s" : "sell",
      "i" : "DOGE_BTC",
      "m" : "4611686018429980666"
    }, {
      "d" : "1756453499927651032",
      "t" : 1756453499927,
      "tn" : 1756453499927651032,
      "q" : "9",
      "p" : "0.0000019530",
      "s" : "sell",
      "i" : "DOGE_BTC",
      "m" : "4611686018429980665"
    }, {
      "d" : "1756453499927648680",
      "t" : 1756453499927,
      "tn" : 1756453499927648680,
      "q" : "9",
      "p" : "0.0000019531",
      "s" : "sell",
      "i" : "DOGE_BTC",
      "m" : "4611686018429980664"
    }, {
      "d" : "1756453390744725926",
      "t" : 1756453390744,
      "tn" : 1756453390744725926,
      "q" : "27",
      "p" : "0.0000019529",
      "s" : "sell",
      "i" : "DOGE_BTC",
      "m" : "4611686018429980663"
    }, {
      "d" : "1756453359325938699",
      "t" : 1756453359325,
      "tn" : 1756453359325938699,
      "q" : "9",
      "p" : "0.0000019526",
      "s" : "sell",
      "i" : "DOGE_BTC",
      "m" : "4611686018429980662"
    }, {
      "d" : "1756453106244053503",
      "t" : 1756453106244,
      "tn" : 1756453106244053503,
      "q" : "9",
      "p" : "0.0000019539",
      "s" : "buy",
      "i" : "DOGE_BTC",
      "m" : "4611686018429980661"
    }, {
      "d" : "1756453106244051247",
      "t" : 1756453106244,
      "tn" : 1756453106244051247,
      "q" : "9",
      "p" : "0.0000019538",
      "s" : "buy",
      "i" : "DOGE_BTC",
      "m" : "4611686018429980660"
    }, {
      "d" : "1756452788829370636",
      "t" : 1756452788829,
      "tn" : 1756452788829370636,
      "q" : "27",
      "p" : "0.0000019567",
      "s" : "buy",
      "i" : "DOGE_BTC",
      "m" : "4611686018429980659"
    }, {
      "d" : "1756452730056256708",
      "t" : 1756452730056,
      "tn" : 1756452730056256708,
      "q" : "9",
      "p" : "0.0000019570",
      "s" : "buy",
      "i" : "DOGE_BTC",
      "m" : "4611686018429980658"
    }, {
      "d" : "1756452730056253935",
      "t" : 1756452730056,
      "tn" : 1756452730056253935,
      "q" : "9",
      "p" : "0.0000019569",
      "s" : "buy",
      "i" : "DOGE_BTC",
      "m" : "4611686018429980657"
    }, {
      "d" : "1756452657886020186",
      "t" : 1756452657886,
      "tn" : 1756452657886020186,
      "q" : "27",
      "p" : "0.0000019526",
      "s" : "buy",
      "i" : "DOGE_BTC",
      "m" : "4611686018429980656"
    }, {
      "d" : "1756452383963624504",
      "t" : 1756452383963,
      "tn" : 1756452383963624504,
      "q" : "27",
      "p" : "0.0000019498",
      "s" : "sell",
      "i" : "DOGE_BTC",
      "m" : "4611686018429980655"
    }, {
      "d" : "1756451991315344844",
      "t" : 1756451991315,
      "tn" : 1756451991315344844,
      "q" : "27",
      "p" : "0.0000019525",
      "s" : "sell",
      "i" : "DOGE_BTC",
      "m" : "4611686018429980654"
    }, {
      "d" : "1756451974528478546",
      "t" : 1756451974528,
      "tn" : 1756451974528478546,
      "q" : "27",
      "p" : "0.0000019525",
      "s" : "sell",
      "i" : "DOGE_BTC",
      "m" : "4611686018429980653"
    }, {
      "d" : "1756451953056553446",
      "t" : 1756451953056,
      "tn" : 1756451953056553446,
      "q" : "27",
      "p" : "0.0000019559",
      "s" : "buy",
      "i" : "DOGE_BTC",
      "m" : "4611686018429980652"
    }, {
      "d" : "1756451617763935388",
      "t" : 1756451617763,
      "tn" : 1756451617763935388,
      "q" : "27",
      "p" : "0.0000019504",
      "s" : "sell",
      "i" : "DOGE_BTC",
      "m" : "4611686018429980651"
    }, {
      "d" : "1756451272239358975",
      "t" : 1756451272239,
      "tn" : 1756451272239358975,
      "q" : "3",
      "p" : "0.0000019507",
      "s" : "sell",
      "i" : "DOGE_BTC",
      "m" : "4611686018429980650"
    }, {
      "d" : "1756451249350587058",
      "t" : 1756451249350,
      "tn" : 1756451249350587058,
      "q" : "81",
      "p" : "0.0000019507",
      "s" : "sell",
      "i" : "DOGE_BTC",
      "m" : "4611686018429980649"
    }, {
      "d" : "1756451247888325022",
      "t" : 1756451247888,
      "tn" : 1756451247888325022,
      "q" : "36",
      "p" : "0.0000019507",
      "s" : "sell",
      "i" : "DOGE_BTC",
      "m" : "4611686018429980648"
    }, {
      "d" : "1756450972476878622",
      "t" : 1756450972476,
      "tn" : 1756450972476878622,
      "q" : "27",
      "p" : "0.0000019538",
      "s" : "sell",
      "i" : "DOGE_BTC",
      "m" : "4611686018429980647"
    }, {
      "d" : "1756450961001003622",
      "t" : 1756450961001,
      "tn" : 1756450961001003622,
      "q" : "623",
      "p" : "0.0000019559",
      "s" : "buy",
      "i" : "DOGE_BTC",
      "m" : "4611686018429980646"
    }, {
      "d" : "1756450432286034340",
      "t" : 1756450432286,
      "tn" : 1756450432286034340,
      "q" : "27",
      "p" : "0.0000019590",
      "s" : "sell",
      "i" : "DOGE_BTC",
      "m" : "4611686018429980645"
    }, {
      "d" : "1756450432286032361",
      "t" : 1756450432286,
      "tn" : 1756450432286032361,
      "q" : "9",
      "p" : "0.0000019591",
      "s" : "sell",
      "i" : "DOGE_BTC",
      "m" : "4611686018429980644"
    }, {
      "d" : "1756450429701931940",
      "t" : 1756450429701,
      "tn" : 1756450429701931940,
      "q" : "9",
      "p" : "0.0000019611",
      "s" : "sell",
      "i" : "DOGE_BTC",
      "m" : "4611686018429980643"
    }, {
      "d" : "1756450302863175709",
      "t" : 1756450302863,
      "tn" : 1756450302863175709,
      "q" : "27",
      "p" : "0.0000019639",
      "s" : "sell",
      "i" : "DOGE_BTC",
      "m" : "4611686018429980642"
    }, {
      "d" : "1756450244365705551",
      "t" : 1756450244365,
      "tn" : 1756450244365705551,
      "q" : "1062",
      "p" : "0.0000019635",
      "s" : "sell",
      "i" : "DOGE_BTC",
      "m" : "4611686018429980641"
    }, {
      "d" : "1756450242757909612",
      "t" : 1756450242757,
      "tn" : 1756450242757909612,
      "q" : "9",
      "p" : "0.0000019639",
      "s" : "sell",
      "i" : "DOGE_BTC",
      "m" : "4611686018429980640"
    }, {
      "d" : "1756450242750168304",
      "t" : 1756450242750,
      "tn" : 1756450242750168304,
      "q" : "9",
      "p" : "0.0000019640",
      "s" : "sell",
      "i" : "DOGE_BTC",
      "m" : "4611686018429980639"
    }, {
      "d" : "1756450225556015438",
      "t" : 1756450225556,
      "tn" : 1756450225556015438,
      "q" : "9",
      "p" : "0.0000019648",
      "s" : "sell",
      "i" : "DOGE_BTC",
      "m" : "4611686018429980638"
    }, {
      "d" : "1756450210338110049",
      "t" : 1756450210338,
      "tn" : 1756450210338110049,
      "q" : "9",
      "p" : "0.0000019669",
      "s" : "sell",
      "i" : "DOGE_BTC",
      "m" : "4611686018429980637"
    }, {
      "d" : "1756449927020244033",
      "t" : 1756449927020,
      "tn" : 1756449927020244033,
      "q" : "9",
      "p" : "0.0000019660",
      "s" : "sell",
      "i" : "DOGE_BTC",
      "m" : "4611686018429980636"
    }, {
      "d" : "1756449920264844687",
      "t" : 1756449920264,
      "tn" : 1756449920264844687,
      "q" : "9",
      "p" : "0.0000019661",
      "s" : "sell",
      "i" : "DOGE_BTC",
      "m" : "4611686018429980635"
    }, {
      "d" : "1756449920264842739",
      "t" : 1756449920264,
      "tn" : 1756449920264842739,
      "q" : "9",
      "p" : "0.0000019662",
      "s" : "sell",
      "i" : "DOGE_BTC",
      "m" : "4611686018429980634"
    }, {
      "d" : "1756449476307197182",
      "t" : 1756449476307,
      "tn" : 1756449476307197182,
      "q" : "9",
      "p" : "0.0000019703",
      "s" : "buy",
      "i" : "DOGE_BTC",
      "m" : "4611686018429980633"
    }, {
      "d" : "1756448201106796908",
      "t" : 1756448201106,
      "tn" : 1756448201106796908,
      "q" : "9",
      "p" : "0.0000019685",
      "s" : "sell",
      "i" : "DOGE_BTC",
      "m" : "4611686018429980632"
    }, {
      "d" : "1756448188805930901",
      "t" : 1756448188805,
      "tn" : 1756448188805930901,
      "q" : "9",
      "p" : "0.0000019702",
      "s" : "sell",
      "i" : "DOGE_BTC",
      "m" : "4611686018429980631"
    }, {
      "d" : "1756446732007229272",
      "t" : 1756446732007,
      "tn" : 1756446732007229272,
      "q" : "9",
      "p" : "0.0000019829",
      "s" : "sell",
      "i" : "DOGE_BTC",
      "m" : "4611686018429980630"
    }, {
      "d" : "1756445113386900582",
      "t" : 1756445113386,
      "tn" : 1756445113386900582,
      "q" : "9",
      "p" : "0.0000019773",
      "s" : "sell",
      "i" : "DOGE_BTC",
      "m" : "4611686018429980629"
    }, {
      "d" : "1756443928053530937",
      "t" : 1756443928053,
      "tn" : 1756443928053530937,
      "q" : "120",
      "p" : "0.0000019775",
      "s" : "sell",
      "i" : "DOGE_BTC",
      "m" : "4611686018429980628"
    }, {
      "d" : "1756443897475252879",
      "t" : 1756443897475,
      "tn" : 1756443897475252879,
      "q" : "27",
      "p" : "0.0000019789",
      "s" : "sell",
      "i" : "DOGE_BTC",
      "m" : "4611686018429980627"
    }, {
      "d" : "1756443503349348665",
      "t" : 1756443503349,
      "tn" : 1756443503349348665,
      "q" : "9",
      "p" : "0.0000019789",
      "s" : "sell",
      "i" : "DOGE_BTC",
      "m" : "4611686018429980626"
    }, {
      "d" : "1756443471375960228",
      "t" : 1756443471375,
      "tn" : 1756443471375960228,
      "q" : "9",
      "p" : "0.0000019789",
      "s" : "sell",
      "i" : "DOGE_BTC",
      "m" : "4611686018429980625"
    }, {
      "d" : "1756443448179552736",
      "t" : 1756443448179,
      "tn" : 1756443448179552736,
      "q" : "27",
      "p" : "0.0000019817",
      "s" : "sell",
      "i" : "DOGE_BTC",
      "m" : "4611686018429980624"
    }, {
      "d" : "1756443447917175587",
      "t" : 1756443447917,
      "tn" : 1756443447917175587,
      "q" : "9",
      "p" : "0.0000019826",
      "s" : "sell",
      "i" : "DOGE_BTC",
      "m" : "4611686018429980623"
    }, {
      "d" : "1756443447917173543",
      "t" : 1756443447917,
      "tn" : 1756443447917173543,
      "q" : "9",
      "p" : "0.0000019827",
      "s" : "sell",
      "i" : "DOGE_BTC",
      "m" : "4611686018429980622"
    }, {
      "d" : "1756443417635303345",
      "t" : 1756443417635,
      "tn" : 1756443417635303345,
      "q" : "9",
      "p" : "0.0000019826",
      "s" : "sell",
      "i" : "DOGE_BTC",
      "m" : "4611686018429980621"
    }, {
      "d" : "1756443388621712065",
      "t" : 1756443388621,
      "tn" : 1756443388621712065,
      "q" : "9",
      "p" : "0.0000019835",
      "s" : "sell",
      "i" : "DOGE_BTC",
      "m" : "4611686018429980620"
    }, {
      "d" : "1756443388621709841",
      "t" : 1756443388621,
      "tn" : 1756443388621709841,
      "q" : "9",
      "p" : "0.0000019836",
      "s" : "sell",
      "i" : "DOGE_BTC",
      "m" : "4611686018429980619"
    }, {
      "d" : "1756443365426821234",
      "t" : 1756443365426,
      "tn" : 1756443365426821234,
      "q" : "9",
      "p" : "0.0000019846",
      "s" : "sell",
      "i" : "DOGE_BTC",
      "m" : "4611686018429980618"
    }, {
      "d" : "1756443365426819298",
      "t" : 1756443365426,
      "tn" : 1756443365426819298,
      "q" : "9",
      "p" : "0.0000019847",
      "s" : "sell",
      "i" : "DOGE_BTC",
      "m" : "4611686018429980617"
    }, {
      "d" : "1756443365297925334",
      "t" : 1756443365297,
      "tn" : 1756443365297925334,
      "q" : "27",
      "p" : "0.0000019856",
      "s" : "sell",
      "i" : "DOGE_BTC",
      "m" : "4611686018429980616"
    }, {
      "d" : "1756443299016227234",
      "t" : 1756443299016,
      "tn" : 1756443299016227234,
      "q" : "9",
      "p" : "0.0000019883",
      "s" : "sell",
      "i" : "DOGE_BTC",
      "m" : "4611686018429980615"
    }, {
      "d" : "1756443299016225228",
      "t" : 1756443299016,
      "tn" : 1756443299016225228,
      "q" : "9",
      "p" : "0.0000019884",
      "s" : "sell",
      "i" : "DOGE_BTC",
      "m" : "4611686018429980614"
    }, {
      "d" : "1756443181254085116",
      "t" : 1756443181254,
      "tn" : 1756443181254085116,
      "q" : "9",
      "p" : "0.0000019894",
      "s" : "sell",
      "i" : "DOGE_BTC",
      "m" : "4611686018429980613"
    }, {
      "d" : "1756443181254082917",
      "t" : 1756443181254,
      "tn" : 1756443181254082917,
      "q" : "9",
      "p" : "0.0000019895",
      "s" : "sell",
      "i" : "DOGE_BTC",
      "m" : "4611686018429980612"
    }, {
      "d" : "1756443142489703770",
      "t" : 1756443142489,
      "tn" : 1756443142489703770,
      "q" : "9",
      "p" : "0.0000019911",
      "s" : "sell",
      "i" : "DOGE_BTC",
      "m" : "4611686018429980611"
    }, {
      "d" : "1756443142489701077",
      "t" : 1756443142489,
      "tn" : 1756443142489701077,
      "q" : "9",
      "p" : "0.0000019912",
      "s" : "sell",
      "i" : "DOGE_BTC",
      "m" : "4611686018429980610"
    }, {
      "d" : "1756443094663727959",
      "t" : 1756443094663,
      "tn" : 1756443094663727959,
      "q" : "9",
      "p" : "0.0000019926",
      "s" : "sell",
      "i" : "DOGE_BTC",
      "m" : "4611686018429980609"
    }, {
      "d" : "1756442839879746758",
      "t" : 1756442839879,
      "tn" : 1756442839879746758,
      "q" : "9",
      "p" : "0.0000019928",
      "s" : "buy",
      "i" : "DOGE_BTC",
      "m" : "4611686018429980608"
    }, {
      "d" : "1756442784171037330",
      "t" : 1756442784171,
      "tn" : 1756442784171037330,
      "q" : "9",
      "p" : "0.0000019921",
      "s" : "buy",
      "i" : "DOGE_BTC",
      "m" : "4611686018429980607"
    }, {
      "d" : "1756442547941755551",
      "t" : 1756442547941,
      "tn" : 1756442547941755551,
      "q" : "9",
      "p" : "0.0000019914",
      "s" : "buy",
      "i" : "DOGE_BTC",
      "m" : "4611686018429980606"
    }, {
      "d" : "1756442547941753015",
      "t" : 1756442547941,
      "tn" : 1756442547941753015,
      "q" : "9",
      "p" : "0.0000019913",
      "s" : "buy",
      "i" : "DOGE_BTC",
      "m" : "4611686018429980605"
    }, {
      "d" : "1756442241163635224",
      "t" : 1756442241163,
      "tn" : 1756442241163635224,
      "q" : "9",
      "p" : "0.0000019886",
      "s" : "sell",
      "i" : "DOGE_BTC",
      "m" : "4611686018429980604"
    }, {
      "d" : "1756442241163632646",
      "t" : 1756442241163,
      "tn" : 1756442241163632646,
      "q" : "9",
      "p" : "0.0000019887",
      "s" : "sell",
      "i" : "DOGE_BTC",
      "m" : "4611686018429980603"
    }, {
      "d" : "1756442170583566998",
      "t" : 1756442170583,
      "tn" : 1756442170583566998,
      "q" : "9",
      "p" : "0.0000019901",
      "s" : "sell",
      "i" : "DOGE_BTC",
      "m" : "4611686018429980602"
    }, {
      "d" : "1756442170583564634",
      "t" : 1756442170583,
      "tn" : 1756442170583564634,
      "q" : "9",
      "p" : "0.0000019902",
      "s" : "sell",
      "i" : "DOGE_BTC",
      "m" : "4611686018429980601"
    }, {
      "d" : "1756442131007603487",
      "t" : 1756442131007,
      "tn" : 1756442131007603487,
      "q" : "27",
      "p" : "0.0000019905",
      "s" : "sell",
      "i" : "DOGE_BTC",
      "m" : "4611686018429980600"
    }, {
      "d" : "1756442121490820874",
      "t" : 1756442121490,
      "tn" : 1756442121490820874,
      "q" : "9",
      "p" : "0.0000019900",
      "s" : "sell",
      "i" : "DOGE_BTC",
      "m" : "4611686018429980599"
    }, {
      "d" : "1756442121490818708",
      "t" : 1756442121490,
      "tn" : 1756442121490818708,
      "q" : "9",
      "p" : "0.0000019901",
      "s" : "sell",
      "i" : "DOGE_BTC",
      "m" : "4611686018429980598"
    }, {
      "d" : "1756441886490886930",
      "t" : 1756441886490,
      "tn" : 1756441886490886930,
      "q" : "9",
      "p" : "0.0000019906",
      "s" : "sell",
      "i" : "DOGE_BTC",
      "m" : "4611686018429980597"
    }, {
      "d" : "1756441880950339536",
      "t" : 1756441880950,
      "tn" : 1756441880950339536,
      "q" : "9",
      "p" : "0.0000019911",
      "s" : "sell",
      "i" : "DOGE_BTC",
      "m" : "4611686018429980596"
    }, {
      "d" : "1756441880950337120",
      "t" : 1756441880950,
      "tn" : 1756441880950337120,
      "q" : "9",
      "p" : "0.0000019912",
      "s" : "sell",
      "i" : "DOGE_BTC",
      "m" : "4611686018429980595"
    }, {
      "d" : "1756441793988160487",
      "t" : 1756441793988,
      "tn" : 1756441793988160487,
      "q" : "9",
      "p" : "0.0000019925",
      "s" : "sell",
      "i" : "DOGE_BTC",
      "m" : "4611686018429980594"
    }, {
      "d" : "1756441683428754062",
      "t" : 1756441683428,
      "tn" : 1756441683428754062,
      "q" : "26",
      "p" : "0.0000019937",
      "s" : "buy",
      "i" : "DOGE_BTC",
      "m" : "4611686018429980593"
    }, {
      "d" : "1756441456533957069",
      "t" : 1756441456533,
      "tn" : 1756441456533957069,
      "q" : "9",
      "p" : "0.0000019932",
      "s" : "buy",
      "i" : "DOGE_BTC",
      "m" : "4611686018429980592"
    }, {
      "d" : "1756441192011123871",
      "t" : 1756441192011,
      "tn" : 1756441192011123871,
      "q" : "26",
      "p" : "0.0000019905",
      "s" : "buy",
      "i" : "DOGE_BTC",
      "m" : "4611686018429980591"
    }, {
      "d" : "1756440793027833522",
      "t" : 1756440793027,
      "tn" : 1756440793027833522,
      "q" : "9",
      "p" : "0.0000019887",
      "s" : "buy",
      "i" : "DOGE_BTC",
      "m" : "4611686018429980590"
    }, {
      "d" : "1756440513874825192",
      "t" : 1756440513874,
      "tn" : 1756440513874825192,
      "q" : "9",
      "p" : "0.0000019864",
      "s" : "buy",
      "i" : "DOGE_BTC",
      "m" : "4611686018429980589"
    }, {
      "d" : "1756440513874822704",
      "t" : 1756440513874,
      "tn" : 1756440513874822704,
      "q" : "9",
      "p" : "0.0000019863",
      "s" : "buy",
      "i" : "DOGE_BTC",
      "m" : "4611686018429980588"
    }, {
      "d" : "1756440403534230239",
      "t" : 1756440403534,
      "tn" : 1756440403534230239,
      "q" : "27",
      "p" : "0.0000019865",
      "s" : "sell",
      "i" : "DOGE_BTC",
      "m" : "4611686018429980587"
    }, {
      "d" : "1756440222300251645",
      "t" : 1756440222300,
      "tn" : 1756440222300251645,
      "q" : "26",
      "p" : "0.0000019918",
      "s" : "sell",
      "i" : "DOGE_BTC",
      "m" : "4611686018429980586"
    }, {
      "d" : "1756440028430244227",
      "t" : 1756440028430,
      "tn" : 1756440028430244226,
      "q" : "307",
      "p" : "0.0000019944",
      "s" : "buy",
      "i" : "DOGE_BTC",
      "m" : "4611686018429980585"
    }, {
      "d" : "1756440028430244226",
      "t" : 1756440028430,
      "tn" : 1756440028430244226,
      "q" : "9",
      "p" : "0.0000019944",
      "s" : "buy",
      "i" : "DOGE_BTC",
      "m" : "4611686018429980585"
    }, {
      "d" : "1756439910095176271",
      "t" : 1756439910095,
      "tn" : 1756439910095176271,
      "q" : "9",
      "p" : "0.0000019946",
      "s" : "buy",
      "i" : "DOGE_BTC",
      "m" : "4611686018429980584"
    }, {
      "d" : "1756439909774698009",
      "t" : 1756439909774,
      "tn" : 1756439909774698009,
      "q" : "9",
      "p" : "0.0000019948",
      "s" : "buy",
      "i" : "DOGE_BTC",
      "m" : "4611686018429980583"
    }, {
      "d" : "1756439909774695614",
      "t" : 1756439909774,
      "tn" : 1756439909774695614,
      "q" : "9",
      "p" : "0.0000019947",
      "s" : "buy",
      "i" : "DOGE_BTC",
      "m" : "4611686018429980582"
    }, {
      "d" : "1756439547356150950",
      "t" : 1756439547356,
      "tn" : 1756439547356150950,
      "q" : "26",
      "p" : "0.0000019968",
      "s" : "buy",
      "i" : "DOGE_BTC",
      "m" : "4611686018429980581"
    }, {
      "d" : "1756439094842987350",
      "t" : 1756439094842,
      "tn" : 1756439094842987350,
      "q" : "9",
      "p" : "0.0000019930",
      "s" : "sell",
      "i" : "DOGE_BTC",
      "m" : "4611686018429980580"
    }, {
      "d" : "1756438685241879067",
      "t" : 1756438685241,
      "tn" : 1756438685241879067,
      "q" : "9",
      "p" : "0.0000019936",
      "s" : "buy",
      "i" : "DOGE_BTC",
      "m" : "4611686018429980579"
    }, {
      "d" : "1756438523536328011",
      "t" : 1756438523536,
      "tn" : 1756438523536328011,
      "q" : "9",
      "p" : "0.0000019890",
      "s" : "sell",
      "i" : "DOGE_BTC",
      "m" : "4611686018429980578"
    }, {
      "d" : "1756438168023785742",
      "t" : 1756438168023,
      "tn" : 1756438168023785742,
      "q" : "9",
      "p" : "0.0000019932",
      "s" : "buy",
      "i" : "DOGE_BTC",
      "m" : "4611686018429980577"
    }, {
      "d" : "1756438168023783574",
      "t" : 1756438168023,
      "tn" : 1756438168023783574,
      "q" : "9",
      "p" : "0.0000019931",
      "s" : "buy",
      "i" : "DOGE_BTC",
      "m" : "4611686018429980576"
    }, {
      "d" : "1756438100254548323",
      "t" : 1756438100254,
      "tn" : 1756438100254548323,
      "q" : "9",
      "p" : "0.0000019915",
      "s" : "buy",
      "i" : "DOGE_BTC",
      "m" : "4611686018429980575"
    }, {
      "d" : "1756438100254545824",
      "t" : 1756438100254,
      "tn" : 1756438100254545824,
      "q" : "9",
      "p" : "0.0000019914",
      "s" : "buy",
      "i" : "DOGE_BTC",
      "m" : "4611686018429980574"
    }, {
      "d" : "1756437859286901653",
      "t" : 1756437859286,
      "tn" : 1756437859286901653,
      "q" : "26",
      "p" : "0.0000019929",
      "s" : "buy",
      "i" : "DOGE_BTC",
      "m" : "4611686018429980573"
    }, {
      "d" : "1756437858886456425",
      "t" : 1756437858886,
      "tn" : 1756437858886456425,
      "q" : "9",
      "p" : "0.0000019935",
      "s" : "buy",
      "i" : "DOGE_BTC",
      "m" : "4611686018429980572"
    }, {
      "d" : "1756437377440613040",
      "t" : 1756437377440,
      "tn" : 1756437377440613040,
      "q" : "27",
      "p" : "0.0000019895",
      "s" : "sell",
      "i" : "DOGE_BTC",
      "m" : "4611686018429980571"
    }, {
      "d" : "1756436994993852293",
      "t" : 1756436994993,
      "tn" : 1756436994993852293,
      "q" : "9",
      "p" : "0.0000019951",
      "s" : "buy",
      "i" : "DOGE_BTC",
      "m" : "4611686018429980570"
    }, {
      "d" : "1756436994993850054",
      "t" : 1756436994993,
      "tn" : 1756436994993850054,
      "q" : "9",
      "p" : "0.0000019950",
      "s" : "buy",
      "i" : "DOGE_BTC",
      "m" : "4611686018429980569"
    }, {
      "d" : "1756436830329495343",
      "t" : 1756436830329,
      "tn" : 1756436830329495343,
      "q" : "9",
      "p" : "0.0000019930",
      "s" : "buy",
      "i" : "DOGE_BTC",
      "m" : "4611686018429980568"
    }, {
      "d" : "1756436829858876632",
      "t" : 1756436829858,
      "tn" : 1756436829858876632,
      "q" : "9",
      "p" : "0.0000019931",
      "s" : "buy",
      "i" : "DOGE_BTC",
      "m" : "4611686018429980567"
    }, {
      "d" : "1756436825654965641",
      "t" : 1756436825654,
      "tn" : 1756436825654965641,
      "q" : "9",
      "p" : "0.0000019933",
      "s" : "buy",
      "i" : "DOGE_BTC",
      "m" : "4611686018429980566"
    }, {
      "d" : "1756436825654963084",
      "t" : 1756436825654,
      "tn" : 1756436825654963084,
      "q" : "9",
      "p" : "0.0000019932",
      "s" : "buy",
      "i" : "DOGE_BTC",
      "m" : "4611686018429980565"
    }, {
      "d" : "1756436811743486994",
      "t" : 1756436811743,
      "tn" : 1756436811743486994,
      "q" : "9",
      "p" : "0.0000019920",
      "s" : "buy",
      "i" : "DOGE_BTC",
      "m" : "4611686018429980564"
    }, {
      "d" : "1756436811743485061",
      "t" : 1756436811743,
      "tn" : 1756436811743485061,
      "q" : "9",
      "p" : "0.0000019919",
      "s" : "buy",
      "i" : "DOGE_BTC",
      "m" : "4611686018429980563"
    }, {
      "d" : "1756436748242365966",
      "t" : 1756436748242,
      "tn" : 1756436748242365966,
      "q" : "27",
      "p" : "0.0000019926",
      "s" : "sell",
      "i" : "DOGE_BTC",
      "m" : "4611686018429980562"
    }, {
      "d" : "1756436622200617152",
      "t" : 1756436622200,
      "tn" : 1756436622200617152,
      "q" : "26",
      "p" : "0.0000019978",
      "s" : "sell",
      "i" : "DOGE_BTC",
      "m" : "4611686018429980561"
    }, {
      "d" : "1756436356364530177",
      "t" : 1756436356364,
      "tn" : 1756436356364530177,
      "q" : "9",
      "p" : "0.0000020018",
      "s" : "buy",
      "i" : "DOGE_BTC",
      "m" : "4611686018429980560"
    }, {
      "d" : "1756436355989058762",
      "t" : 1756436355989,
      "tn" : 1756436355989058762,
      "q" : "9",
      "p" : "0.0000020020",
      "s" : "buy",
      "i" : "DOGE_BTC",
      "m" : "4611686018429980559"
    }, {
      "d" : "1756436355989056336",
      "t" : 1756436355989,
      "tn" : 1756436355989056336,
      "q" : "9",
      "p" : "0.0000020019",
      "s" : "buy",
      "i" : "DOGE_BTC",
      "m" : "4611686018429980558"
    }, {
      "d" : "1756436193225333973",
      "t" : 1756436193225,
      "tn" : 1756436193225333973,
      "q" : "9",
      "p" : "0.0000020026",
      "s" : "buy",
      "i" : "DOGE_BTC",
      "m" : "4611686018429980557"
    }, {
      "d" : "1756436192890322318",
      "t" : 1756436192890,
      "tn" : 1756436192890322318,
      "q" : "26",
      "p" : "0.0000020028",
      "s" : "buy",
      "i" : "DOGE_BTC",
      "m" : "4611686018429980556"
    }, {
      "d" : "1756436192890320251",
      "t" : 1756436192890,
      "tn" : 1756436192890320251,
      "q" : "9",
      "p" : "0.0000020027",
      "s" : "buy",
      "i" : "DOGE_BTC",
      "m" : "4611686018429980555"
    }, {
      "d" : "1756435639395990880",
      "t" : 1756435639395,
      "tn" : 1756435639395990880,
      "q" : "9",
      "p" : "0.0000020009",
      "s" : "buy",
      "i" : "DOGE_BTC",
      "m" : "4611686018429980554"
    }, {
      "d" : "1756435393815841108",
      "t" : 1756435393815,
      "tn" : 1756435393815841108,
      "q" : "9",
      "p" : "0.0000020003",
      "s" : "buy",
      "i" : "DOGE_BTC",
      "m" : "4611686018429980553"
    }, {
      "d" : "1756435269115704306",
      "t" : 1756435269115,
      "tn" : 1756435269115704306,
      "q" : "9",
      "p" : "0.0000020019",
      "s" : "buy",
      "i" : "DOGE_BTC",
      "m" : "4611686018429980552"
    }, {
      "d" : "1756434753314543432",
      "t" : 1756434753314,
      "tn" : 1756434753314543432,
      "q" : "26",
      "p" : "0.0000019987",
      "s" : "sell",
      "i" : "DOGE_BTC",
      "m" : "4611686018429980551"
    }, {
      "d" : "1756434648296020223",
      "t" : 1756434648296,
      "tn" : 1756434648296020223,
      "q" : "9",
      "p" : "0.0000019994",
      "s" : "sell",
      "i" : "DOGE_BTC",
      "m" : "4611686018429980550"
    }, {
      "d" : "1756434648263862245",
      "t" : 1756434648263,
      "tn" : 1756434648263862245,
      "q" : "9",
      "p" : "0.0000019995",
      "s" : "sell",
      "i" : "DOGE_BTC",
      "m" : "4611686018429980549"
    }, {
      "d" : "1756434429866145729",
      "t" : 1756434429866,
      "tn" : 1756434429866145729,
      "q" : "120",
      "p" : "0.0000020043",
      "s" : "buy",
      "i" : "DOGE_BTC",
      "m" : "4611686018429980548"
    }, {
      "d" : "1756434429856701718",
      "t" : 1756434429856,
      "tn" : 1756434429856701718,
      "q" : "26",
      "p" : "0.0000020037",
      "s" : "buy",
      "i" : "DOGE_BTC",
      "m" : "4611686018429980547"
    }, {
      "d" : "1756434429786676676",
      "t" : 1756434429786,
      "tn" : 1756434429786676676,
      "q" : "9",
      "p" : "0.0000020029",
      "s" : "buy",
      "i" : "DOGE_BTC",
      "m" : "4611686018429980546"
    }, {
      "d" : "1756434279045721539",
      "t" : 1756434279045,
      "tn" : 1756434279045721539,
      "q" : "9",
      "p" : "0.0000020029",
      "s" : "buy",
      "i" : "DOGE_BTC",
      "m" : "4611686018429980545"
    }, {
      "d" : "1756434274559267626",
      "t" : 1756434274559,
      "tn" : 1756434274559267626,
      "q" : "26",
      "p" : "0.0000020003",
      "s" : "buy",
      "i" : "DOGE_BTC",
      "m" : "4611686018429980544"
    }, {
      "d" : "1756434269640201777",
      "t" : 1756434269640,
      "tn" : 1756434269640201777,
      "q" : "9",
      "p" : "0.0000020002",
      "s" : "buy",
      "i" : "DOGE_BTC",
      "m" : "4611686018429980543"
    }, {
      "d" : "1756434269181646664",
      "t" : 1756434269181,
      "tn" : 1756434269181646664,
      "q" : "790",
      "p" : "0.0000020003",
      "s" : "buy",
      "i" : "DOGE_BTC",
      "m" : "4611686018429980542"
    }, {
      "d" : "1756434269176305155",
      "t" : 1756434269176,
      "tn" : 1756434269176305155,
      "q" : "9",
      "p" : "0.0000020001",
      "s" : "buy",
      "i" : "DOGE_BTC",
      "m" : "4611686018429980541"
    }, {
      "d" : "1756434251485889562",
      "t" : 1756434251485,
      "tn" : 1756434251485889562,
      "q" : "9",
      "p" : "0.0000019977",
      "s" : "buy",
      "i" : "DOGE_BTC",
      "m" : "4611686018429980540"
    }, {
      "d" : "1756434251236036353",
      "t" : 1756434251236,
      "tn" : 1756434251236036353,
      "q" : "9",
      "p" : "0.0000019973",
      "s" : "buy",
      "i" : "DOGE_BTC",
      "m" : "4611686018429980539"
    }, {
      "d" : "1756434225317650912",
      "t" : 1756434225317,
      "tn" : 1756434225317650912,
      "q" : "9",
      "p" : "0.0000019959",
      "s" : "buy",
      "i" : "DOGE_BTC",
      "m" : "4611686018429980538"
    }, {
      "d" : "1756434225317648624",
      "t" : 1756434225317,
      "tn" : 1756434225317648624,
      "q" : "9",
      "p" : "0.0000019958",
      "s" : "buy",
      "i" : "DOGE_BTC",
      "m" : "4611686018429980537"
    }, {
      "d" : "1756434206508534042",
      "t" : 1756434206508,
      "tn" : 1756434206508534042,
      "q" : "26",
      "p" : "0.0000019948",
      "s" : "buy",
      "i" : "DOGE_BTC",
      "m" : "4611686018429980536"
    } ]
  }
}