{
  "id" : -1,
  "method" : "public/get-trades",
  "code" : 0,
  "result" : {
    "data" : [ {
      "d" : "1756460763331870438",
      "t" : 1756460763331,
      "tn" : 1756460763331870438,
      "q" : "1310",
      "p" : "0.213686",
      "s" : "sell",
      "i" : "DOGEUSD-PERP",
      "m" : "4611686018445313985"
    }, {
      "d" : "1756460763322626845",
      "t" : 1756460763322,
      "tn" : 1756460763322626845,
      "q" : "190",
      "p" : "0.213696",
      "s" : "sell",
      "i" : "DOGEUSD-PERP",
      "m" : "4611686018445313984"
    }, {
      "d" : "1756460763322625298",
      "t" : 1756460763322,
      "tn" : 1756460763322625298,
      "q" : "10",
      "p" : "0.213697",
      "s" : "sell",
      "i" : "DOGEUSD-PERP",
      "m" : "4611686018445313983"
    }, {
      "d" : "1756460763322111595",
      "t" : 1756460763322,
      "tn" : 1756460763322111595,
      "q" : "490",
      "p" : "0.213697",
      "s" : "sell",
      "i" : "DOGEUSD-PERP",
      "m" : "4611686018445313982"
    }, {
      "d" : "1756460763322109542",
      "t" : 1756460763322,
      "tn" : 1756460763322109542,
      "q" : "10",
      "p" : "0.213709",
      "s" : "sell",
      "i" : "DOGEUSD-PERP",
      "m" : "4611686018445313981"
    }, {
      "d" : "1756460760609019541",
      "t" : 1756460760609,
      "tn" : 1756460760609019540,
      "q" : "200",
      "p" : "0.213654",
      "s" : "buy",
      "i" : "DOGEUSD-PERP",
      "m" : "4611686018445313980"
    }, {
      "d" : "1756460760609019540",
      "t" : 1756460760609,
      "tn" : 1756460760609019540,
      "q" : "2000",
      "p" : "0.213654",
      "s" : "buy",
      "i" : "DOGEUSD-PERP",
      "m" : "4611686018445313980"
    }, {
      "d" : "1756460760609018104",
      "t" : 1756460760609,
      "tn" : 1756460760609018104,
      "q" : "1000",
      "p" : "0.213645",
      "s" : "buy",
      "i" : "DOGEUSD-PERP",
      "m" : "4611686018445313979"
    }, {
      "d" : "1756460760609015325",
      "t" : 1756460760609,
      "tn" : 1756460760609015325,
      "q" : "200",
      "p" : "0.213633",
      "s" : "buy",
      "i" : "DOGEUSD-PERP",
      "m" : "4611686018445313978"
    }, {
      "d" : "1756460760609014675",
      "t" : 1756460760609,
      "tn" : 1756460760609014675,
      "q" : "230",
      "p" : "0.213631",
      "s" : "buy",
      "i" : "DOGEUSD-PERP",
      "m" : "4611686018445313977"
    }, {
      "d" : "1756460760608863082",
      "t" : 1756460760608,
      "tn" : 1756460760608863082,
      "q" : "10",
      "p" : "0.213587",
      "s" : "buy",
      "i" : "DOGEUSD-PERP",
      "m" : "4611686018445313976"
    }, {
      "d" : "1756460760608066953",
      "t" : 1756460760608,
      "tn" : 1756460760608066953,
      "q" : "190",
      "p" : "0.213640",
      "s" : "buy",
      "i" : "DOGEUSD-PERP",
      "m" : "4611686018445313975"
    }, {
      "d" : "1756460760608066156",
      "t" : 1756460760608,
      "tn" : 1756460760608066156,
      "q" : "270",
      "p" : "0.213631",
      "s" : "buy",
      "i" : "DOGEUSD-PERP",
      "m" : "4611686018445313974"
    }, {
      "d" : "1756460760605808704",
      "t" : 1756460760605,
      "tn" : 1756460760605808704,
      "q" : "230",
      "p" : "0.213631",
      "s" : "buy",
      "i" : "DOGEUSD-PERP",
      "m" : "4611686018445313973"
    }, {
      "d" : "1756460760605249249",
      "t" : 1756460760605,
      "tn" : 1756460760605249248,
      "q" : "2000",
      "p" : "0.213633",
      "s" : "buy",
      "i" : "DOGEUSD-PERP",
      "m" : "4611686018445313972"
    }, {
      "d" : "1756460760605249248",
      "t" : 1756460760605,
      "tn" : 1756460760605249248,
      "q" : "190",
      "p" : "0.213633",
      "s" : "buy",
      "i" : "DOGEUSD-PERP",
      "m" : "4611686018445313972"
    }, {
      "d" : "1756460760605132820",
      "t" : 1756460760605,
      "tn" : 1756460760605132820,
      "q" : "10",
      "p" : "0.213633",
      "s" : "buy",
      "i" : "DOGEUSD-PERP",
      "m" : "4611686018445313971"
    }, {
      "d" : "1756460760603912949",
      "t" : 1756460760603,
      "tn" : 1756460760603912947,
      "q" : "2000",
      "p" : "0.213612",
      "s" : "buy",
      "i" : "DOGEUSD-PERP",
      "m" : "4611686018445313970"
    }, {
      "d" : "1756460760603912948",
      "t" : 1756460760603,
      "tn" : 1756460760603912947,
      "q" : "10",
      "p" : "0.213612",
      "s" : "buy",
      "i" : "DOGEUSD-PERP",
      "m" : "4611686018445313970"
    }, {
      "d" : "1756460760603912947",
      "t" : 1756460760603,
      "tn" : 1756460760603912947,
      "q" : "200",
      "p" : "0.213612",
      "s" : "buy",
      "i" : "DOGEUSD-PERP",
      "m" : "4611686018445313970"
    }, {
      "d" : "1756460760603910297",
      "t" : 1756460760603,
      "tn" : 1756460760603910297,
      "q" : "1360",
      "p" : "0.213609",
      "s" : "buy",
      "i" : "DOGEUSD-PERP",
      "m" : "4611686018445313969"
    }, {
      "d" : "1756460760603786278",
      "t" : 1756460760603,
      "tn" : 1756460760603786278,
      "q" : "700",
      "p" : "0.213597",
      "s" : "buy",
      "i" : "DOGEUSD-PERP",
      "m" : "4611686018445313968"
    }, {
      "d" : "1756460760603688416",
      "t" : 1756460760603,
      "tn" : 1756460760603688416,
      "q" : "1000",
      "p" : "0.213585",
      "s" : "buy",
      "i" : "DOGEUSD-PERP",
      "m" : "4611686018445313967"
    }, {
      "d" : "1756460760603445597",
      "t" : 1756460760603,
      "tn" : 1756460760603445597,
      "q" : "1000",
      "p" : "0.213580",
      "s" : "buy",
      "i" : "DOGEUSD-PERP",
      "m" : "4611686018445313966"
    }, {
      "d" : "1756460760603443715",
      "t" : 1756460760603,
      "tn" : 1756460760603443715,
      "q" : "500",
      "p" : "0.213576",
      "s" : "buy",
      "i" : "DOGEUSD-PERP",
      "m" : "4611686018445313965"
    }, {
      "d" : "1756460756312953962",
      "t" : 1756460756312,
      "tn" : 1756460756312953961,
      "q" : "200",
      "p" : "0.213570",
      "s" : "sell",
      "i" : "DOGEUSD-PERP",
      "m" : "4611686018445313964"
    }, {
      "d" : "1756460756312953961",
      "t" : 1756460756312,
      "tn" : 1756460756312953961,
      "q" : "2000",
      "p" : "0.213570",
      "s" : "sell",
      "i" : "DOGEUSD-PERP",
      "m" : "4611686018445313964"
    }, {
      "d" : "1756460748120914949",
      "t" : 1756460748120,
      "tn" : 1756460748120914948,
      "q" : "10",
      "p" : "0.213486",
      "s" : "buy",
      "i" : "DOGEUSD-PERP",
      "m" : "4611686018445313963"
    }, {
      "d" : "1756460748120914948",
      "t" : 1756460748120,
      "tn" : 1756460748120914948,
      "q" : "200",
      "p" : "0.213486",
      "s" : "buy",
      "i" : "DOGEUSD-PERP",
      "m" : "4611686018445313963"
    }, {
      "d" : "1756460734124144636",
      "t" : 1756460734124,
      "tn" : 1756460734124144636,
      "q" : "10",
      "p" : "0.213370",
      "s" : "buy",
      "i" : "DOGEUSD-PERP",
      "m" : "4611686018445313962"
    }, {
      "d" : "1756460713001909636",
      "t" : 1756460713001,
      "tn" : 1756460713001909636,
      "q" : "10",
      "p" : "0.213268",
      "s" : "buy",
      "i" : "DOGEUSD-PERP",
      "m" : "4611686018445313961"
    }, {
      "d" : "1756460713001682675",
      "t" : 1756460713001,
      "tn" : 1756460713001682675,
      "q" : "490",
      "p" : "0.213268",
      "s" : "buy",
      "i" : "DOGEUSD-PERP",
      "m" : "4611686018445313960"
    }, {
      "d" : "1756460703447534143",
      "t" : 1756460703447,
      "tn" : 1756460703447534143,
      "q" : "10",
      "p" : "0.213302",
      "s" : "sell",
      "i" : "DOGEUSD-PERP",
      "m" : "4611686018445313959"
    }, {
      "d" : "1756460695166773501",
      "t" : 1756460695166,
      "tn" : 1756460695166773501,
      "q" : "500",
      "p" : "0.213246",
      "s" : "buy",
      "i" : "DOGEUSD-PERP",
      "m" : "4611686018445313958"
    }, {
      "d" : "1756460695166770410",
      "t" : 1756460695166,
      "tn" : 1756460695166770410,
      "q" : "10",
      "p" : "0.213230",
      "s" : "buy",
      "i" : "DOGEUSD-PERP",
      "m" : "4611686018445313957"
    }, {
      "d" : "1756460674331158835",
      "t" : 1756460674331,
      "tn" : 1756460674331158835,
      "q" : "10",
      "p" : "0.213198",
      "s" : "buy",
      "i" : "DOGEUSD-PERP",
      "m" : "4611686018445313956"
    }, {
      "d" : "1756460673585167255",
      "t" : 1756460673585,
      "tn" : 1756460673585167254,
      "q" : "500",
      "p" : "0.213213",
      "s" : "sell",
      "i" : "DOGEUSD-PERP",
      "m" : "4611686018445313955"
    }, {
      "d" : "1756460673585167254",
      "t" : 1756460673585,
      "tn" : 1756460673585167254,
      "q" : "10",
      "p" : "0.213213",
      "s" : "sell",
      "i" : "DOGEUSD-PERP",
      "m" : "4611686018445313955"
    }, {
      "d" : "1756460670968350249",
      "t" : 1756460670968,
      "tn" : 1756460670968350249,
      "q" : "10",
      "p" : "0.213192",
      "s" : "buy",
      "i" : "DOGEUSD-PERP",
      "m" : "4611686018445313954"
    }, {
      "d" : "1756460669388780623",
      "t" : 1756460669388,
      "tn" : 1756460669388780623,
      "q" : "500",
      "p" : "0.213268",
      "s" : "sell",
      "i" : "DOGEUSD-PERP",
      "m" : "4611686018445313953"
    }, {
      "d" : "1756460669388095149",
      "t" : 1756460669388,
      "tn" : 1756460669388095149,
      "q" : "10",
      "p" : "0.213276",
      "s" : "sell",
      "i" : "DOGEUSD-PERP",
      "m" : "4611686018445313952"
    }, {
      "d" : "1756460669388018868",
      "t" : 1756460669388,
      "tn" : 1756460669388018867,
      "q" : "1990",
      "p" : "0.213276",
      "s" : "sell",
      "i" : "DOGEUSD-PERP",
      "m" : "4611686018445313951"
    }, {
      "d" : "1756460669388018867",
      "t" : 1756460669388,
      "tn" : 1756460669388018867,
      "q" : "200",
      "p" : "0.213276",
      "s" : "sell",
      "i" : "DOGEUSD-PERP",
      "m" : "4611686018445313951"
    }, {
      "d" : "1756460669382885049",
      "t" : 1756460669382,
      "tn" : 1756460669382885049,
      "q" : "10",
      "p" : "0.213283",
      "s" : "sell",
      "i" : "DOGEUSD-PERP",
      "m" : "4611686018445313950"
    }, {
      "d" : "1756460662565322127",
      "t" : 1756460662565,
      "tn" : 1756460662565322127,
      "q" : "10",
      "p" : "0.213297",
      "s" : "sell",
      "i" : "DOGEUSD-PERP",
      "m" : "4611686018445313949"
    }, {
      "d" : "1756460642806098963",
      "t" : 1756460642806,
      "tn" : 1756460642806098963,
      "q" : "10",
      "p" : "0.213240",
      "s" : "buy",
      "i" : "DOGEUSD-PERP",
      "m" : "4611686018445313948"
    }, {
      "d" : "1756460635411158076",
      "t" : 1756460635411,
      "tn" : 1756460635411158076,
      "q" : "10",
      "p" : "0.213154",
      "s" : "buy",
      "i" : "DOGEUSD-PERP",
      "m" : "4611686018445313947"
    }, {
      "d" : "1756460627715582538",
      "t" : 1756460627715,
      "tn" : 1756460627715582538,
      "q" : "10",
      "p" : "0.213213",
      "s" : "sell",
      "i" : "DOGEUSD-PERP",
      "m" : "4611686018445313946"
    }, {
      "d" : "1756460627715579295",
      "t" : 1756460627715,
      "tn" : 1756460627715579295,
      "q" : "10",
      "p" : "0.213213",
      "s" : "sell",
      "i" : "DOGEUSD-PERP",
      "m" : "4611686018445313945"
    }, {
      "d" : "1756460627715575605",
      "t" : 1756460627715,
      "tn" : 1756460627715575604,
      "q" : "180",
      "p" : "0.213213",
      "s" : "sell",
      "i" : "DOGEUSD-PERP",
      "m" : "4611686018445313944"
    }, {
      "d" : "1756460627715574447",
      "t" : 1756460627715,
      "tn" : 1756460627715574447,
      "q" : "7220",
      "p" : "0.213215",
      "s" : "sell",
      "i" : "DOGEUSD-PERP",
      "m" : "4611686018445313943"
    }, {
      "d" : "1756460627715573244",
      "t" : 1756460627715,
      "tn" : 1756460627715573244,
      "q" : "2830",
      "p" : "0.213216",
      "s" : "sell",
      "i" : "DOGEUSD-PERP",
      "m" : "4611686018445313942"
    }, {
      "d" : "1756460627713626919",
      "t" : 1756460627713,
      "tn" : 1756460627713626919,
      "q" : "1170",
      "p" : "0.213220",
      "s" : "sell",
      "i" : "DOGEUSD-PERP",
      "m" : "4611686018445313941"
    }, {
      "d" : "1756460627711948679",
      "t" : 1756460627711,
      "tn" : 1756460627711948679,
      "q" : "10",
      "p" : "0.213223",
      "s" : "sell",
      "i" : "DOGEUSD-PERP",
      "m" : "4611686018445313940"
    }, {
      "d" : "1756460627711947907",
      "t" : 1756460627711,
      "tn" : 1756460627711947907,
      "q" : "1000",
      "p" : "0.213225",
      "s" : "sell",
      "i" : "DOGEUSD-PERP",
      "m" : "4611686018445313939"
    }, {
      "d" : "1756460627710286187",
      "t" : 1756460627710,
      "tn" : 1756460627710286187,
      "q" : "500",
      "p" : "0.213235",
      "s" : "sell",
      "i" : "DOGEUSD-PERP",
      "m" : "4611686018445313938"
    }, {
      "d" : "1756460627455101554",
      "t" : 1756460627455,
      "tn" : 1756460627455101554,
      "q" : "10",
      "p" : "0.213225",
      "s" : "buy",
      "i" : "DOGEUSD-PERP",
      "m" : "4611686018445313937"
    }, {
      "d" : "1756460627066986056",
      "t" : 1756460627066,
      "tn" : 1756460627066986056,
      "q" : "500",
      "p" : "0.213246",
      "s" : "sell",
      "i" : "DOGEUSD-PERP",
      "m" : "4611686018445313936"
    }, {
      "d" : "1756460627066207725",
      "t" : 1756460627066,
      "tn" : 1756460627066207724,
      "q" : "1870",
      "p" : "0.213253",
      "s" : "sell",
      "i" : "DOGEUSD-PERP",
      "m" : "4611686018445313935"
    }, {
      "d" : "1756460627066207724",
      "t" : 1756460627066,
      "tn" : 1756460627066207724,
      "q" : "10",
      "p" : "0.213253",
      "s" : "sell",
      "i" : "DOGEUSD-PERP",
      "m" : "4611686018445313935"
    }, {
      "d" : "1756460592820467599",
      "t" : 1756460592820,
      "tn" : 1756460592820467598,
      "q" : "200",
      "p" : "0.213213",
      "s" : "sell",
      "i" : "DOGEUSD-PERP",
      "m" : "4611686018445313934"
    }, {
      "d" : "1756460592820467598",
      "t" : 1756460592820,
      "tn" : 1756460592820467598,
      "q" : "500",
      "p" : "0.213213",
      "s" : "sell",
      "i" : "DOGEUSD-PERP",
      "m" : "4611686018445313934"
    }, {
      "d" : "1756460592820464170",
      "t" : 1756460592820,
      "tn" : 1756460592820464170,
      "q" : "10",
      "p" : "0.213235",
      "s" : "sell",
      "i" : "DOGEUSD-PERP",
      "m" : "4611686018445313933"
    }, {
      "d" : "1756460591541381594",
      "t" : 1756460591541,
      "tn" : 1756460591541381594,
      "q" : "10",
      "p" : "0.213171",
      "s" : "buy",
      "i" : "DOGEUSD-PERP",
      "m" : "4611686018445313932"
    }, {
      "d" : "1756460591540782229",
      "t" : 1756460591540,
      "tn" : 1756460591540782229,
      "q" : "190",
      "p" : "0.213171",
      "s" : "buy",
      "i" : "DOGEUSD-PERP",
      "m" : "4611686018445313931"
    }, {
      "d" : "1756460591540780575",
      "t" : 1756460591540,
      "tn" : 1756460591540780575,
      "q" : "10",
      "p" : "0.213170",
      "s" : "buy",
      "i" : "DOGEUSD-PERP",
      "m" : "4611686018445313930"
    }, {
      "d" : "1756460574854946014",
      "t" : 1756460574854,
      "tn" : 1756460574854946014,
      "q" : "10",
      "p" : "0.213081",
      "s" : "buy",
      "i" : "DOGEUSD-PERP",
      "m" : "4611686018445313929"
    }, {
      "d" : "1756460572418512271",
      "t" : 1756460572418,
      "tn" : 1756460572418512271,
      "q" : "10",
      "p" : "0.213129",
      "s" : "sell",
      "i" : "DOGEUSD-PERP",
      "m" : "4611686018445313928"
    }, {
      "d" : "1756460572418416571",
      "t" : 1756460572418,
      "tn" : 1756460572418416570,
      "q" : "1990",
      "p" : "0.213129",
      "s" : "sell",
      "i" : "DOGEUSD-PERP",
      "m" : "4611686018445313927"
    }, {
      "d" : "1756460572418416570",
      "t" : 1756460572418,
      "tn" : 1756460572418416570,
      "q" : "200",
      "p" : "0.213129",
      "s" : "sell",
      "i" : "DOGEUSD-PERP",
      "m" : "4611686018445313927"
    }, {
      "d" : "1756460572418414328",
      "t" : 1756460572418,
      "tn" : 1756460572418414328,
      "q" : "10",
      "p" : "0.213133",
      "s" : "sell",
      "i" : "DOGEUSD-PERP",
      "m" : "4611686018445313926"
    }, {
      "d" : "1756460563392145647",
      "t" : 1756460563392,
      "tn" : 1756460563392145647,
      "q" : "500",
      "p" : "0.213136",
      "s" : "sell",
      "i" : "DOGEUSD-PERP",
      "m" : "4611686018445313925"
    }, {
      "d" : "1756460557342851526",
      "t" : 1756460557342,
      "tn" : 1756460557342851526,
      "q" : "10",
      "p" : "0.213191",
      "s" : "sell",
      "i" : "DOGEUSD-PERP",
      "m" : "4611686018445313924"
    }, {
      "d" : "1756460557342848635",
      "t" : 1756460557342,
      "tn" : 1756460557342848635,
      "q" : "490",
      "p" : "0.213191",
      "s" : "sell",
      "i" : "DOGEUSD-PERP",
      "m" : "4611686018445313923"
    }, {
      "d" : "1756460556769097066",
      "t" : 1756460556769,
      "tn" : 1756460556769097066,
      "q" : "10",
      "p" : "0.213169",
      "s" : "sell",
      "i" : "DOGEUSD-PERP",
      "m" : "4611686018445313922"
    }, {
      "d" : "1756460556769027713",
      "t" : 1756460556769,
      "tn" : 1756460556769027713,
      "q" : "10",
      "p" : "0.213169",
      "s" : "sell",
      "i" : "DOGEUSD-PERP",
      "m" : "4611686018445313921"
    }, {
      "d" : "1756460556769004324",
      "t" : 1756460556769,
      "tn" : 1756460556769004324,
      "q" : "480",
      "p" : "0.213169",
      "s" : "sell",
      "i" : "DOGEUSD-PERP",
      "m" : "4611686018445313920"
    }, {
      "d" : "1756460555863151590",
      "t" : 1756460555863,
      "tn" : 1756460555863151590,
      "q" : "500",
      "p" : "0.213179",
      "s" : "sell",
      "i" : "DOGEUSD-PERP",
      "m" : "4611686018445313919"
    }, {
      "d" : "1756460549143106131",
      "t" : 1756460549143,
      "tn" : 1756460549143106131,
      "q" : "500",
      "p" : "0.213191",
      "s" : "sell",
      "i" : "DOGEUSD-PERP",
      "m" : "4611686018445313918"
    }, {
      "d" : "1756460549007982621",
      "t" : 1756460549007,
      "tn" : 1756460549007982621,
      "q" : "430",
      "p" : "0.213224",
      "s" : "sell",
      "i" : "DOGEUSD-PERP",
      "m" : "4611686018445313917"
    }, {
      "d" : "1756460539901439145",
      "t" : 1756460539901,
      "tn" : 1756460539901439145,
      "q" : "10",
      "p" : "0.213181",
      "s" : "buy",
      "i" : "DOGEUSD-PERP",
      "m" : "4611686018445313916"
    }, {
      "d" : "1756460539354940400",
      "t" : 1756460539354,
      "tn" : 1756460539354940400,
      "q" : "10",
      "p" : "0.213233",
      "s" : "sell",
      "i" : "DOGEUSD-PERP",
      "m" : "4611686018445313915"
    }, {
      "d" : "1756460533931621023",
      "t" : 1756460533931,
      "tn" : 1756460533931621023,
      "q" : "200",
      "p" : "0.213276",
      "s" : "sell",
      "i" : "DOGEUSD-PERP",
      "m" : "4611686018445313914"
    }, {
      "d" : "1756460533930765921",
      "t" : 1756460533930,
      "tn" : 1756460533930765921,
      "q" : "10",
      "p" : "0.213289",
      "s" : "sell",
      "i" : "DOGEUSD-PERP",
      "m" : "4611686018445313913"
    }, {
      "d" : "1756460533930763014",
      "t" : 1756460533930,
      "tn" : 1756460533930763013,
      "q" : "490",
      "p" : "0.213289",
      "s" : "sell",
      "i" : "DOGEUSD-PERP",
      "m" : "4611686018445313912"
    }, {
      "d" : "1756460533930763013",
      "t" : 1756460533930,
      "tn" : 1756460533930763013,
      "q" : "690",
      "p" : "0.213289",
      "s" : "sell",
      "i" : "DOGEUSD-PERP",
      "m" : "4611686018445313912"
    }, {
      "d" : "1756460533930758226",
      "t" : 1756460533930,
      "tn" : 1756460533930758226,
      "q" : "10",
      "p" : "0.213289",
      "s" : "sell",
      "i" : "DOGEUSD-PERP",
      "m" : "4611686018445313911"
    }, {
      "d" : "1756460526779530675",
      "t" : 1756460526779,
      "tn" : 1756460526779530675,
      "q" : "700",
      "p" : "0.213229",
      "s" : "sell",
      "i" : "DOGEUSD-PERP",
      "m" : "4611686018445313910"
    }, {
      "d" : "1756460526778514635",
      "t" : 1756460526778,
      "tn" : 1756460526778514635,
      "q" : "10",
      "p" : "0.213235",
      "s" : "sell",
      "i" : "DOGEUSD-PERP",
      "m" : "4611686018445313909"
    }, {
      "d" : "1756460526778455666",
      "t" : 1756460526778,
      "tn" : 1756460526778455666,
      "q" : "490",
      "p" : "0.213235",
      "s" : "sell",
      "i" : "DOGEUSD-PERP",
      "m" : "4611686018445313908"
    }, {
      "d" : "1756460525839512346",
      "t" : 1756460525839,
      "tn" : 1756460525839512346,
      "q" : "10",
      "p" : "0.213241",
      "s" : "sell",
      "i" : "DOGEUSD-PERP",
      "m" : "4611686018445313907"
    }, {
      "d" : "1756460525839508711",
      "t" : 1756460525839,
      "tn" : 1756460525839508711,
      "q" : "2390",
      "p" : "0.213241",
      "s" : "sell",
      "i" : "DOGEUSD-PERP",
      "m" : "4611686018445313906"
    }, {
      "d" : "1756460525799989458",
      "t" : 1756460525799,
      "tn" : 1756460525799989458,
      "q" : "10",
      "p" : "0.213282",
      "s" : "sell",
      "i" : "DOGEUSD-PERP",
      "m" : "4611686018445313905"
    }, {
      "d" : "1756460525479493334",
      "t" : 1756460525479,
      "tn" : 1756460525479493334,
      "q" : "10",
      "p" : "0.213254",
      "s" : "buy",
      "i" : "DOGEUSD-PERP",
      "m" : "4611686018445313904"
    }, {
      "d" : "1756460525479421100",
      "t" : 1756460525479,
      "tn" : 1756460525479421100,
      "q" : "10",
      "p" : "0.213254",
      "s" : "buy",
      "i" : "DOGEUSD-PERP",
      "m" : "4611686018445313903"
    }, {
      "d" : "1756460525479418991",
      "t" : 1756460525479,
      "tn" : 1756460525479418991,
      "q" : "9330",
      "p" : "0.213254",
      "s" : "buy",
      "i" : "DOGEUSD-PERP",
      "m" : "4611686018445313902"
    }, {
      "d" : "1756460525473397765",
      "t" : 1756460525473,
      "tn" : 1756460525473397765,
      "q" : "6730",
      "p" : "0.213240",
      "s" : "buy",
      "i" : "DOGEUSD-PERP",
      "m" : "4611686018445313901"
    }, {
      "d" : "1756460525472265113",
      "t" : 1756460525472,
      "tn" : 1756460525472265113,
      "q" : "2620",
      "p" : "0.213240",
      "s" : "buy",
      "i" : "DOGEUSD-PERP",
      "m" : "4611686018445313900"
    }, {
      "d" : "1756460525466591957",
      "t" : 1756460525466,
      "tn" : 1756460525466591957,
      "q" : "9350",
      "p" : "0.213267",
      "s" : "buy",
      "i" : "DOGEUSD-PERP",
      "m" : "4611686018445313899"
    }, {
      "d" : "1756460525465356973",
      "t" : 1756460525465,
      "tn" : 1756460525465356973,
      "q" : "8850",
      "p" : "0.213240",
      "s" : "buy",
      "i" : "DOGEUSD-PERP",
      "m" : "4611686018445313898"
    }, {
      "d" : "1756460525458640022",
      "t" : 1756460525458,
      "tn" : 1756460525458640022,
      "q" : "500",
      "p" : "0.213240",
      "s" : "buy",
      "i" : "DOGEUSD-PERP",
      "m" : "4611686018445313897"
    }, {
      "d" : "1756460525457621811",
      "t" : 1756460525457,
      "tn" : 1756460525457621811,
      "q" : "9350",
      "p" : "0.213275",
      "s" : "buy",
      "i" : "DOGEUSD-PERP",
      "m" : "4611686018445313896"
    }, {
      "d" : "1756460525438282586",
      "t" : 1756460525438,
      "tn" : 1756460525438282586,
      "q" : "130",
      "p" : "0.213261",
      "s" : "buy",
      "i" : "DOGEUSD-PERP",
      "m" : "4611686018445313895"
    }, {
      "d" : "1756460525438279580",
      "t" : 1756460525438,
      "tn" : 1756460525438279580,
      "q" : "70",
      "p" : "0.213261",
      "s" : "buy",
      "i" : "DOGEUSD-PERP",
      "m" : "4611686018445313894"
    }, {
      "d" : "1756460525437383060",
      "t" : 1756460525437,
      "tn" : 1756460525437383060,
      "q" : "2340",
      "p" : "0.213261",
      "s" : "buy",
      "i" : "DOGEUSD-PERP",
      "m" : "4611686018445313893"
    }, {
      "d" : "1756460525436647888",
      "t" : 1756460525436,
      "tn" : 1756460525436647888,
      "q" : "340",
      "p" : "0.213261",
      "s" : "buy",
      "i" : "DOGEUSD-PERP",
      "m" : "4611686018445313892"
    }, {
      "d" : "1756460525435903535",
      "t" : 1756460525435,
      "tn" : 1756460525435903535,
      "q" : "2000",
      "p" : "0.213261",
      "s" : "buy",
      "i" : "DOGEUSD-PERP",
      "m" : "4611686018445313891"
    }, {
      "d" : "1756460525434552383",
      "t" : 1756460525434,
      "tn" : 1756460525434552383,
      "q" : "2340",
      "p" : "0.213261",
      "s" : "buy",
      "i" : "DOGEUSD-PERP",
      "m" : "4611686018445313890"
    }, {
      "d" : "1756460525425954289",
      "t" : 1756460525425,
      "tn" : 1756460525425954289,
      "q" : "560",
      "p" : "0.213236",
      "s" : "buy",
      "i" : "DOGEUSD-PERP",
      "m" : "4611686018445313889"
    }, {
      "d" : "1756460525425953081",
      "t" : 1756460525425,
      "tn" : 1756460525425953080,
      "q" : "200",
      "p" : "0.213234",
      "s" : "buy",
      "i" : "DOGEUSD-PERP",
      "m" : "4611686018445313888"
    }, {
      "d" : "1756460525425953080",
      "t" : 1756460525425,
      "tn" : 1756460525425953080,
      "q" : "10",
      "p" : "0.213234",
      "s" : "buy",
      "i" : "DOGEUSD-PERP",
      "m" : "4611686018445313888"
    }, {
      "d" : "1756460525425950522",
      "t" : 1756460525425,
      "tn" : 1756460525425950522,
      "q" : "1000",
      "p" : "0.213230",
      "s" : "buy",
      "i" : "DOGEUSD-PERP",
      "m" : "4611686018445313887"
    }, {
      "d" : "1756460525425949693",
      "t" : 1756460525425,
      "tn" : 1756460525425949693,
      "q" : "1000",
      "p" : "0.213225",
      "s" : "buy",
      "i" : "DOGEUSD-PERP",
      "m" : "4611686018445313886"
    }, {
      "d" : "1756460525425726481",
      "t" : 1756460525425,
      "tn" : 1756460525425726481,
      "q" : "500",
      "p" : "0.213213",
      "s" : "buy",
      "i" : "DOGEUSD-PERP",
      "m" : "4611686018445313885"
    }, {
      "d" : "1756460525425715686",
      "t" : 1756460525425,
      "tn" : 1756460525425715686,
      "q" : "10",
      "p" : "0.213190",
      "s" : "buy",
      "i" : "DOGEUSD-PERP",
      "m" : "4611686018445313884"
    }, {
      "d" : "1756460499740062767",
      "t" : 1756460499740,
      "tn" : 1756460499740062767,
      "q" : "10",
      "p" : "0.213277",
      "s" : "sell",
      "i" : "DOGEUSD-PERP",
      "m" : "4611686018445313883"
    }, {
      "d" : "1756460496795909158",
      "t" : 1756460496795,
      "tn" : 1756460496795909158,
      "q" : "490",
      "p" : "0.213257",
      "s" : "buy",
      "i" : "DOGEUSD-PERP",
      "m" : "4611686018445313882"
    }, {
      "d" : "1756460496795907368",
      "t" : 1756460496795,
      "tn" : 1756460496795907368,
      "q" : "10",
      "p" : "0.213250",
      "s" : "buy",
      "i" : "DOGEUSD-PERP",
      "m" : "4611686018445313881"
    }, {
      "d" : "1756460473286414957",
      "t" : 1756460473286,
      "tn" : 1756460473286414957,
      "q" : "10",
      "p" : "0.213407",
      "s" : "sell",
      "i" : "DOGEUSD-PERP",
      "m" : "4611686018445313880"
    }, {
      "d" : "1756460468384639640",
      "t" : 1756460468384,
      "tn" : 1756460468384639640,
      "q" : "10",
      "p" : "0.213310",
      "s" : "buy",
      "i" : "DOGEUSD-PERP",
      "m" : "4611686018445313879"
    }, {
      "d" : "1756460457001540887",
      "t" : 1756460457001,
      "tn" : 1756460457001540886,
      "q" : "200",
      "p" : "0.213443",
      "s" : "sell",
      "i" : "DOGEUSD-PERP",
      "m" : "4611686018445313878"
    }, {
      "d" : "1756460457001540886",
      "t" : 1756460457001,
      "tn" : 1756460457001540886,
      "q" : "10",
      "p" : "0.213443",
      "s" : "sell",
      "i" : "DOGEUSD-PERP",
      "m" : "4611686018445313878"
    }, {
      "d" : "1756460451627318951",
      "t" : 1756460451627,
      "tn" : 1756460451627318951,
      "q" : "10",
      "p" : "0.213320",
      "s" : "sell",
      "i" : "DOGEUSD-PERP",
      "m" : "4611686018445313877"
    }, {
      "d" : "1756460441467840637",
      "t" : 1756460441467,
      "tn" : 1756460441467840637,
      "q" : "500",
      "p" : "0.213268",
      "s" : "buy",
      "i" : "DOGEUSD-PERP",
      "m" : "4611686018445313876"
    }, {
      "d" : "1756460441464482197",
      "t" : 1756460441464,
      "tn" : 1756460441464482197,
      "q" : "10",
      "p" : "0.213236",
      "s" : "buy",
      "i" : "DOGEUSD-PERP",
      "m" : "4611686018445313875"
    }, {
      "d" : "1756460440074721677",
      "t" : 1756460440074,
      "tn" : 1756460440074721677,
      "q" : "10",
      "p" : "0.213220",
      "s" : "buy",
      "i" : "DOGEUSD-PERP",
      "m" : "4611686018445313874"
    }, {
      "d" : "1756460425059520577",
      "t" : 1756460425059,
      "tn" : 1756460425059520577,
      "q" : "10",
      "p" : "0.213142",
      "s" : "buy",
      "i" : "DOGEUSD-PERP",
      "m" : "4611686018445313873"
    }, {
      "d" : "1756460424461872730",
      "t" : 1756460424461,
      "tn" : 1756460424461872730,
      "q" : "510",
      "p" : "0.213180",
      "s" : "sell",
      "i" : "DOGEUSD-PERP",
      "m" : "4611686018445313872"
    }, {
      "d" : "1756460424461451806",
      "t" : 1756460424461,
      "tn" : 1756460424461451806,
      "q" : "490",
      "p" : "0.213180",
      "s" : "sell",
      "i" : "DOGEUSD-PERP",
      "m" : "4611686018445313871"
    }, {
      "d" : "1756460424461450335",
      "t" : 1756460424461,
      "tn" : 1756460424461450335,
      "q" : "10",
      "p" : "0.213183",
      "s" : "sell",
      "i" : "DOGEUSD-PERP",
      "m" : "4611686018445313870"
    }, {
      "d" : "1756460424461448211",
      "t" : 1756460424461,
      "tn" : 1756460424461448211,
      "q" : "500",
      "p" : "0.213191",
      "s" : "sell",
      "i" : "DOGEUSD-PERP",
      "m" : "4611686018445313869"
    }, {
      "d" : "1756460418278611649",
      "t" : 1756460418278,
      "tn" : 1756460418278611649,
      "q" : "10",
      "p" : "0.213277",
      "s" : "sell",
      "i" : "DOGEUSD-PERP",
      "m" : "4611686018445313868"
    }, {
      "d" : "1756460414486289085",
      "t" : 1756460414486,
      "tn" : 1756460414486289085,
      "q" : "10",
      "p" : "0.213341",
      "s" : "sell",
      "i" : "DOGEUSD-PERP",
      "m" : "4611686018445313867"
    }, {
      "d" : "1756460411113045163",
      "t" : 1756460411113,
      "tn" : 1756460411113045163,
      "q" : "10",
      "p" : "0.213243",
      "s" : "buy",
      "i" : "DOGEUSD-PERP",
      "m" : "4611686018445313866"
    }, {
      "d" : "1756460405014222252",
      "t" : 1756460405014,
      "tn" : 1756460405014222252,
      "q" : "10",
      "p" : "0.213226",
      "s" : "sell",
      "i" : "DOGEUSD-PERP",
      "m" : "4611686018445313865"
    }, {
      "d" : "1756460402264797957",
      "t" : 1756460402264,
      "tn" : 1756460402264797957,
      "q" : "10",
      "p" : "0.213163",
      "s" : "buy",
      "i" : "DOGEUSD-PERP",
      "m" : "4611686018445313864"
    }, {
      "d" : "1756460399889285874",
      "t" : 1756460399889,
      "tn" : 1756460399889285874,
      "q" : "10",
      "p" : "0.213100",
      "s" : "buy",
      "i" : "DOGEUSD-PERP",
      "m" : "4611686018445313863"
    }, {
      "d" : "1756460399478549819",
      "t" : 1756460399478,
      "tn" : 1756460399478549819,
      "q" : "500",
      "p" : "0.213147",
      "s" : "sell",
      "i" : "DOGEUSD-PERP",
      "m" : "4611686018445313862"
    }, {
      "d" : "1756460399474631518",
      "t" : 1756460399474,
      "tn" : 1756460399474631518,
      "q" : "10",
      "p" : "0.213167",
      "s" : "sell",
      "i" : "DOGEUSD-PERP",
      "m" : "4611686018445313861"
    }, {
      "d" : "1756460398809634573",
      "t" : 1756460398809,
      "tn" : 1756460398809634573,
      "q" : "10",
      "p" : "0.213160",
      "s" : "buy",
      "i" : "DOGEUSD-PERP",
      "m" : "4611686018445313860"
    }, {
      "d" : "1756460394210786912",
      "t" : 1756460394210,
      "tn" : 1756460394210786912,
      "q" : "10",
      "p" : "0.213157",
      "s" : "sell",
      "i" : "DOGEUSD-PERP",
      "m" : "4611686018445313859"
    }, {
      "d" : "1756460386800313748",
      "t" : 1756460386800,
      "tn" : 1756460386800313748,
      "q" : "10",
      "p" : "0.213190",
      "s" : "sell",
      "i" : "DOGEUSD-PERP",
      "m" : "4611686018445313858"
    }, {
      "d" : "1756460386560256789",
      "t" : 1756460386560,
      "tn" : 1756460386560256789,
      "q" : "10",
      "p" : "0.213199",
      "s" : "sell",
      "i" : "DOGEUSD-PERP",
      "m" : "4611686018445313857"
    }, {
      "d" : "1756460380404827183",
      "t" : 1756460380404,
      "tn" : 1756460380404827183,
      "q" : "10",
      "p" : "0.213097",
      "s" : "buy",
      "i" : "DOGEUSD-PERP",
      "m" : "4611686018445313856"
    }, {
      "d" : "1756460348198032447",
      "t" : 1756460348198,
      "tn" : 1756460348198032446,
      "q" : "50",
      "p" : "0.213129",
      "s" : "sell",
      "i" : "DOGEUSD-PERP",
      "m" : "4611686018445313855"
    }, {
      "d" : "1756460348198032446",
      "t" : 1756460348198,
      "tn" : 1756460348198032446,
      "q" : "200",
      "p" : "0.213129",
      "s" : "sell",
      "i" : "DOGEUSD-PERP",
      "m" : "4611686018445313855"
    }, {
      "d" : "1756460348196582761",
      "t" : 1756460348196,
      "tn" : 1756460348196582761,
      "q" : "1000",
      "p" : "0.213145",
      "s" : "sell",
      "i" : "DOGEUSD-PERP",
      "m" : "4611686018445313854"
    }, {
      "d" : "1756460348196150234",
      "t" : 1756460348196,
      "tn" : 1756460348196150234,
      "q" : "1000",
      "p" : "0.213150",
      "s" : "sell",
      "i" : "DOGEUSD-PERP",
      "m" : "4611686018445313853"
    }, {
      "d" : "1756460348196147216",
      "t" : 1756460348196,
      "tn" : 1756460348196147216,
      "q" : "500",
      "p" : "0.213158",
      "s" : "sell",
      "i" : "DOGEUSD-PERP",
      "m" : "4611686018445313852"
    }, {
      "d" : "1756460345924847204",
      "t" : 1756460345924,
      "tn" : 1756460345924847204,
      "q" : "1000",
      "p" : "0.213160",
      "s" : "sell",
      "i" : "DOGEUSD-PERP",
      "m" : "4611686018445313851"
    } ]
  }
}