{
  "id" : -1,
  "method" : "public/get-trades",
  "code" : 0,
  "result" : {
    "data" : [ {
      "d" : "1756460736629341861",
      "t" : 1756460736629,
      "tn" : 1756460736629341861,
      "q" : "15",
      "p" : "0.182808",
      "s" : "buy",
      "i" : "DOGE_EUR",
      "m" : "4611686018428564138"
    }, {
      "d" : "1756460592252826628",
      "t" : 1756460592252,
      "tn" : 1756460592252826628,
      "q" : "9",
      "p" : "0.182664",
      "s" : "buy",
      "i" : "DOGE_EUR",
      "m" : "4611686018428564137"
    }, {
      "d" : "1756460592252824585",
      "t" : 1756460592252,
      "tn" : 1756460592252824585,
      "q" : "9",
      "p" : "0.182663",
      "s" : "buy",
      "i" : "DOGE_EUR",
      "m" : "4611686018428564136"
    }, {
      "d" : "1756460411399702840",
      "t" : 1756460411399,
      "tn" : 1756460411399702840,
      "q" : "9",
      "p" : "0.182660",
      "s" : "buy",
      "i" : "DOGE_EUR",
      "m" : "4611686018428564135"
    }, {
      "d" : "1756460382782799441",
      "t" : 1756460382782,
      "tn" : 1756460382782799441,
      "q" : "9",
      "p" : "0.182574",
      "s" : "buy",
      "i" : "DOGE_EUR",
      "m" : "4611686018428564134"
    }, {
      "d" : "1756460382782797136",
      "t" : 1756460382782,
      "tn" : 1756460382782797136,
      "q" : "9",
      "p" : "0.182573",
      "s" : "buy",
      "i" : "DOGE_EUR",
      "m" : "4611686018428564133"
    }, {
      "d" : "1756460289192431935",
      "t" : 1756460289192,
      "tn" : 1756460289192431935,
      "q" : "9",
      "p" : "0.182756",
      "s" : "buy",
      "i" : "DOGE_EUR",
      "m" : "4611686018428564132"
    }, {
      "d" : "1756460235982509673",
      "t" : 1756460235982,
      "tn" : 1756460235982509673,
      "q" : "9",
      "p" : "0.182635",
      "s" : "buy",
      "i" : "DOGE_EUR",
      "m" : "4611686018428564131"
    }, {
      "d" : "1756460185625820362",
      "t" : 1756460185625,
      "tn" : 1756460185625820362,
      "q" : "9",
      "p" : "0.182653",
      "s" : "buy",
      "i" : "DOGE_EUR",
      "m" : "4611686018428564130"
    }, {
      "d" : "1756460175793502082",
      "t" : 1756460175793,
      "tn" : 1756460175793502082,
      "q" : "9",
      "p" : "0.182608",
      "s" : "sell",
      "i" : "DOGE_EUR",
      "m" : "4611686018428564129"
    }, {
      "d" : "1756459983663562331",
      "t" : 1756459983663,
      "tn" : 1756459983663562331,
      "q" : "9",
      "p" : "0.182851",
      "s" : "buy",
      "i" : "DOGE_EUR",
      "m" : "4611686018428564128"
    }, {
      "d" : "1756459983661036346",
      "t" : 1756459983661,
      "tn" : 1756459983661036346,
      "q" : "9",
      "p" : "0.182849",
      "s" : "buy",
      "i" : "DOGE_EUR",
      "m" : "4611686018428564127"
    }, {
      "d" : "1756459863541051963",
      "t" : 1756459863541,
      "tn" : 1756459863541051963,
      "q" : "9",
      "p" : "0.183049",
      "s" : "buy",
      "i" : "DOGE_EUR",
      "m" : "4611686018428564126"
    }, {
      "d" : "1756459863541049487",
      "t" : 1756459863541,
      "tn" : 1756459863541049487,
      "q" : "9",
      "p" : "0.183048",
      "s" : "buy",
      "i" : "DOGE_EUR",
      "m" : "4611686018428564125"
    }, {
      "d" : "1756459840861442403",
      "t" : 1756459840861,
      "tn" : 1756459840861442403,
      "q" : "9",
      "p" : "0.182936",
      "s" : "buy",
      "i" : "DOGE_EUR",
      "m" : "4611686018428564124"
    }, {
      "d" : "1756459750892297922",
      "t" : 1756459750892,
      "tn" : 1756459750892297922,
      "q" : "9",
      "p" : "0.182909",
      "s" : "buy",
      "i" : "DOGE_EUR",
      "m" : "4611686018428564123"
    }, {
      "d" : "1756459682902906186",
      "t" : 1756459682902,
      "tn" : 1756459682902906186,
      "q" : "9",
      "p" : "0.182796",
      "s" : "buy",
      "i" : "DOGE_EUR",
      "m" : "4611686018428564122"
    }, {
      "d" : "1756459639921452989",
      "t" : 1756459639921,
      "tn" : 1756459639921452989,
      "q" : "9",
      "p" : "0.182829",
      "s" : "sell",
      "i" : "DOGE_EUR",
      "m" : "4611686018428564121"
    }, {
      "d" : "1756459530487334224",
      "t" : 1756459530487,
      "tn" : 1756459530487334224,
      "q" : "9",
      "p" : "0.182822",
      "s" : "buy",
      "i" : "DOGE_EUR",
      "m" : "4611686018428564120"
    }, {
      "d" : "1756459305288915586",
      "t" : 1756459305288,
      "tn" : 1756459305288915586,
      "q" : "9",
      "p" : "0.183119",
      "s" : "buy",
      "i" : "DOGE_EUR",
      "m" : "4611686018428564119"
    }, {
      "d" : "1756459284834161629",
      "t" : 1756459284834,
      "tn" : 1756459284834161629,
      "q" : "11",
      "p" : "0.182872",
      "s" : "buy",
      "i" : "DOGE_EUR",
      "m" : "4611686018428564118"
    }, {
      "d" : "1756459284787537414",
      "t" : 1756459284787,
      "tn" : 1756459284787537414,
      "q" : "9",
      "p" : "0.182866",
      "s" : "buy",
      "i" : "DOGE_EUR",
      "m" : "4611686018428564117"
    }, {
      "d" : "1756459182039174526",
      "t" : 1756459182039,
      "tn" : 1756459182039174526,
      "q" : "9",
      "p" : "0.182547",
      "s" : "buy",
      "i" : "DOGE_EUR",
      "m" : "4611686018428564116"
    }, {
      "d" : "1756459182039172317",
      "t" : 1756459182039,
      "tn" : 1756459182039172317,
      "q" : "9",
      "p" : "0.182546",
      "s" : "buy",
      "i" : "DOGE_EUR",
      "m" : "4611686018428564115"
    }, {
      "d" : "1756459087867769514",
      "t" : 1756459087867,
      "tn" : 1756459087867769514,
      "q" : "9",
      "p" : "0.182301",
      "s" : "buy",
      "i" : "DOGE_EUR",
      "m" : "4611686018428564114"
    }, {
      "d" : "1756459077025918991",
      "t" : 1756459077025,
      "tn" : 1756459077025918991,
      "q" : "9",
      "p" : "0.182164",
      "s" : "buy",
      "i" : "DOGE_EUR",
      "m" : "4611686018428564113"
    }, {
      "d" : "1756459009105798150",
      "t" : 1756459009105,
      "tn" : 1756459009105798150,
      "q" : "9",
      "p" : "0.182137",
      "s" : "buy",
      "i" : "DOGE_EUR",
      "m" : "4611686018428564112"
    }, {
      "d" : "1756458946753728326",
      "t" : 1756458946753,
      "tn" : 1756458946753728326,
      "q" : "9",
      "p" : "0.181892",
      "s" : "buy",
      "i" : "DOGE_EUR",
      "m" : "4611686018428564111"
    }, {
      "d" : "1756458791094947057",
      "t" : 1756458791094,
      "tn" : 1756458791094947057,
      "q" : "9",
      "p" : "0.182086",
      "s" : "buy",
      "i" : "DOGE_EUR",
      "m" : "4611686018428564110"
    }, {
      "d" : "1756458705942409679",
      "t" : 1756458705942,
      "tn" : 1756458705942409679,
      "q" : "9",
      "p" : "0.182117",
      "s" : "buy",
      "i" : "DOGE_EUR",
      "m" : "4611686018428564109"
    }, {
      "d" : "1756458705942406952",
      "t" : 1756458705942,
      "tn" : 1756458705942406952,
      "q" : "9",
      "p" : "0.182116",
      "s" : "buy",
      "i" : "DOGE_EUR",
      "m" : "4611686018428564108"
    }, {
      "d" : "1756458687470421453",
      "t" : 1756458687470,
      "tn" : 1756458687470421453,
      "q" : "9",
      "p" : "0.181993",
      "s" : "buy",
      "i" : "DOGE_EUR",
      "m" : "4611686018428564107"
    }, {
      "d" : "1756458674970023573",
      "t" : 1756458674970,
      "tn" : 1756458674970023573,
      "q" : "9",
      "p" : "0.181942",
      "s" : "buy",
      "i" : "DOGE_EUR",
      "m" : "4611686018428564106"
    }, {
      "d" : "1756458662202106183",
      "t" : 1756458662202,
      "tn" : 1756458662202106183,
      "q" : "9",
      "p" : "0.181808",
      "s" : "buy",
      "i" : "DOGE_EUR",
      "m" : "4611686018428564105"
    }, {
      "d" : "1756458662202103799",
      "t" : 1756458662202,
      "tn" : 1756458662202103799,
      "q" : "9",
      "p" : "0.181807",
      "s" : "buy",
      "i" : "DOGE_EUR",
      "m" : "4611686018428564104"
    }, {
      "d" : "1756458542084827598",
      "t" : 1756458542084,
      "tn" : 1756458542084827598,
      "q" : "9",
      "p" : "0.181890",
      "s" : "buy",
      "i" : "DOGE_EUR",
      "m" : "4611686018428564103"
    }, {
      "d" : "1756458514417825363",
      "t" : 1756458514417,
      "tn" : 1756458514417825363,
      "q" : "9",
      "p" : "0.181785",
      "s" : "buy",
      "i" : "DOGE_EUR",
      "m" : "4611686018428564102"
    }, {
      "d" : "1756458514112251971",
      "t" : 1756458514112,
      "tn" : 1756458514112251971,
      "q" : "9",
      "p" : "0.181766",
      "s" : "buy",
      "i" : "DOGE_EUR",
      "m" : "4611686018428564101"
    }, {
      "d" : "1756458349040874531",
      "t" : 1756458349040,
      "tn" : 1756458349040874531,
      "q" : "9",
      "p" : "0.182113",
      "s" : "buy",
      "i" : "DOGE_EUR",
      "m" : "4611686018428564100"
    }, {
      "d" : "1756458346360676161",
      "t" : 1756458346360,
      "tn" : 1756458346360676161,
      "q" : "9",
      "p" : "0.181982",
      "s" : "buy",
      "i" : "DOGE_EUR",
      "m" : "4611686018428564099"
    }, {
      "d" : "1756458306710646655",
      "t" : 1756458306710,
      "tn" : 1756458306710646655,
      "q" : "9",
      "p" : "0.181892",
      "s" : "buy",
      "i" : "DOGE_EUR",
      "m" : "4611686018428564098"
    }, {
      "d" : "1756458243760444973",
      "t" : 1756458243760,
      "tn" : 1756458243760444973,
      "q" : "13",
      "p" : "0.181676",
      "s" : "buy",
      "i" : "DOGE_EUR",
      "m" : "4611686018428564097"
    }, {
      "d" : "1756458204607235662",
      "t" : 1756458204607,
      "tn" : 1756458204607235662,
      "q" : "9",
      "p" : "0.181462",
      "s" : "buy",
      "i" : "DOGE_EUR",
      "m" : "4611686018428564096"
    }, {
      "d" : "1756458068505557309",
      "t" : 1756458068505,
      "tn" : 1756458068505557309,
      "q" : "9",
      "p" : "0.182242",
      "s" : "buy",
      "i" : "DOGE_EUR",
      "m" : "4611686018428564095"
    }, {
      "d" : "1756458068192718606",
      "t" : 1756458068192,
      "tn" : 1756458068192718606,
      "q" : "9",
      "p" : "0.182191",
      "s" : "buy",
      "i" : "DOGE_EUR",
      "m" : "4611686018428564094"
    }, {
      "d" : "1756457885375531436",
      "t" : 1756457885375,
      "tn" : 1756457885375531436,
      "q" : "9",
      "p" : "0.182306",
      "s" : "buy",
      "i" : "DOGE_EUR",
      "m" : "4611686018428564093"
    }, {
      "d" : "1756457880958984804",
      "t" : 1756457880958,
      "tn" : 1756457880958984804,
      "q" : "9",
      "p" : "0.182175",
      "s" : "buy",
      "i" : "DOGE_EUR",
      "m" : "4611686018428564092"
    }, {
      "d" : "1756457763362304297",
      "t" : 1756457763362,
      "tn" : 1756457763362304297,
      "q" : "9",
      "p" : "0.182448",
      "s" : "buy",
      "i" : "DOGE_EUR",
      "m" : "4611686018428564091"
    }, {
      "d" : "1756457711671430417",
      "t" : 1756457711671,
      "tn" : 1756457711671430417,
      "q" : "9",
      "p" : "0.182442",
      "s" : "buy",
      "i" : "DOGE_EUR",
      "m" : "4611686018428564090"
    }, {
      "d" : "1756457610264719711",
      "t" : 1756457610264,
      "tn" : 1756457610264719711,
      "q" : "9",
      "p" : "0.182592",
      "s" : "buy",
      "i" : "DOGE_EUR",
      "m" : "4611686018428564089"
    }, {
      "d" : "1756457428575689820",
      "t" : 1756457428575,
      "tn" : 1756457428575689820,
      "q" : "9",
      "p" : "0.183025",
      "s" : "buy",
      "i" : "DOGE_EUR",
      "m" : "4611686018428564088"
    }, {
      "d" : "1756457428575687126",
      "t" : 1756457428575,
      "tn" : 1756457428575687126,
      "q" : "9",
      "p" : "0.183024",
      "s" : "buy",
      "i" : "DOGE_EUR",
      "m" : "4611686018428564087"
    }, {
      "d" : "1756457387951219944",
      "t" : 1756457387951,
      "tn" : 1756457387951219944,
      "q" : "9",
      "p" : "0.182948",
      "s" : "buy",
      "i" : "DOGE_EUR",
      "m" : "4611686018428564086"
    }, {
      "d" : "1756457387811505270",
      "t" : 1756457387811,
      "tn" : 1756457387811505270,
      "q" : "9",
      "p" : "0.182939",
      "s" : "buy",
      "i" : "DOGE_EUR",
      "m" : "4611686018428564085"
    }, {
      "d" : "1756457318821358464",
      "t" : 1756457318821,
      "tn" : 1756457318821358464,
      "q" : "9",
      "p" : "0.182981",
      "s" : "buy",
      "i" : "DOGE_EUR",
      "m" : "4611686018428564084"
    }, {
      "d" : "1756457258676136870",
      "t" : 1756457258676,
      "tn" : 1756457258676136870,
      "q" : "9",
      "p" : "0.182950",
      "s" : "buy",
      "i" : "DOGE_EUR",
      "m" : "4611686018428564083"
    }, {
      "d" : "1756457203414577054",
      "t" : 1756457203414,
      "tn" : 1756457203414577054,
      "q" : "9",
      "p" : "0.182977",
      "s" : "buy",
      "i" : "DOGE_EUR",
      "m" : "4611686018428564082"
    }, {
      "d" : "1756457203414574451",
      "t" : 1756457203414,
      "tn" : 1756457203414574451,
      "q" : "9",
      "p" : "0.182976",
      "s" : "buy",
      "i" : "DOGE_EUR",
      "m" : "4611686018428564081"
    }, {
      "d" : "1756457143711135269",
      "t" : 1756457143711,
      "tn" : 1756457143711135269,
      "q" : "9",
      "p" : "0.183219",
      "s" : "buy",
      "i" : "DOGE_EUR",
      "m" : "4611686018428564080"
    }, {
      "d" : "1756457126061150462",
      "t" : 1756457126061,
      "tn" : 1756457126061150462,
      "q" : "9",
      "p" : "0.183146",
      "s" : "buy",
      "i" : "DOGE_EUR",
      "m" : "4611686018428564079"
    }, {
      "d" : "1756457126033615074",
      "t" : 1756457126033,
      "tn" : 1756457126033615074,
      "q" : "9",
      "p" : "0.183142",
      "s" : "buy",
      "i" : "DOGE_EUR",
      "m" : "4611686018428564078"
    }, {
      "d" : "1756456946537044520",
      "t" : 1756456946537,
      "tn" : 1756456946537044520,
      "q" : "9",
      "p" : "0.182997",
      "s" : "buy",
      "i" : "DOGE_EUR",
      "m" : "4611686018428564077"
    }, {
      "d" : "1756456860660667147",
      "t" : 1756456860660,
      "tn" : 1756456860660667147,
      "q" : "9",
      "p" : "0.183041",
      "s" : "buy",
      "i" : "DOGE_EUR",
      "m" : "4611686018428564076"
    }, {
      "d" : "1756456860650754120",
      "t" : 1756456860650,
      "tn" : 1756456860650754120,
      "q" : "9",
      "p" : "0.183024",
      "s" : "buy",
      "i" : "DOGE_EUR",
      "m" : "4611686018428564075"
    }, {
      "d" : "1756456848232760230",
      "t" : 1756456848232,
      "tn" : 1756456848232760230,
      "q" : "9",
      "p" : "0.182957",
      "s" : "buy",
      "i" : "DOGE_EUR",
      "m" : "4611686018428564074"
    }, {
      "d" : "1756456810653349339",
      "t" : 1756456810653,
      "tn" : 1756456810653349339,
      "q" : "9",
      "p" : "0.182944",
      "s" : "buy",
      "i" : "DOGE_EUR",
      "m" : "4611686018428564073"
    }, {
      "d" : "1756456803548604607",
      "t" : 1756456803548,
      "tn" : 1756456803548604607,
      "q" : "9",
      "p" : "0.182877",
      "s" : "buy",
      "i" : "DOGE_EUR",
      "m" : "4611686018428564072"
    }, {
      "d" : "1756456803548602553",
      "t" : 1756456803548,
      "tn" : 1756456803548602553,
      "q" : "9",
      "p" : "0.182876",
      "s" : "buy",
      "i" : "DOGE_EUR",
      "m" : "4611686018428564071"
    }, {
      "d" : "1756456681316074870",
      "t" : 1756456681316,
      "tn" : 1756456681316074870,
      "q" : "9",
      "p" : "0.182992",
      "s" : "buy",
      "i" : "DOGE_EUR",
      "m" : "4611686018428564070"
    }, {
      "d" : "1756456680653195969",
      "t" : 1756456680653,
      "tn" : 1756456680653195969,
      "q" : "9",
      "p" : "0.182993",
      "s" : "buy",
      "i" : "DOGE_EUR",
      "m" : "4611686018428564069"
    }, {
      "d" : "1756456561613600536",
      "t" : 1756456561613,
      "tn" : 1756456561613600536,
      "q" : "9",
      "p" : "0.183064",
      "s" : "sell",
      "i" : "DOGE_EUR",
      "m" : "4611686018428564068"
    }, {
      "d" : "1756456540915994378",
      "t" : 1756456540915,
      "tn" : 1756456540915994378,
      "q" : "9",
      "p" : "0.183237",
      "s" : "sell",
      "i" : "DOGE_EUR",
      "m" : "4611686018428564067"
    }, {
      "d" : "1756456479682414665",
      "t" : 1756456479682,
      "tn" : 1756456479682414665,
      "q" : "9",
      "p" : "0.183464",
      "s" : "buy",
      "i" : "DOGE_EUR",
      "m" : "4611686018428564066"
    }, {
      "d" : "1756456477222952516",
      "t" : 1756456477222,
      "tn" : 1756456477222952516,
      "q" : "9",
      "p" : "0.183409",
      "s" : "buy",
      "i" : "DOGE_EUR",
      "m" : "4611686018428564065"
    }, {
      "d" : "1756456414433495669",
      "t" : 1756456414433,
      "tn" : 1756456414433495669,
      "q" : "9",
      "p" : "0.183165",
      "s" : "buy",
      "i" : "DOGE_EUR",
      "m" : "4611686018428564064"
    }, {
      "d" : "1756456374381022871",
      "t" : 1756456374381,
      "tn" : 1756456374381022871,
      "q" : "9",
      "p" : "0.183206",
      "s" : "sell",
      "i" : "DOGE_EUR",
      "m" : "4611686018428564063"
    }, {
      "d" : "1756456372762993229",
      "t" : 1756456372762,
      "tn" : 1756456372762993229,
      "q" : "9",
      "p" : "0.183287",
      "s" : "sell",
      "i" : "DOGE_EUR",
      "m" : "4611686018428564062"
    }, {
      "d" : "1756456330251907640",
      "t" : 1756456330251,
      "tn" : 1756456330251907640,
      "q" : "9",
      "p" : "0.183368",
      "s" : "buy",
      "i" : "DOGE_EUR",
      "m" : "4611686018428564061"
    }, {
      "d" : "1756456268139211338",
      "t" : 1756456268139,
      "tn" : 1756456268139211338,
      "q" : "9",
      "p" : "0.183067",
      "s" : "sell",
      "i" : "DOGE_EUR",
      "m" : "4611686018428564060"
    }, {
      "d" : "1756456112779101718",
      "t" : 1756456112779,
      "tn" : 1756456112779101718,
      "q" : "9",
      "p" : "0.183213",
      "s" : "sell",
      "i" : "DOGE_EUR",
      "m" : "4611686018428564059"
    }, {
      "d" : "1756456098902714468",
      "t" : 1756456098902,
      "tn" : 1756456098902714468,
      "q" : "9",
      "p" : "0.183254",
      "s" : "buy",
      "i" : "DOGE_EUR",
      "m" : "4611686018428564058"
    }, {
      "d" : "1756455970975012350",
      "t" : 1756455970975,
      "tn" : 1756455970975012350,
      "q" : "9",
      "p" : "0.183545",
      "s" : "buy",
      "i" : "DOGE_EUR",
      "m" : "4611686018428564057"
    }, {
      "d" : "1756455962726651498",
      "t" : 1756455962726,
      "tn" : 1756455962726651498,
      "q" : "9",
      "p" : "0.183390",
      "s" : "buy",
      "i" : "DOGE_EUR",
      "m" : "4611686018428564056"
    }, {
      "d" : "1756455873441582135",
      "t" : 1756455873441,
      "tn" : 1756455873441582135,
      "q" : "9",
      "p" : "0.183056",
      "s" : "sell",
      "i" : "DOGE_EUR",
      "m" : "4611686018428564055"
    }, {
      "d" : "1756455861516574134",
      "t" : 1756455861516,
      "tn" : 1756455861516574134,
      "q" : "9",
      "p" : "0.183171",
      "s" : "sell",
      "i" : "DOGE_EUR",
      "m" : "4611686018428564054"
    }, {
      "d" : "1756455842758285652",
      "t" : 1756455842758,
      "tn" : 1756455842758285652,
      "q" : "9",
      "p" : "0.183220",
      "s" : "buy",
      "i" : "DOGE_EUR",
      "m" : "4611686018428564053"
    }, {
      "d" : "1756455795455635428",
      "t" : 1756455795455,
      "tn" : 1756455795455635428,
      "q" : "9",
      "p" : "0.183221",
      "s" : "buy",
      "i" : "DOGE_EUR",
      "m" : "4611686018428564052"
    }, {
      "d" : "1756455724412698947",
      "t" : 1756455724412,
      "tn" : 1756455724412698947,
      "q" : "9",
      "p" : "0.183290",
      "s" : "buy",
      "i" : "DOGE_EUR",
      "m" : "4611686018428564051"
    }, {
      "d" : "1756455708114164364",
      "t" : 1756455708114,
      "tn" : 1756455708114164364,
      "q" : "9",
      "p" : "0.183186",
      "s" : "buy",
      "i" : "DOGE_EUR",
      "m" : "4611686018428564050"
    }, {
      "d" : "1756455707501477075",
      "t" : 1756455707501,
      "tn" : 1756455707501477075,
      "q" : "9",
      "p" : "0.183187",
      "s" : "buy",
      "i" : "DOGE_EUR",
      "m" : "4611686018428564049"
    }, {
      "d" : "1756455684799442845",
      "t" : 1756455684799,
      "tn" : 1756455684799442845,
      "q" : "9",
      "p" : "0.183066",
      "s" : "buy",
      "i" : "DOGE_EUR",
      "m" : "4611686018428564048"
    }, {
      "d" : "1756455672008404599",
      "t" : 1756455672008,
      "tn" : 1756455672008404599,
      "q" : "9",
      "p" : "0.183019",
      "s" : "sell",
      "i" : "DOGE_EUR",
      "m" : "4611686018428564047"
    }, {
      "d" : "1756455635502543767",
      "t" : 1756455635502,
      "tn" : 1756455635502543767,
      "q" : "9",
      "p" : "0.183203",
      "s" : "buy",
      "i" : "DOGE_EUR",
      "m" : "4611686018428564046"
    }, {
      "d" : "1756455625727061090",
      "t" : 1756455625727,
      "tn" : 1756455625727061090,
      "q" : "9",
      "p" : "0.183222",
      "s" : "sell",
      "i" : "DOGE_EUR",
      "m" : "4611686018428564045"
    }, {
      "d" : "1756455571010529729",
      "t" : 1756455571010,
      "tn" : 1756455571010529729,
      "q" : "9",
      "p" : "0.183535",
      "s" : "sell",
      "i" : "DOGE_EUR",
      "m" : "4611686018428564044"
    }, {
      "d" : "1756455482253960121",
      "t" : 1756455482253,
      "tn" : 1756455482253960121,
      "q" : "9",
      "p" : "0.183696",
      "s" : "buy",
      "i" : "DOGE_EUR",
      "m" : "4611686018428564043"
    }, {
      "d" : "1756455479051445076",
      "t" : 1756455479051,
      "tn" : 1756455479051445076,
      "q" : "9",
      "p" : "0.183585",
      "s" : "buy",
      "i" : "DOGE_EUR",
      "m" : "4611686018428564042"
    }, {
      "d" : "1756455467921153878",
      "t" : 1756455467921,
      "tn" : 1756455467921153878,
      "q" : "9",
      "p" : "0.183455",
      "s" : "buy",
      "i" : "DOGE_EUR",
      "m" : "4611686018428564041"
    }, {
      "d" : "1756455442249549634",
      "t" : 1756455442249,
      "tn" : 1756455442249549634,
      "q" : "9",
      "p" : "0.183207",
      "s" : "sell",
      "i" : "DOGE_EUR",
      "m" : "4611686018428564040"
    }, {
      "d" : "1756455438312233223",
      "t" : 1756455438312,
      "tn" : 1756455438312233223,
      "q" : "9",
      "p" : "0.183346",
      "s" : "sell",
      "i" : "DOGE_EUR",
      "m" : "4611686018428564039"
    }, {
      "d" : "1756455421334530680",
      "t" : 1756455421334,
      "tn" : 1756455421334530680,
      "q" : "9",
      "p" : "0.183494",
      "s" : "sell",
      "i" : "DOGE_EUR",
      "m" : "4611686018428564038"
    }, {
      "d" : "1756455199168129563",
      "t" : 1756455199168,
      "tn" : 1756455199168129563,
      "q" : "9",
      "p" : "0.183499",
      "s" : "sell",
      "i" : "DOGE_EUR",
      "m" : "4611686018428564037"
    }, {
      "d" : "1756455078612552522",
      "t" : 1756455078612,
      "tn" : 1756455078612552522,
      "q" : "9",
      "p" : "0.183511",
      "s" : "buy",
      "i" : "DOGE_EUR",
      "m" : "4611686018428564036"
    }, {
      "d" : "1756455078353970353",
      "t" : 1756455078353,
      "tn" : 1756455078353970353,
      "q" : "9",
      "p" : "0.183501",
      "s" : "buy",
      "i" : "DOGE_EUR",
      "m" : "4611686018428564035"
    }, {
      "d" : "1756454812182133618",
      "t" : 1756454812182,
      "tn" : 1756454812182133618,
      "q" : "9",
      "p" : "0.184066",
      "s" : "buy",
      "i" : "DOGE_EUR",
      "m" : "4611686018428564034"
    }, {
      "d" : "1756454761409436808",
      "t" : 1756454761409,
      "tn" : 1756454761409436808,
      "q" : "9",
      "p" : "0.184088",
      "s" : "buy",
      "i" : "DOGE_EUR",
      "m" : "4611686018428564033"
    }, {
      "d" : "1756454741627749712",
      "t" : 1756454741627,
      "tn" : 1756454741627749712,
      "q" : "18",
      "p" : "0.183976",
      "s" : "buy",
      "i" : "DOGE_EUR",
      "m" : "4611686018428564032"
    }, {
      "d" : "1756454702539038215",
      "t" : 1756454702539,
      "tn" : 1756454702539038215,
      "q" : "9",
      "p" : "0.183967",
      "s" : "buy",
      "i" : "DOGE_EUR",
      "m" : "4611686018428564031"
    }, {
      "d" : "1756454669610387704",
      "t" : 1756454669610,
      "tn" : 1756454669610387704,
      "q" : "9",
      "p" : "0.184066",
      "s" : "sell",
      "i" : "DOGE_EUR",
      "m" : "4611686018428564030"
    }, {
      "d" : "1756454648190054530",
      "t" : 1756454648190,
      "tn" : 1756454648190054530,
      "q" : "9",
      "p" : "0.184140",
      "s" : "sell",
      "i" : "DOGE_EUR",
      "m" : "4611686018428564029"
    }, {
      "d" : "1756454620310326845",
      "t" : 1756454620310,
      "tn" : 1756454620310326845,
      "q" : "9",
      "p" : "0.184206",
      "s" : "sell",
      "i" : "DOGE_EUR",
      "m" : "4611686018428564028"
    }, {
      "d" : "1756454620248426513",
      "t" : 1756454620248,
      "tn" : 1756454620248426513,
      "q" : "9",
      "p" : "0.184216",
      "s" : "sell",
      "i" : "DOGE_EUR",
      "m" : "4611686018428564027"
    }, {
      "d" : "1756454602881183012",
      "t" : 1756454602881,
      "tn" : 1756454602881183012,
      "q" : "9",
      "p" : "0.184332",
      "s" : "sell",
      "i" : "DOGE_EUR",
      "m" : "4611686018428564026"
    }, {
      "d" : "1756454589712053258",
      "t" : 1756454589712,
      "tn" : 1756454589712053258,
      "q" : "9",
      "p" : "0.184463",
      "s" : "sell",
      "i" : "DOGE_EUR",
      "m" : "4611686018428564025"
    }, {
      "d" : "1756454319111490749",
      "t" : 1756454319111,
      "tn" : 1756454319111490749,
      "q" : "41",
      "p" : "0.183732",
      "s" : "sell",
      "i" : "DOGE_EUR",
      "m" : "4611686018428564024"
    }, {
      "d" : "1756454314410291856",
      "t" : 1756454314410,
      "tn" : 1756454314410291856,
      "q" : "58",
      "p" : "0.183860",
      "s" : "sell",
      "i" : "DOGE_EUR",
      "m" : "4611686018428564023"
    }, {
      "d" : "1756454314410289620",
      "t" : 1756454314410,
      "tn" : 1756454314410289620,
      "q" : "9",
      "p" : "0.183861",
      "s" : "sell",
      "i" : "DOGE_EUR",
      "m" : "4611686018428564022"
    }, {
      "d" : "1756454300230657353",
      "t" : 1756454300230,
      "tn" : 1756454300230657353,
      "q" : "215",
      "p" : "0.184000",
      "s" : "sell",
      "i" : "DOGE_EUR",
      "m" : "4611686018428564021"
    }, {
      "d" : "1756454297131518106",
      "t" : 1756454297131,
      "tn" : 1756454297131518106,
      "q" : "365",
      "p" : "0.184000",
      "s" : "sell",
      "i" : "DOGE_EUR",
      "m" : "4611686018428564020"
    }, {
      "d" : "1756454296780282358",
      "t" : 1756454296780,
      "tn" : 1756454296780282358,
      "q" : "19",
      "p" : "0.184000",
      "s" : "sell",
      "i" : "DOGE_EUR",
      "m" : "4611686018428564019"
    }, {
      "d" : "1756454295953869423",
      "t" : 1756454295953,
      "tn" : 1756454295953869423,
      "q" : "19",
      "p" : "0.184000",
      "s" : "sell",
      "i" : "DOGE_EUR",
      "m" : "4611686018428564018"
    }, {
      "d" : "1756454294736150960",
      "t" : 1756454294736,
      "tn" : 1756454294736150960,
      "q" : "30",
      "p" : "0.184000",
      "s" : "sell",
      "i" : "DOGE_EUR",
      "m" : "4611686018428564017"
    }, {
      "d" : "1756454294154724143",
      "t" : 1756454294154,
      "tn" : 1756454294154724143,
      "q" : "58",
      "p" : "0.184000",
      "s" : "sell",
      "i" : "DOGE_EUR",
      "m" : "4611686018428564016"
    }, {
      "d" : "1756454273790672012",
      "t" : 1756454273790,
      "tn" : 1756454273790672012,
      "q" : "109",
      "p" : "0.184000",
      "s" : "sell",
      "i" : "DOGE_EUR",
      "m" : "4611686018428564015"
    }, {
      "d" : "1756454270022138770",
      "t" : 1756454270022,
      "tn" : 1756454270022138770,
      "q" : "217",
      "p" : "0.184000",
      "s" : "sell",
      "i" : "DOGE_EUR",
      "m" : "4611686018428564014"
    }, {
      "d" : "1756454264905083233",
      "t" : 1756454264905,
      "tn" : 1756454264905083233,
      "q" : "9",
      "p" : "0.184061",
      "s" : "sell",
      "i" : "DOGE_EUR",
      "m" : "4611686018428564013"
    }, {
      "d" : "1756454243005932773",
      "t" : 1756454243005,
      "tn" : 1756454243005932773,
      "q" : "9",
      "p" : "0.184158",
      "s" : "sell",
      "i" : "DOGE_EUR",
      "m" : "4611686018428564012"
    }, {
      "d" : "1756453357925583445",
      "t" : 1756453357925,
      "tn" : 1756453357925583445,
      "q" : "9",
      "p" : "0.184505",
      "s" : "sell",
      "i" : "DOGE_EUR",
      "m" : "4611686018428564011"
    }, {
      "d" : "1756453294017456330",
      "t" : 1756453294017,
      "tn" : 1756453294017456330,
      "q" : "9",
      "p" : "0.184437",
      "s" : "buy",
      "i" : "DOGE_EUR",
      "m" : "4611686018428564010"
    }, {
      "d" : "1756453293680318564",
      "t" : 1756453293680,
      "tn" : 1756453293680318564,
      "q" : "9",
      "p" : "0.184438",
      "s" : "buy",
      "i" : "DOGE_EUR",
      "m" : "4611686018428564009"
    }, {
      "d" : "1756453166809218061",
      "t" : 1756453166809,
      "tn" : 1756453166809218061,
      "q" : "9",
      "p" : "0.184524",
      "s" : "sell",
      "i" : "DOGE_EUR",
      "m" : "4611686018428564008"
    }, {
      "d" : "1756453166809215871",
      "t" : 1756453166809,
      "tn" : 1756453166809215871,
      "q" : "9",
      "p" : "0.184525",
      "s" : "sell",
      "i" : "DOGE_EUR",
      "m" : "4611686018428564007"
    }, {
      "d" : "1756453015862854493",
      "t" : 1756453015862,
      "tn" : 1756453015862854493,
      "q" : "9",
      "p" : "0.184362",
      "s" : "sell",
      "i" : "DOGE_EUR",
      "m" : "4611686018428564006"
    }, {
      "d" : "1756453015862852144",
      "t" : 1756453015862,
      "tn" : 1756453015862852144,
      "q" : "9",
      "p" : "0.184363",
      "s" : "sell",
      "i" : "DOGE_EUR",
      "m" : "4611686018428564005"
    }, {
      "d" : "1756452965845142269",
      "t" : 1756452965845,
      "tn" : 1756452965845142269,
      "q" : "15",
      "p" : "0.184571",
      "s" : "sell",
      "i" : "DOGE_EUR",
      "m" : "4611686018428564004"
    }, {
      "d" : "1756452912122374795",
      "t" : 1756452912122,
      "tn" : 1756452912122374795,
      "q" : "9",
      "p" : "0.184644",
      "s" : "sell",
      "i" : "DOGE_EUR",
      "m" : "4611686018428564003"
    }, {
      "d" : "1756452872647933096",
      "t" : 1756452872647,
      "tn" : 1756452872647933096,
      "q" : "18",
      "p" : "0.184866",
      "s" : "sell",
      "i" : "DOGE_EUR",
      "m" : "4611686018428564002"
    }, {
      "d" : "1756452810352440530",
      "t" : 1756452810352,
      "tn" : 1756452810352440530,
      "q" : "9",
      "p" : "0.184995",
      "s" : "sell",
      "i" : "DOGE_EUR",
      "m" : "4611686018428564001"
    }, {
      "d" : "1756452422055565262",
      "t" : 1756452422055,
      "tn" : 1756452422055565262,
      "q" : "19",
      "p" : "0.184000",
      "s" : "sell",
      "i" : "DOGE_EUR",
      "m" : "4611686018428564000"
    }, {
      "d" : "1756452421383518446",
      "t" : 1756452421383,
      "tn" : 1756452421383518446,
      "q" : "26",
      "p" : "0.184000",
      "s" : "sell",
      "i" : "DOGE_EUR",
      "m" : "4611686018428563999"
    }, {
      "d" : "1756452420694237215",
      "t" : 1756452420694,
      "tn" : 1756452420694237215,
      "q" : "49",
      "p" : "0.184000",
      "s" : "sell",
      "i" : "DOGE_EUR",
      "m" : "4611686018428563998"
    }, {
      "d" : "1756452420140063001",
      "t" : 1756452420140,
      "tn" : 1756452420140063001,
      "q" : "100",
      "p" : "0.184000",
      "s" : "sell",
      "i" : "DOGE_EUR",
      "m" : "4611686018428563997"
    }, {
      "d" : "1756452419390748924",
      "t" : 1756452419390,
      "tn" : 1756452419390748924,
      "q" : "200",
      "p" : "0.184000",
      "s" : "sell",
      "i" : "DOGE_EUR",
      "m" : "4611686018428563996"
    }, {
      "d" : "1756452383410349175",
      "t" : 1756452383410,
      "tn" : 1756452383410349175,
      "q" : "9",
      "p" : "0.184298",
      "s" : "sell",
      "i" : "DOGE_EUR",
      "m" : "4611686018428563995"
    }, {
      "d" : "1756452061471815678",
      "t" : 1756452061471,
      "tn" : 1756452061471815678,
      "q" : "9",
      "p" : "0.185009",
      "s" : "buy",
      "i" : "DOGE_EUR",
      "m" : "4611686018428563994"
    }, {
      "d" : "1756451892350395370",
      "t" : 1756451892350,
      "tn" : 1756451892350395370,
      "q" : "9",
      "p" : "0.185040",
      "s" : "buy",
      "i" : "DOGE_EUR",
      "m" : "4611686018428563993"
    }, {
      "d" : "1756451832605227664",
      "t" : 1756451832605,
      "tn" : 1756451832605227664,
      "q" : "9",
      "p" : "0.184871",
      "s" : "buy",
      "i" : "DOGE_EUR",
      "m" : "4611686018428563992"
    }, {
      "d" : "1756451829052105122",
      "t" : 1756451829052,
      "tn" : 1756451829052105122,
      "q" : "9",
      "p" : "0.184781",
      "s" : "sell",
      "i" : "DOGE_EUR",
      "m" : "4611686018428563991"
    }, {
      "d" : "1756451812547096592",
      "t" : 1756451812547,
      "tn" : 1756451812547096592,
      "q" : "9",
      "p" : "0.184891",
      "s" : "sell",
      "i" : "DOGE_EUR",
      "m" : "4611686018428563990"
    }, {
      "d" : "1756451691841382417",
      "t" : 1756451691841,
      "tn" : 1756451691841382417,
      "q" : "9",
      "p" : "0.184634",
      "s" : "sell",
      "i" : "DOGE_EUR",
      "m" : "4611686018428563989"
    } ]
  }
}