{
  "id" : -1,
  "method" : "public/get-trades",
  "code" : 0,
  "result" : {
    "data" : [ {
      "d" : "1756442781855310102",
      "t" : 1756442781855,
      "tn" : 1756442781855310102,
      "q" : "100",
      "p" : "0.003084",
      "s" : "buy",
      "i" : "DOODUSD-PERP",
      "m" : "4611686018427430089"
    }, {
      "d" : "1756442048626187411",
      "t" : 1756442048626,
      "tn" : 1756442048626187411,
      "q" : "100",
      "p" : "0.003080",
      "s" : "buy",
      "i" : "DOODUSD-PERP",
      "m" : "4611686018427430088"
    }, {
      "d" : "1756441958158946354",
      "t" : 1756441958158,
      "tn" : 1756441958158946354,
      "q" : "100",
      "p" : "0.003079",
      "s" : "buy",
      "i" : "DOODUSD-PERP",
      "m" : "4611686018427430087"
    }, {
      "d" : "1756440318848537619",
      "t" : 1756440318848,
      "tn" : 1756440318848537619,
      "q" : "100",
      "p" : "0.003082",
      "s" : "buy",
      "i" : "DOODUSD-PERP",
      "m" : "4611686018427430086"
    }, {
      "d" : "1756439705452071288",
      "t" : 1756439705452,
      "tn" : 1756439705452071288,
      "q" : "100",
      "p" : "0.003083",
      "s" : "buy",
      "i" : "DOODUSD-PERP",
      "m" : "4611686018427430085"
    }, {
      "d" : "1756434693416058173",
      "t" : 1756434693416,
      "tn" : 1756434693416058173,
      "q" : "100",
      "p" : "0.003056",
      "s" : "buy",
      "i" : "DOODUSD-PERP",
      "m" : "4611686018427430084"
    }, {
      "d" : "1756428371040757756",
      "t" : 1756428371040,
      "tn" : 1756428371040757755,
      "q" : "3200",
      "p" : "0.003089",
      "s" : "sell",
      "i" : "DOODUSD-PERP",
      "m" : "4611686018427430083"
    }, {
      "d" : "1756428371040757755",
      "t" : 1756428371040,
      "tn" : 1756428371040757755,
      "q" : "100",
      "p" : "0.003089",
      "s" : "sell",
      "i" : "DOODUSD-PERP",
      "m" : "4611686018427430083"
    }, {
      "d" : "1756427339430818598",
      "t" : 1756427339430,
      "tn" : 1756427339430818598,
      "q" : "100",
      "p" : "0.003100",
      "s" : "sell",
      "i" : "DOODUSD-PERP",
      "m" : "4611686018427430082"
    }, {
      "d" : "1756426644068653400",
      "t" : 1756426644068,
      "tn" : 1756426644068653400,
      "q" : "100",
      "p" : "0.003093",
      "s" : "sell",
      "i" : "DOODUSD-PERP",
      "m" : "4611686018427430081"
    }, {
      "d" : "1756425879822712387",
      "t" : 1756425879822,
      "tn" : 1756425879822712387,
      "q" : "3200",
      "p" : "0.003101",
      "s" : "sell",
      "i" : "DOODUSD-PERP",
      "m" : "4611686018427430080"
    }, {
      "d" : "1756425879822709846",
      "t" : 1756425879822,
      "tn" : 1756425879822709846,
      "q" : "100",
      "p" : "0.003102",
      "s" : "sell",
      "i" : "DOODUSD-PERP",
      "m" : "4611686018427430079"
    }, {
      "d" : "1756418150462100933",
      "t" : 1756418150462,
      "tn" : 1756418150462100933,
      "q" : "100",
      "p" : "0.003071",
      "s" : "buy",
      "i" : "DOODUSD-PERP",
      "m" : "4611686018427430078"
    }, {
      "d" : "1756417245484626327",
      "t" : 1756417245484,
      "tn" : 1756417245484626327,
      "q" : "100",
      "p" : "0.003069",
      "s" : "buy",
      "i" : "DOODUSD-PERP",
      "m" : "4611686018427430077"
    }, {
      "d" : "1756417172044043643",
      "t" : 1756417172044,
      "tn" : 1756417172044043643,
      "q" : "100",
      "p" : "0.003069",
      "s" : "buy",
      "i" : "DOODUSD-PERP",
      "m" : "4611686018427430076"
    }, {
      "d" : "1756416337527084600",
      "t" : 1756416337527,
      "tn" : 1756416337527084600,
      "q" : "100",
      "p" : "0.003068",
      "s" : "buy",
      "i" : "DOODUSD-PERP",
      "m" : "4611686018427430075"
    }, {
      "d" : "1756416311368120670",
      "t" : 1756416311368,
      "tn" : 1756416311368120670,
      "q" : "100",
      "p" : "0.003069",
      "s" : "buy",
      "i" : "DOODUSD-PERP",
      "m" : "4611686018427430074"
    }, {
      "d" : "1756412387931760518",
      "t" : 1756412387931,
      "tn" : 1756412387931760518,
      "q" : "100",
      "p" : "0.003079",
      "s" : "sell",
      "i" : "DOODUSD-PERP",
      "m" : "4611686018427430073"
    }, {
      "d" : "1756395472217504006",
      "t" : 1756395472217,
      "tn" : 1756395472217504006,
      "q" : "38100",
      "p" : "0.003127",
      "s" : "sell",
      "i" : "DOODUSD-PERP",
      "m" : "4611686018427430072"
    }, {
      "d" : "1756395466071789132",
      "t" : 1756395466071,
      "tn" : 1756395466071789132,
      "q" : "23200",
      "p" : "0.003130",
      "s" : "sell",
      "i" : "DOODUSD-PERP",
      "m" : "4611686018427430071"
    }, {
      "d" : "1756395463891811337",
      "t" : 1756395463891,
      "tn" : 1756395463891811337,
      "q" : "31900",
      "p" : "0.003130",
      "s" : "sell",
      "i" : "DOODUSD-PERP",
      "m" : "4611686018427430070"
    }, {
      "d" : "1756395460711782628",
      "t" : 1756395460711,
      "tn" : 1756395460711782628,
      "q" : "31900",
      "p" : "0.003130",
      "s" : "sell",
      "i" : "DOODUSD-PERP",
      "m" : "4611686018427430069"
    }, {
      "d" : "1756381735622041570",
      "t" : 1756381735622,
      "tn" : 1756381735622041570,
      "q" : "100",
      "p" : "0.003154",
      "s" : "sell",
      "i" : "DOODUSD-PERP",
      "m" : "4611686018427430068"
    }, {
      "d" : "1756379913091813937",
      "t" : 1756379913091,
      "tn" : 1756379913091813937,
      "q" : "100",
      "p" : "0.003144",
      "s" : "sell",
      "i" : "DOODUSD-PERP",
      "m" : "4611686018427430067"
    } ]
  }
}