{
  "id" : -1,
  "method" : "public/get-trades",
  "code" : 0,
  "result" : {
    "data" : [ {
      "d" : "1756460777758615712",
      "t" : 1756460777758,
      "tn" : 1756460777758615712,
      "q" : "46.09",
      "p" : "3.7978",
      "s" : "buy",
      "i" : "DOT_USDT",
      "m" : "4611686018436284204"
    }, {
      "d" : "1756460777725861011",
      "t" : 1756460777725,
      "tn" : 1756460777725861011,
      "q" : "0.31",
      "p" : "3.7966",
      "s" : "buy",
      "i" : "DOT_USDT",
      "m" : "4611686018436284203"
    }, {
      "d" : "1756460749600602410",
      "t" : 1756460749600,
      "tn" : 1756460749600602410,
      "q" : "0.31",
      "p" : "3.7966",
      "s" : "buy",
      "i" : "DOT_USDT",
      "m" : "4611686018436284202"
    }, {
      "d" : "1756460744131071148",
      "t" : 1756460744131,
      "tn" : 1756460744131071148,
      "q" : "97.78",
      "p" : "3.7957",
      "s" : "sell",
      "i" : "DOT_USDT",
      "m" : "4611686018436284201"
    }, {
      "d" : "1756460736453639392",
      "t" : 1756460736453,
      "tn" : 1756460736453639392,
      "q" : "0.31",
      "p" : "3.7937",
      "s" : "buy",
      "i" : "DOT_USDT",
      "m" : "4611686018436284200"
    }, {
      "d" : "1756460705783775139",
      "t" : 1756460705783,
      "tn" : 1756460705783775139,
      "q" : "0.31",
      "p" : "3.7904",
      "s" : "sell",
      "i" : "DOT_USDT",
      "m" : "4611686018436284199"
    }, {
      "d" : "1756460648293342082",
      "t" : 1756460648293,
      "tn" : 1756460648293342082,
      "q" : "0.31",
      "p" : "3.7914",
      "s" : "sell",
      "i" : "DOT_USDT",
      "m" : "4611686018436284198"
    }, {
      "d" : "1756460629380856236",
      "t" : 1756460629380,
      "tn" : 1756460629380856236,
      "q" : "0.31",
      "p" : "3.7914",
      "s" : "sell",
      "i" : "DOT_USDT",
      "m" : "4611686018436284197"
    }, {
      "d" : "1756460627712433982",
      "t" : 1756460627712,
      "tn" : 1756460627712433981,
      "q" : "13.18",
      "p" : "3.7932",
      "s" : "sell",
      "i" : "DOT_USDT",
      "m" : "4611686018436284196"
    }, {
      "d" : "1756460627712433981",
      "t" : 1756460627712,
      "tn" : 1756460627712433981,
      "q" : "65.90",
      "p" : "3.7932",
      "s" : "sell",
      "i" : "DOT_USDT",
      "m" : "4611686018436284196"
    }, {
      "d" : "1756460608477098994",
      "t" : 1756460608477,
      "tn" : 1756460608477098994,
      "q" : "0.31",
      "p" : "3.7926",
      "s" : "buy",
      "i" : "DOT_USDT",
      "m" : "4611686018436284195"
    }, {
      "d" : "1756460608385396838",
      "t" : 1756460608385,
      "tn" : 1756460608385396838,
      "q" : "0.31",
      "p" : "3.7926",
      "s" : "buy",
      "i" : "DOT_USDT",
      "m" : "4611686018436284194"
    }, {
      "d" : "1756460608176787379",
      "t" : 1756460608176,
      "tn" : 1756460608176787379,
      "q" : "0.31",
      "p" : "3.7926",
      "s" : "buy",
      "i" : "DOT_USDT",
      "m" : "4611686018436284193"
    }, {
      "d" : "1756460607798489510",
      "t" : 1756460607798,
      "tn" : 1756460607798489510,
      "q" : "0.31",
      "p" : "3.7926",
      "s" : "buy",
      "i" : "DOT_USDT",
      "m" : "4611686018436284192"
    }, {
      "d" : "1756460573773027976",
      "t" : 1756460573773,
      "tn" : 1756460573773027975,
      "q" : "85.08",
      "p" : "3.7884",
      "s" : "sell",
      "i" : "DOT_USDT",
      "m" : "4611686018436284191"
    }, {
      "d" : "1756460573773027975",
      "t" : 1756460573773,
      "tn" : 1756460573773027975,
      "q" : "0.31",
      "p" : "3.7884",
      "s" : "sell",
      "i" : "DOT_USDT",
      "m" : "4611686018436284191"
    }, {
      "d" : "1756460573671650131",
      "t" : 1756460573671,
      "tn" : 1756460573671650131,
      "q" : "0.31",
      "p" : "3.7894",
      "s" : "sell",
      "i" : "DOT_USDT",
      "m" : "4611686018436284190"
    }, {
      "d" : "1756460525439828480",
      "t" : 1756460525439,
      "tn" : 1756460525439828480,
      "q" : "13.23",
      "p" : "3.7920",
      "s" : "buy",
      "i" : "DOT_USDT",
      "m" : "4611686018436284189"
    }, {
      "d" : "1756460525438209488",
      "t" : 1756460525438,
      "tn" : 1756460525438209488,
      "q" : "39.57",
      "p" : "3.7917",
      "s" : "buy",
      "i" : "DOT_USDT",
      "m" : "4611686018436284188"
    }, {
      "d" : "1756460525434489770",
      "t" : 1756460525434,
      "tn" : 1756460525434489770,
      "q" : "13.19",
      "p" : "3.7913",
      "s" : "buy",
      "i" : "DOT_USDT",
      "m" : "4611686018436284187"
    }, {
      "d" : "1756460525434488976",
      "t" : 1756460525434,
      "tn" : 1756460525434488976,
      "q" : "0.31",
      "p" : "3.7906",
      "s" : "buy",
      "i" : "DOT_USDT",
      "m" : "4611686018436284186"
    }, {
      "d" : "1756460468388228798",
      "t" : 1756460468388,
      "tn" : 1756460468388228798,
      "q" : "0.31",
      "p" : "3.7906",
      "s" : "buy",
      "i" : "DOT_USDT",
      "m" : "4611686018436284185"
    }, {
      "d" : "1756460454266078018",
      "t" : 1756460454266,
      "tn" : 1756460454266078018,
      "q" : "0.31",
      "p" : "3.7896",
      "s" : "buy",
      "i" : "DOT_USDT",
      "m" : "4611686018436284184"
    }, {
      "d" : "1756460454159873908",
      "t" : 1756460454159,
      "tn" : 1756460454159873908,
      "q" : "0.31",
      "p" : "3.7896",
      "s" : "buy",
      "i" : "DOT_USDT",
      "m" : "4611686018436284183"
    }, {
      "d" : "1756460454060263065",
      "t" : 1756460454060,
      "tn" : 1756460454060263065,
      "q" : "0.31",
      "p" : "3.7896",
      "s" : "buy",
      "i" : "DOT_USDT",
      "m" : "4611686018436284182"
    }, {
      "d" : "1756460442311619528",
      "t" : 1756460442311,
      "tn" : 1756460442311619528,
      "q" : "0.31",
      "p" : "3.7886",
      "s" : "buy",
      "i" : "DOT_USDT",
      "m" : "4611686018436284181"
    }, {
      "d" : "1756460441735966786",
      "t" : 1756460441735,
      "tn" : 1756460441735966786,
      "q" : "0.31",
      "p" : "3.7886",
      "s" : "buy",
      "i" : "DOT_USDT",
      "m" : "4611686018436284180"
    }, {
      "d" : "1756460441711763751",
      "t" : 1756460441711,
      "tn" : 1756460441711763751,
      "q" : "0.31",
      "p" : "3.7886",
      "s" : "buy",
      "i" : "DOT_USDT",
      "m" : "4611686018436284179"
    }, {
      "d" : "1756460441595324495",
      "t" : 1756460441595,
      "tn" : 1756460441595324495,
      "q" : "0.31",
      "p" : "3.7886",
      "s" : "buy",
      "i" : "DOT_USDT",
      "m" : "4611686018436284178"
    }, {
      "d" : "1756460411280680370",
      "t" : 1756460411280,
      "tn" : 1756460411280680370,
      "q" : "0.31",
      "p" : "3.7896",
      "s" : "buy",
      "i" : "DOT_USDT",
      "m" : "4611686018436284177"
    }, {
      "d" : "1756460411231385098",
      "t" : 1756460411231,
      "tn" : 1756460411231385098,
      "q" : "0.31",
      "p" : "3.7896",
      "s" : "buy",
      "i" : "DOT_USDT",
      "m" : "4611686018436284176"
    }, {
      "d" : "1756460411209110108",
      "t" : 1756460411209,
      "tn" : 1756460411209110108,
      "q" : "0.31",
      "p" : "3.7896",
      "s" : "buy",
      "i" : "DOT_USDT",
      "m" : "4611686018436284175"
    }, {
      "d" : "1756460411190948086",
      "t" : 1756460411190,
      "tn" : 1756460411190948086,
      "q" : "0.31",
      "p" : "3.7896",
      "s" : "buy",
      "i" : "DOT_USDT",
      "m" : "4611686018436284174"
    }, {
      "d" : "1756460411151264161",
      "t" : 1756460411151,
      "tn" : 1756460411151264161,
      "q" : "0.31",
      "p" : "3.7896",
      "s" : "buy",
      "i" : "DOT_USDT",
      "m" : "4611686018436284173"
    }, {
      "d" : "1756460408538425410",
      "t" : 1756460408538,
      "tn" : 1756460408538425410,
      "q" : "28.59",
      "p" : "3.7895",
      "s" : "buy",
      "i" : "DOT_USDT",
      "m" : "4611686018436284172"
    }, {
      "d" : "1756460408538423152",
      "t" : 1756460408538,
      "tn" : 1756460408538423152,
      "q" : "0.31",
      "p" : "3.7886",
      "s" : "buy",
      "i" : "DOT_USDT",
      "m" : "4611686018436284171"
    }, {
      "d" : "1756460407714537266",
      "t" : 1756460407714,
      "tn" : 1756460407714537266,
      "q" : "28.65",
      "p" : "3.7895",
      "s" : "buy",
      "i" : "DOT_USDT",
      "m" : "4611686018436284170"
    }, {
      "d" : "1756460407714535180",
      "t" : 1756460407714,
      "tn" : 1756460407714535180,
      "q" : "0.31",
      "p" : "3.7886",
      "s" : "buy",
      "i" : "DOT_USDT",
      "m" : "4611686018436284169"
    }, {
      "d" : "1756460406843630819",
      "t" : 1756460406843,
      "tn" : 1756460406843630819,
      "q" : "23.06",
      "p" : "3.7886",
      "s" : "buy",
      "i" : "DOT_USDT",
      "m" : "4611686018436284168"
    }, {
      "d" : "1756460406625749006",
      "t" : 1756460406625,
      "tn" : 1756460406625749006,
      "q" : "28.96",
      "p" : "3.7886",
      "s" : "buy",
      "i" : "DOT_USDT",
      "m" : "4611686018436284167"
    }, {
      "d" : "1756460301859575466",
      "t" : 1756460301859,
      "tn" : 1756460301859575466,
      "q" : "0.31",
      "p" : "3.7924",
      "s" : "sell",
      "i" : "DOT_USDT",
      "m" : "4611686018436284166"
    }, {
      "d" : "1756460173858314127",
      "t" : 1756460173858,
      "tn" : 1756460173858314127,
      "q" : "0.31",
      "p" : "3.7864",
      "s" : "sell",
      "i" : "DOT_USDT",
      "m" : "4611686018436284165"
    }, {
      "d" : "1756460167130288068",
      "t" : 1756460167130,
      "tn" : 1756460167130288068,
      "q" : "65.98",
      "p" : "3.7877",
      "s" : "sell",
      "i" : "DOT_USDT",
      "m" : "4611686018436284164"
    }, {
      "d" : "1756460167130286905",
      "t" : 1756460167130,
      "tn" : 1756460167130286905,
      "q" : "0.31",
      "p" : "3.7884",
      "s" : "sell",
      "i" : "DOT_USDT",
      "m" : "4611686018436284163"
    }, {
      "d" : "1756459944913758229",
      "t" : 1756459944913,
      "tn" : 1756459944913758229,
      "q" : "0.31",
      "p" : "3.7844",
      "s" : "sell",
      "i" : "DOT_USDT",
      "m" : "4611686018436284162"
    }, {
      "d" : "1756459744676875274",
      "t" : 1756459744676,
      "tn" : 1756459744676875274,
      "q" : "388.72",
      "p" : "3.7890",
      "s" : "buy",
      "i" : "DOT_USDT",
      "m" : "4611686018436284161"
    }, {
      "d" : "1756459744676167695",
      "t" : 1756459744676,
      "tn" : 1756459744676167695,
      "q" : "135.67",
      "p" : "3.7890",
      "s" : "buy",
      "i" : "DOT_USDT",
      "m" : "4611686018436284160"
    }, {
      "d" : "1756459744676166473",
      "t" : 1756459744676,
      "tn" : 1756459744676166473,
      "q" : "0.31",
      "p" : "3.7876",
      "s" : "buy",
      "i" : "DOT_USDT",
      "m" : "4611686018436284159"
    }, {
      "d" : "1756459624909383871",
      "t" : 1756459624909,
      "tn" : 1756459624909383871,
      "q" : "0.31",
      "p" : "3.7874",
      "s" : "sell",
      "i" : "DOT_USDT",
      "m" : "4611686018436284158"
    }, {
      "d" : "1756459554472466170",
      "t" : 1756459554472,
      "tn" : 1756459554472466169,
      "q" : "5.81",
      "p" : "3.7944",
      "s" : "sell",
      "i" : "DOT_USDT",
      "m" : "4611686018436284157"
    }, {
      "d" : "1756459551680526074",
      "t" : 1756459551680,
      "tn" : 1756459551680526074,
      "q" : "141.74",
      "p" : "3.7946",
      "s" : "sell",
      "i" : "DOT_USDT",
      "m" : "4611686018436284156"
    }, {
      "d" : "1756459332355209469",
      "t" : 1756459332355,
      "tn" : 1756459332355209469,
      "q" : "141.75",
      "p" : "3.7910",
      "s" : "sell",
      "i" : "DOT_USDT",
      "m" : "4611686018436284155"
    }, {
      "d" : "1756459332354599454",
      "t" : 1756459332354,
      "tn" : 1756459332354599454,
      "q" : "141.75",
      "p" : "3.7910",
      "s" : "sell",
      "i" : "DOT_USDT",
      "m" : "4611686018436284154"
    }, {
      "d" : "1756459327746180530",
      "t" : 1756459327746,
      "tn" : 1756459327746180530,
      "q" : "0.31",
      "p" : "3.7914",
      "s" : "sell",
      "i" : "DOT_USDT",
      "m" : "4611686018436284153"
    }, {
      "d" : "1756459305283563169",
      "t" : 1756459305283,
      "tn" : 1756459305283563169,
      "q" : "10.35",
      "p" : "3.7924",
      "s" : "buy",
      "i" : "DOT_USDT",
      "m" : "4611686018436284152"
    }, {
      "d" : "1756459260118603118",
      "t" : 1756459260118,
      "tn" : 1756459260118603118,
      "q" : "141.75",
      "p" : "3.7895",
      "s" : "sell",
      "i" : "DOT_USDT",
      "m" : "4611686018436284151"
    }, {
      "d" : "1756459248416341499",
      "t" : 1756459248416,
      "tn" : 1756459248416341499,
      "q" : "0.31",
      "p" : "3.7904",
      "s" : "sell",
      "i" : "DOT_USDT",
      "m" : "4611686018436284150"
    }, {
      "d" : "1756459183546054245",
      "t" : 1756459183546,
      "tn" : 1756459183546054245,
      "q" : "0.31",
      "p" : "3.7876",
      "s" : "buy",
      "i" : "DOT_USDT",
      "m" : "4611686018436284149"
    }, {
      "d" : "1756459168287870009",
      "t" : 1756459168287,
      "tn" : 1756459168287870009,
      "q" : "0.31",
      "p" : "3.7826",
      "s" : "buy",
      "i" : "DOT_USDT",
      "m" : "4611686018436284148"
    }, {
      "d" : "1756459131356974108",
      "t" : 1756459131356,
      "tn" : 1756459131356974108,
      "q" : "0.31",
      "p" : "3.7784",
      "s" : "sell",
      "i" : "DOT_USDT",
      "m" : "4611686018436284147"
    }, {
      "d" : "1756459099820159612",
      "t" : 1756459099820,
      "tn" : 1756459099820159612,
      "q" : "0.31",
      "p" : "3.7786",
      "s" : "buy",
      "i" : "DOT_USDT",
      "m" : "4611686018436284146"
    }, {
      "d" : "1756459086050270024",
      "t" : 1756459086050,
      "tn" : 1756459086050270024,
      "q" : "0.31",
      "p" : "3.7756",
      "s" : "buy",
      "i" : "DOT_USDT",
      "m" : "4611686018436284145"
    }, {
      "d" : "1756459025733363896",
      "t" : 1756459025733,
      "tn" : 1756459025733363896,
      "q" : "0.31",
      "p" : "3.7736",
      "s" : "buy",
      "i" : "DOT_USDT",
      "m" : "4611686018436284144"
    }, {
      "d" : "1756459024837409098",
      "t" : 1756459024837,
      "tn" : 1756459024837409098,
      "q" : "0.31",
      "p" : "3.7744",
      "s" : "sell",
      "i" : "DOT_USDT",
      "m" : "4611686018436284143"
    }, {
      "d" : "1756459022098745641",
      "t" : 1756459022098,
      "tn" : 1756459022098745641,
      "q" : "0.31",
      "p" : "3.7746",
      "s" : "buy",
      "i" : "DOT_USDT",
      "m" : "4611686018436284142"
    }, {
      "d" : "1756459020949275910",
      "t" : 1756459020949,
      "tn" : 1756459020949275910,
      "q" : "0.31",
      "p" : "3.7736",
      "s" : "buy",
      "i" : "DOT_USDT",
      "m" : "4611686018436284141"
    }, {
      "d" : "1756459020916418823",
      "t" : 1756459020916,
      "tn" : 1756459020916418823,
      "q" : "0.31",
      "p" : "3.7736",
      "s" : "buy",
      "i" : "DOT_USDT",
      "m" : "4611686018436284140"
    }, {
      "d" : "1756459016975657968",
      "t" : 1756459016975,
      "tn" : 1756459016975657968,
      "q" : "0.31",
      "p" : "3.7746",
      "s" : "buy",
      "i" : "DOT_USDT",
      "m" : "4611686018436284139"
    }, {
      "d" : "1756458981359831509",
      "t" : 1756458981359,
      "tn" : 1756458981359831509,
      "q" : "0.31",
      "p" : "3.7716",
      "s" : "buy",
      "i" : "DOT_USDT",
      "m" : "4611686018436284138"
    }, {
      "d" : "1756458981155919255",
      "t" : 1756458981155,
      "tn" : 1756458981155919255,
      "q" : "0.31",
      "p" : "3.7716",
      "s" : "buy",
      "i" : "DOT_USDT",
      "m" : "4611686018436284137"
    }, {
      "d" : "1756458961479013247",
      "t" : 1756458961479,
      "tn" : 1756458961479013247,
      "q" : "0.31",
      "p" : "3.7696",
      "s" : "buy",
      "i" : "DOT_USDT",
      "m" : "4611686018436284136"
    }, {
      "d" : "1756458933241405502",
      "t" : 1756458933241,
      "tn" : 1756458933241405502,
      "q" : "28.47",
      "p" : "3.7683",
      "s" : "buy",
      "i" : "DOT_USDT",
      "m" : "4611686018436284135"
    }, {
      "d" : "1756458919267868138",
      "t" : 1756458919267,
      "tn" : 1756458919267868138,
      "q" : "0.31",
      "p" : "3.7666",
      "s" : "buy",
      "i" : "DOT_USDT",
      "m" : "4611686018436284134"
    }, {
      "d" : "1756458914961667539",
      "t" : 1756458914961,
      "tn" : 1756458914961667539,
      "q" : "0.31",
      "p" : "3.7674",
      "s" : "sell",
      "i" : "DOT_USDT",
      "m" : "4611686018436284133"
    }, {
      "d" : "1756458914768825560",
      "t" : 1756458914768,
      "tn" : 1756458914768825560,
      "q" : "0.31",
      "p" : "3.7684",
      "s" : "sell",
      "i" : "DOT_USDT",
      "m" : "4611686018436284132"
    }, {
      "d" : "1756458914745489510",
      "t" : 1756458914745,
      "tn" : 1756458914745489510,
      "q" : "0.31",
      "p" : "3.7684",
      "s" : "sell",
      "i" : "DOT_USDT",
      "m" : "4611686018436284131"
    }, {
      "d" : "1756458914664858901",
      "t" : 1756458914664,
      "tn" : 1756458914664858901,
      "q" : "0.31",
      "p" : "3.7684",
      "s" : "sell",
      "i" : "DOT_USDT",
      "m" : "4611686018436284130"
    }, {
      "d" : "1756458914207045219",
      "t" : 1756458914207,
      "tn" : 1756458914207045219,
      "q" : "0.31",
      "p" : "3.7684",
      "s" : "sell",
      "i" : "DOT_USDT",
      "m" : "4611686018436284129"
    }, {
      "d" : "1756458913308913696",
      "t" : 1756458913308,
      "tn" : 1756458913308913696,
      "q" : "0.31",
      "p" : "3.7684",
      "s" : "sell",
      "i" : "DOT_USDT",
      "m" : "4611686018436284128"
    }, {
      "d" : "1756458913198130717",
      "t" : 1756458913198,
      "tn" : 1756458913198130717,
      "q" : "0.31",
      "p" : "3.7684",
      "s" : "sell",
      "i" : "DOT_USDT",
      "m" : "4611686018436284127"
    }, {
      "d" : "1756458913055306160",
      "t" : 1756458913055,
      "tn" : 1756458913055306160,
      "q" : "0.31",
      "p" : "3.7684",
      "s" : "sell",
      "i" : "DOT_USDT",
      "m" : "4611686018436284126"
    }, {
      "d" : "1756458911441336141",
      "t" : 1756458911441,
      "tn" : 1756458911441336141,
      "q" : "0.31",
      "p" : "3.7704",
      "s" : "sell",
      "i" : "DOT_USDT",
      "m" : "4611686018436284125"
    }, {
      "d" : "1756458907833694685",
      "t" : 1756458907833,
      "tn" : 1756458907833694685,
      "q" : "0.31",
      "p" : "3.7704",
      "s" : "sell",
      "i" : "DOT_USDT",
      "m" : "4611686018436284124"
    }, {
      "d" : "1756458907798945111",
      "t" : 1756458907798,
      "tn" : 1756458907798945111,
      "q" : "0.31",
      "p" : "3.7704",
      "s" : "sell",
      "i" : "DOT_USDT",
      "m" : "4611686018436284123"
    }, {
      "d" : "1756458880336359643",
      "t" : 1756458880336,
      "tn" : 1756458880336359643,
      "q" : "0.31",
      "p" : "3.7694",
      "s" : "sell",
      "i" : "DOT_USDT",
      "m" : "4611686018436284122"
    }, {
      "d" : "1756458879646086662",
      "t" : 1756458879646,
      "tn" : 1756458879646086662,
      "q" : "0.31",
      "p" : "3.7694",
      "s" : "sell",
      "i" : "DOT_USDT",
      "m" : "4611686018436284121"
    }, {
      "d" : "1756458878243489666",
      "t" : 1756458878243,
      "tn" : 1756458878243489666,
      "q" : "0.31",
      "p" : "3.7704",
      "s" : "sell",
      "i" : "DOT_USDT",
      "m" : "4611686018436284120"
    }, {
      "d" : "1756458877770874362",
      "t" : 1756458877770,
      "tn" : 1756458877770874362,
      "q" : "0.31",
      "p" : "3.7704",
      "s" : "sell",
      "i" : "DOT_USDT",
      "m" : "4611686018436284119"
    }, {
      "d" : "1756458847866181152",
      "t" : 1756458847866,
      "tn" : 1756458847866181152,
      "q" : "0.31",
      "p" : "3.7704",
      "s" : "sell",
      "i" : "DOT_USDT",
      "m" : "4611686018436284118"
    }, {
      "d" : "1756458765579342846",
      "t" : 1756458765579,
      "tn" : 1756458765579342846,
      "q" : "0.31",
      "p" : "3.7714",
      "s" : "sell",
      "i" : "DOT_USDT",
      "m" : "4611686018436284117"
    }, {
      "d" : "1756458738491558432",
      "t" : 1756458738491,
      "tn" : 1756458738491558432,
      "q" : "0.31",
      "p" : "3.7704",
      "s" : "sell",
      "i" : "DOT_USDT",
      "m" : "4611686018436284116"
    }, {
      "d" : "1756458678136543461",
      "t" : 1756458678136,
      "tn" : 1756458678136543461,
      "q" : "0.31",
      "p" : "3.7644",
      "s" : "sell",
      "i" : "DOT_USDT",
      "m" : "4611686018436284115"
    }, {
      "d" : "1756458678109688165",
      "t" : 1756458678109,
      "tn" : 1756458678109688165,
      "q" : "0.31",
      "p" : "3.7644",
      "s" : "sell",
      "i" : "DOT_USDT",
      "m" : "4611686018436284114"
    }, {
      "d" : "1756458676714699445",
      "t" : 1756458676714,
      "tn" : 1756458676714699445,
      "q" : "0.31",
      "p" : "3.7654",
      "s" : "sell",
      "i" : "DOT_USDT",
      "m" : "4611686018436284113"
    }, {
      "d" : "1756458675377476234",
      "t" : 1756458675377,
      "tn" : 1756458675377476234,
      "q" : "0.31",
      "p" : "3.7664",
      "s" : "sell",
      "i" : "DOT_USDT",
      "m" : "4611686018436284112"
    }, {
      "d" : "1756458675368489313",
      "t" : 1756458675368,
      "tn" : 1756458675368489313,
      "q" : "0.31",
      "p" : "3.7664",
      "s" : "sell",
      "i" : "DOT_USDT",
      "m" : "4611686018436284111"
    }, {
      "d" : "1756458675326686115",
      "t" : 1756458675326,
      "tn" : 1756458675326686115,
      "q" : "0.31",
      "p" : "3.7664",
      "s" : "sell",
      "i" : "DOT_USDT",
      "m" : "4611686018436284110"
    }, {
      "d" : "1756458675275223233",
      "t" : 1756458675275,
      "tn" : 1756458675275223233,
      "q" : "0.31",
      "p" : "3.7664",
      "s" : "sell",
      "i" : "DOT_USDT",
      "m" : "4611686018436284109"
    }, {
      "d" : "1756458675087996984",
      "t" : 1756458675087,
      "tn" : 1756458675087996984,
      "q" : "0.31",
      "p" : "3.7674",
      "s" : "sell",
      "i" : "DOT_USDT",
      "m" : "4611686018436284108"
    }, {
      "d" : "1756458675081251808",
      "t" : 1756458675081,
      "tn" : 1756458675081251808,
      "q" : "0.31",
      "p" : "3.7674",
      "s" : "sell",
      "i" : "DOT_USDT",
      "m" : "4611686018436284107"
    }, {
      "d" : "1756458675063472247",
      "t" : 1756458675063,
      "tn" : 1756458675063472247,
      "q" : "0.31",
      "p" : "3.7674",
      "s" : "sell",
      "i" : "DOT_USDT",
      "m" : "4611686018436284106"
    }, {
      "d" : "1756458650723636147",
      "t" : 1756458650723,
      "tn" : 1756458650723636147,
      "q" : "0.31",
      "p" : "3.7634",
      "s" : "sell",
      "i" : "DOT_USDT",
      "m" : "4611686018436284105"
    }, {
      "d" : "1756458636420053050",
      "t" : 1756458636420,
      "tn" : 1756458636420053050,
      "q" : "0.31",
      "p" : "3.7614",
      "s" : "sell",
      "i" : "DOT_USDT",
      "m" : "4611686018436284104"
    }, {
      "d" : "1756458635811932564",
      "t" : 1756458635811,
      "tn" : 1756458635811932564,
      "q" : "0.31",
      "p" : "3.7614",
      "s" : "sell",
      "i" : "DOT_USDT",
      "m" : "4611686018436284103"
    }, {
      "d" : "1756458635492749893",
      "t" : 1756458635492,
      "tn" : 1756458635492749893,
      "q" : "0.31",
      "p" : "3.7614",
      "s" : "sell",
      "i" : "DOT_USDT",
      "m" : "4611686018436284102"
    }, {
      "d" : "1756458635445528660",
      "t" : 1756458635445,
      "tn" : 1756458635445528660,
      "q" : "0.31",
      "p" : "3.7614",
      "s" : "sell",
      "i" : "DOT_USDT",
      "m" : "4611686018436284101"
    }, {
      "d" : "1756458634634414195",
      "t" : 1756458634634,
      "tn" : 1756458634634414195,
      "q" : "0.31",
      "p" : "3.7624",
      "s" : "sell",
      "i" : "DOT_USDT",
      "m" : "4611686018436284100"
    }, {
      "d" : "1756458634610206977",
      "t" : 1756458634610,
      "tn" : 1756458634610206977,
      "q" : "0.31",
      "p" : "3.7624",
      "s" : "sell",
      "i" : "DOT_USDT",
      "m" : "4611686018436284099"
    }, {
      "d" : "1756458634597196955",
      "t" : 1756458634597,
      "tn" : 1756458634597196955,
      "q" : "0.31",
      "p" : "3.7624",
      "s" : "sell",
      "i" : "DOT_USDT",
      "m" : "4611686018436284098"
    }, {
      "d" : "1756458621292186340",
      "t" : 1756458621292,
      "tn" : 1756458621292186340,
      "q" : "0.31",
      "p" : "3.7634",
      "s" : "sell",
      "i" : "DOT_USDT",
      "m" : "4611686018436284097"
    }, {
      "d" : "1756458618357196442",
      "t" : 1756458618357,
      "tn" : 1756458618357196442,
      "q" : "0.31",
      "p" : "3.7634",
      "s" : "sell",
      "i" : "DOT_USDT",
      "m" : "4611686018436284096"
    }, {
      "d" : "1756458589444771156",
      "t" : 1756458589444,
      "tn" : 1756458589444771156,
      "q" : "0.31",
      "p" : "3.7644",
      "s" : "sell",
      "i" : "DOT_USDT",
      "m" : "4611686018436284095"
    }, {
      "d" : "1756458589353724670",
      "t" : 1756458589353,
      "tn" : 1756458589353724670,
      "q" : "0.31",
      "p" : "3.7644",
      "s" : "sell",
      "i" : "DOT_USDT",
      "m" : "4611686018436284094"
    }, {
      "d" : "1756458589311906690",
      "t" : 1756458589311,
      "tn" : 1756458589311906690,
      "q" : "0.31",
      "p" : "3.7644",
      "s" : "sell",
      "i" : "DOT_USDT",
      "m" : "4611686018436284093"
    }, {
      "d" : "1756458587277400067",
      "t" : 1756458587277,
      "tn" : 1756458587277400067,
      "q" : "0.31",
      "p" : "3.7654",
      "s" : "sell",
      "i" : "DOT_USDT",
      "m" : "4611686018436284092"
    }, {
      "d" : "1756458587160078312",
      "t" : 1756458587160,
      "tn" : 1756458587160078312,
      "q" : "0.31",
      "p" : "3.7654",
      "s" : "sell",
      "i" : "DOT_USDT",
      "m" : "4611686018436284091"
    }, {
      "d" : "1756458586616030170",
      "t" : 1756458586616,
      "tn" : 1756458586616030170,
      "q" : "0.31",
      "p" : "3.7654",
      "s" : "sell",
      "i" : "DOT_USDT",
      "m" : "4611686018436284090"
    }, {
      "d" : "1756458584419571494",
      "t" : 1756458584419,
      "tn" : 1756458584419571494,
      "q" : "0.31",
      "p" : "3.7654",
      "s" : "sell",
      "i" : "DOT_USDT",
      "m" : "4611686018436284089"
    }, {
      "d" : "1756458576082413706",
      "t" : 1756458576082,
      "tn" : 1756458576082413706,
      "q" : "0.31",
      "p" : "3.7664",
      "s" : "sell",
      "i" : "DOT_USDT",
      "m" : "4611686018436284088"
    }, {
      "d" : "1756458568529839076",
      "t" : 1756458568529,
      "tn" : 1756458568529839076,
      "q" : "0.31",
      "p" : "3.7654",
      "s" : "sell",
      "i" : "DOT_USDT",
      "m" : "4611686018436284087"
    }, {
      "d" : "1756458568478675206",
      "t" : 1756458568478,
      "tn" : 1756458568478675206,
      "q" : "0.31",
      "p" : "3.7654",
      "s" : "sell",
      "i" : "DOT_USDT",
      "m" : "4611686018436284086"
    }, {
      "d" : "1756458568419171505",
      "t" : 1756458568419,
      "tn" : 1756458568419171505,
      "q" : "0.31",
      "p" : "3.7654",
      "s" : "sell",
      "i" : "DOT_USDT",
      "m" : "4611686018436284085"
    }, {
      "d" : "1756458567115604252",
      "t" : 1756458567115,
      "tn" : 1756458567115604252,
      "q" : "0.31",
      "p" : "3.7654",
      "s" : "sell",
      "i" : "DOT_USDT",
      "m" : "4611686018436284084"
    }, {
      "d" : "1756458567070770437",
      "t" : 1756458567070,
      "tn" : 1756458567070770437,
      "q" : "0.31",
      "p" : "3.7654",
      "s" : "sell",
      "i" : "DOT_USDT",
      "m" : "4611686018436284083"
    }, {
      "d" : "1756458566962723507",
      "t" : 1756458566962,
      "tn" : 1756458566962723507,
      "q" : "0.31",
      "p" : "3.7664",
      "s" : "sell",
      "i" : "DOT_USDT",
      "m" : "4611686018436284082"
    }, {
      "d" : "1756458566954829366",
      "t" : 1756458566954,
      "tn" : 1756458566954829366,
      "q" : "0.31",
      "p" : "3.7664",
      "s" : "sell",
      "i" : "DOT_USDT",
      "m" : "4611686018436284081"
    }, {
      "d" : "1756458544814387203",
      "t" : 1756458544814,
      "tn" : 1756458544814387203,
      "q" : "0.31",
      "p" : "3.7664",
      "s" : "sell",
      "i" : "DOT_USDT",
      "m" : "4611686018436284080"
    }, {
      "d" : "1756458502568328842",
      "t" : 1756458502568,
      "tn" : 1756458502568328841,
      "q" : "85.11",
      "p" : "3.7584",
      "s" : "sell",
      "i" : "DOT_USDT",
      "m" : "4611686018436284079"
    }, {
      "d" : "1756458502568328841",
      "t" : 1756458502568,
      "tn" : 1756458502568328841,
      "q" : "0.31",
      "p" : "3.7584",
      "s" : "sell",
      "i" : "DOT_USDT",
      "m" : "4611686018436284079"
    }, {
      "d" : "1756458502437707944",
      "t" : 1756458502437,
      "tn" : 1756458502437707944,
      "q" : "0.31",
      "p" : "3.7584",
      "s" : "sell",
      "i" : "DOT_USDT",
      "m" : "4611686018436284078"
    }, {
      "d" : "1756458502355943602",
      "t" : 1756458502355,
      "tn" : 1756458502355943602,
      "q" : "0.31",
      "p" : "3.7594",
      "s" : "sell",
      "i" : "DOT_USDT",
      "m" : "4611686018436284077"
    }, {
      "d" : "1756458487494647549",
      "t" : 1756458487494,
      "tn" : 1756458487494647549,
      "q" : "0.31",
      "p" : "3.7574",
      "s" : "sell",
      "i" : "DOT_USDT",
      "m" : "4611686018436284076"
    }, {
      "d" : "1756458461139727188",
      "t" : 1756458461139,
      "tn" : 1756458461139727188,
      "q" : "0.31",
      "p" : "3.7584",
      "s" : "sell",
      "i" : "DOT_USDT",
      "m" : "4611686018436284075"
    }, {
      "d" : "1756458461053952032",
      "t" : 1756458461053,
      "tn" : 1756458461053952032,
      "q" : "0.31",
      "p" : "3.7584",
      "s" : "sell",
      "i" : "DOT_USDT",
      "m" : "4611686018436284074"
    }, {
      "d" : "1756458456006621741",
      "t" : 1756458456006,
      "tn" : 1756458456006621741,
      "q" : "99.96",
      "p" : "3.7587",
      "s" : "sell",
      "i" : "DOT_USDT",
      "m" : "4611686018436284073"
    }, {
      "d" : "1756458455933787734",
      "t" : 1756458455933,
      "tn" : 1756458455933787734,
      "q" : "0.31",
      "p" : "3.7604",
      "s" : "sell",
      "i" : "DOT_USDT",
      "m" : "4611686018436284072"
    }, {
      "d" : "1756458348144923975",
      "t" : 1756458348144,
      "tn" : 1756458348144923975,
      "q" : "0.31",
      "p" : "3.7676",
      "s" : "buy",
      "i" : "DOT_USDT",
      "m" : "4611686018436284071"
    }, {
      "d" : "1756458318931925204",
      "t" : 1756458318931,
      "tn" : 1756458318931925204,
      "q" : "0.31",
      "p" : "3.7656",
      "s" : "buy",
      "i" : "DOT_USDT",
      "m" : "4611686018436284070"
    }, {
      "d" : "1756458276174263040",
      "t" : 1756458276174,
      "tn" : 1756458276174263040,
      "q" : "141.75",
      "p" : "3.7595",
      "s" : "sell",
      "i" : "DOT_USDT",
      "m" : "4611686018436284069"
    }, {
      "d" : "1756458276173770817",
      "t" : 1756458276173,
      "tn" : 1756458276173770817,
      "q" : "141.75",
      "p" : "3.7595",
      "s" : "sell",
      "i" : "DOT_USDT",
      "m" : "4611686018436284068"
    }, {
      "d" : "1756458276173765439",
      "t" : 1756458276173,
      "tn" : 1756458276173765439,
      "q" : "99.48",
      "p" : "3.7595",
      "s" : "sell",
      "i" : "DOT_USDT",
      "m" : "4611686018436284067"
    }, {
      "d" : "1756458245925092479",
      "t" : 1756458245925,
      "tn" : 1756458245925092479,
      "q" : "99.48",
      "p" : "3.7614",
      "s" : "buy",
      "i" : "DOT_USDT",
      "m" : "4611686018436284066"
    }, {
      "d" : "1756458245924409340",
      "t" : 1756458245924,
      "tn" : 1756458245924409340,
      "q" : "283.19",
      "p" : "3.7614",
      "s" : "buy",
      "i" : "DOT_USDT",
      "m" : "4611686018436284065"
    }, {
      "d" : "1756458245924406886",
      "t" : 1756458245924,
      "tn" : 1756458245924406886,
      "q" : "0.31",
      "p" : "3.7611",
      "s" : "buy",
      "i" : "DOT_USDT",
      "m" : "4611686018436284064"
    }, {
      "d" : "1756458216942940454",
      "t" : 1756458216942,
      "tn" : 1756458216942940454,
      "q" : "0.31",
      "p" : "3.7566",
      "s" : "buy",
      "i" : "DOT_USDT",
      "m" : "4611686018436284063"
    }, {
      "d" : "1756458200592646892",
      "t" : 1756458200592,
      "tn" : 1756458200592646892,
      "q" : "8.61",
      "p" : "3.7526",
      "s" : "sell",
      "i" : "DOT_USDT",
      "m" : "4611686018436284062"
    }, {
      "d" : "1756458200592221182",
      "t" : 1756458200592,
      "tn" : 1756458200592221182,
      "q" : "141.75",
      "p" : "3.7526",
      "s" : "sell",
      "i" : "DOT_USDT",
      "m" : "4611686018436284061"
    }, {
      "d" : "1756458200592131326",
      "t" : 1756458200592,
      "tn" : 1756458200592131326,
      "q" : "61.94",
      "p" : "3.7526",
      "s" : "sell",
      "i" : "DOT_USDT",
      "m" : "4611686018436284060"
    }, {
      "d" : "1756458200591629174",
      "t" : 1756458200591,
      "tn" : 1756458200591629174,
      "q" : "0.31",
      "p" : "3.7527",
      "s" : "sell",
      "i" : "DOT_USDT",
      "m" : "4611686018436284059"
    }, {
      "d" : "1756458200591557619",
      "t" : 1756458200591,
      "tn" : 1756458200591557619,
      "q" : "79.50",
      "p" : "3.7527",
      "s" : "sell",
      "i" : "DOT_USDT",
      "m" : "4611686018436284058"
    } ]
  }
}