{
  "id" : -1,
  "method" : "public/get-trades",
  "code" : 0,
  "result" : {
    "data" : [ {
      "d" : "1756460777942527762",
      "t" : 1756460777942,
      "tn" : 1756460777942527762,
      "q" : "0.31",
      "p" : "3.7984",
      "s" : "buy",
      "i" : "DOT_USD",
      "m" : "4611686018436211874"
    }, {
      "d" : "1756460777914852625",
      "t" : 1756460777914,
      "tn" : 1756460777914852625,
      "q" : "0.31",
      "p" : "3.7981",
      "s" : "buy",
      "i" : "DOT_USD",
      "m" : "4611686018436211873"
    }, {
      "d" : "1756460777781255364",
      "t" : 1756460777781,
      "tn" : 1756460777781255364,
      "q" : "0.31",
      "p" : "3.7976",
      "s" : "buy",
      "i" : "DOT_USD",
      "m" : "4611686018436211872"
    }, {
      "d" : "1756460777734547662",
      "t" : 1756460777734,
      "tn" : 1756460777734547662,
      "q" : "0.31",
      "p" : "3.7971",
      "s" : "buy",
      "i" : "DOT_USD",
      "m" : "4611686018436211871"
    }, {
      "d" : "1756460767906537763",
      "t" : 1756460767906,
      "tn" : 1756460767906537763,
      "q" : "0.31",
      "p" : "3.7980",
      "s" : "sell",
      "i" : "DOT_USD",
      "m" : "4611686018436211870"
    }, {
      "d" : "1756460749446308361",
      "t" : 1756460749446,
      "tn" : 1756460749446308361,
      "q" : "0.31",
      "p" : "3.7971",
      "s" : "buy",
      "i" : "DOT_USD",
      "m" : "4611686018436211869"
    }, {
      "d" : "1756460745768299515",
      "t" : 1756460745768,
      "tn" : 1756460745768299515,
      "q" : "0.31",
      "p" : "3.7961",
      "s" : "buy",
      "i" : "DOT_USD",
      "m" : "4611686018436211868"
    }, {
      "d" : "1756460745705323230",
      "t" : 1756460745705,
      "tn" : 1756460745705323229,
      "q" : "0.31",
      "p" : "3.7959",
      "s" : "buy",
      "i" : "DOT_USD",
      "m" : "4611686018436211867"
    }, {
      "d" : "1756460745705323229",
      "t" : 1756460745705,
      "tn" : 1756460745705323229,
      "q" : "4.38",
      "p" : "3.7959",
      "s" : "buy",
      "i" : "DOT_USD",
      "m" : "4611686018436211867"
    }, {
      "d" : "1756460739890916081",
      "t" : 1756460739890,
      "tn" : 1756460739890916081,
      "q" : "0.31",
      "p" : "3.7951",
      "s" : "buy",
      "i" : "DOT_USD",
      "m" : "4611686018436211866"
    }, {
      "d" : "1756460736449722116",
      "t" : 1756460736449,
      "tn" : 1756460736449722116,
      "q" : "0.31",
      "p" : "3.7944",
      "s" : "buy",
      "i" : "DOT_USD",
      "m" : "4611686018436211865"
    }, {
      "d" : "1756460735352597347",
      "t" : 1756460735352,
      "tn" : 1756460735352597347,
      "q" : "0.31",
      "p" : "3.7941",
      "s" : "buy",
      "i" : "DOT_USD",
      "m" : "4611686018436211864"
    }, {
      "d" : "1756460725947380630",
      "t" : 1756460725947,
      "tn" : 1756460725947380630,
      "q" : "0.31",
      "p" : "3.7921",
      "s" : "buy",
      "i" : "DOT_USD",
      "m" : "4611686018436211863"
    }, {
      "d" : "1756460712938952078",
      "t" : 1756460712938,
      "tn" : 1756460712938952078,
      "q" : "0.31",
      "p" : "3.7901",
      "s" : "buy",
      "i" : "DOT_USD",
      "m" : "4611686018436211862"
    }, {
      "d" : "1756460705213710993",
      "t" : 1756460705213,
      "tn" : 1756460705213710993,
      "q" : "0.31",
      "p" : "3.7910",
      "s" : "sell",
      "i" : "DOT_USD",
      "m" : "4611686018436211861"
    }, {
      "d" : "1756460653985932818",
      "t" : 1756460653985,
      "tn" : 1756460653985932818,
      "q" : "0.31",
      "p" : "3.7901",
      "s" : "buy",
      "i" : "DOT_USD",
      "m" : "4611686018436211860"
    }, {
      "d" : "1756460647993093442",
      "t" : 1756460647993,
      "tn" : 1756460647993093442,
      "q" : "0.31",
      "p" : "3.7920",
      "s" : "sell",
      "i" : "DOT_USD",
      "m" : "4611686018436211859"
    }, {
      "d" : "1756460640728248175",
      "t" : 1756460640728,
      "tn" : 1756460640728248175,
      "q" : "0.31",
      "p" : "3.7921",
      "s" : "buy",
      "i" : "DOT_USD",
      "m" : "4611686018436211858"
    }, {
      "d" : "1756460630435668780",
      "t" : 1756460630435,
      "tn" : 1756460630435668780,
      "q" : "0.31",
      "p" : "3.7920",
      "s" : "sell",
      "i" : "DOT_USD",
      "m" : "4611686018436211857"
    }, {
      "d" : "1756460629380861345",
      "t" : 1756460629380,
      "tn" : 1756460629380861345,
      "q" : "0.31",
      "p" : "3.7920",
      "s" : "sell",
      "i" : "DOT_USD",
      "m" : "4611686018436211856"
    }, {
      "d" : "1756460592375390971",
      "t" : 1756460592375,
      "tn" : 1756460592375390971,
      "q" : "0.31",
      "p" : "3.7914",
      "s" : "buy",
      "i" : "DOT_USD",
      "m" : "4611686018436211855"
    }, {
      "d" : "1756460592331919228",
      "t" : 1756460592331,
      "tn" : 1756460592331919228,
      "q" : "0.31",
      "p" : "3.7914",
      "s" : "buy",
      "i" : "DOT_USD",
      "m" : "4611686018436211854"
    }, {
      "d" : "1756460592106914534",
      "t" : 1756460592106,
      "tn" : 1756460592106914534,
      "q" : "0.31",
      "p" : "3.7911",
      "s" : "buy",
      "i" : "DOT_USD",
      "m" : "4611686018436211853"
    }, {
      "d" : "1756460590553721255",
      "t" : 1756460590553,
      "tn" : 1756460590553721255,
      "q" : "0.31",
      "p" : "3.7901",
      "s" : "buy",
      "i" : "DOT_USD",
      "m" : "4611686018436211852"
    }, {
      "d" : "1756460580093490539",
      "t" : 1756460580093,
      "tn" : 1756460580093490539,
      "q" : "0.31",
      "p" : "3.7891",
      "s" : "buy",
      "i" : "DOT_USD",
      "m" : "4611686018436211851"
    }, {
      "d" : "1756460573773023904",
      "t" : 1756460573773,
      "tn" : 1756460573773023904,
      "q" : "0.31",
      "p" : "3.7890",
      "s" : "sell",
      "i" : "DOT_USD",
      "m" : "4611686018436211850"
    }, {
      "d" : "1756460573684882072",
      "t" : 1756460573684,
      "tn" : 1756460573684882072,
      "q" : "0.31",
      "p" : "3.7890",
      "s" : "sell",
      "i" : "DOT_USD",
      "m" : "4611686018436211849"
    }, {
      "d" : "1756460573671591378",
      "t" : 1756460573671,
      "tn" : 1756460573671591378,
      "q" : "0.31",
      "p" : "3.7900",
      "s" : "sell",
      "i" : "DOT_USD",
      "m" : "4611686018436211848"
    }, {
      "d" : "1756460564120013635",
      "t" : 1756460564120,
      "tn" : 1756460564120013635,
      "q" : "0.31",
      "p" : "3.7900",
      "s" : "sell",
      "i" : "DOT_USD",
      "m" : "4611686018436211847"
    }, {
      "d" : "1756460556766660586",
      "t" : 1756460556766,
      "tn" : 1756460556766660586,
      "q" : "0.31",
      "p" : "3.7910",
      "s" : "sell",
      "i" : "DOT_USD",
      "m" : "4611686018436211846"
    }, {
      "d" : "1756460525520692173",
      "t" : 1756460525520,
      "tn" : 1756460525520692173,
      "q" : "0.31",
      "p" : "3.7921",
      "s" : "buy",
      "i" : "DOT_USD",
      "m" : "4611686018436211845"
    }, {
      "d" : "1756460525477856802",
      "t" : 1756460525477,
      "tn" : 1756460525477856802,
      "q" : "0.31",
      "p" : "3.7916",
      "s" : "buy",
      "i" : "DOT_USD",
      "m" : "4611686018436211844"
    }, {
      "d" : "1756460525452256579",
      "t" : 1756460525452,
      "tn" : 1756460525452256579,
      "q" : "0.31",
      "p" : "3.7914",
      "s" : "buy",
      "i" : "DOT_USD",
      "m" : "4611686018436211843"
    }, {
      "d" : "1756460525441802725",
      "t" : 1756460525441,
      "tn" : 1756460525441802725,
      "q" : "19.78",
      "p" : "3.7925",
      "s" : "buy",
      "i" : "DOT_USD",
      "m" : "4611686018436211842"
    }, {
      "d" : "1756460525434337259",
      "t" : 1756460525434,
      "tn" : 1756460525434337259,
      "q" : "9.89",
      "p" : "3.7919",
      "s" : "buy",
      "i" : "DOT_USD",
      "m" : "4611686018436211841"
    }, {
      "d" : "1756460525427492668",
      "t" : 1756460525427,
      "tn" : 1756460525427492668,
      "q" : "0.31",
      "p" : "3.7911",
      "s" : "buy",
      "i" : "DOT_USD",
      "m" : "4611686018436211840"
    }, {
      "d" : "1756460504212610936",
      "t" : 1756460504212,
      "tn" : 1756460504212610936,
      "q" : "0.31",
      "p" : "3.7911",
      "s" : "buy",
      "i" : "DOT_USD",
      "m" : "4611686018436211839"
    }, {
      "d" : "1756460502371527954",
      "t" : 1756460502371,
      "tn" : 1756460502371527954,
      "q" : "0.31",
      "p" : "3.7910",
      "s" : "sell",
      "i" : "DOT_USD",
      "m" : "4611686018436211838"
    }, {
      "d" : "1756460477925632285",
      "t" : 1756460477925,
      "tn" : 1756460477925632285,
      "q" : "0.31",
      "p" : "3.7931",
      "s" : "buy",
      "i" : "DOT_USD",
      "m" : "4611686018436211837"
    }, {
      "d" : "1756460472146954368",
      "t" : 1756460472146,
      "tn" : 1756460472146954368,
      "q" : "0.31",
      "p" : "3.7931",
      "s" : "buy",
      "i" : "DOT_USD",
      "m" : "4611686018436211836"
    }, {
      "d" : "1756460470221419863",
      "t" : 1756460470221,
      "tn" : 1756460470221419863,
      "q" : "0.31",
      "p" : "3.7921",
      "s" : "buy",
      "i" : "DOT_USD",
      "m" : "4611686018436211835"
    }, {
      "d" : "1756460454062348017",
      "t" : 1756460454062,
      "tn" : 1756460454062348017,
      "q" : "0.31",
      "p" : "3.7901",
      "s" : "buy",
      "i" : "DOT_USD",
      "m" : "4611686018436211834"
    }, {
      "d" : "1756460448041824043",
      "t" : 1756460448041,
      "tn" : 1756460448041824043,
      "q" : "4.86",
      "p" : "3.7913",
      "s" : "buy",
      "i" : "DOT_USD",
      "m" : "4611686018436211833"
    }, {
      "d" : "1756460448041822199",
      "t" : 1756460448041,
      "tn" : 1756460448041822199,
      "q" : "0.31",
      "p" : "3.7901",
      "s" : "buy",
      "i" : "DOT_USD",
      "m" : "4611686018436211832"
    }, {
      "d" : "1756460442326288445",
      "t" : 1756460442326,
      "tn" : 1756460442326288445,
      "q" : "0.31",
      "p" : "3.7894",
      "s" : "buy",
      "i" : "DOT_USD",
      "m" : "4611686018436211831"
    }, {
      "d" : "1756460441594655801",
      "t" : 1756460441594,
      "tn" : 1756460441594655801,
      "q" : "0.31",
      "p" : "3.7891",
      "s" : "buy",
      "i" : "DOT_USD",
      "m" : "4611686018436211830"
    }, {
      "d" : "1756460411281399073",
      "t" : 1756460411281,
      "tn" : 1756460411281399073,
      "q" : "0.31",
      "p" : "3.7904",
      "s" : "buy",
      "i" : "DOT_USD",
      "m" : "4611686018436211829"
    }, {
      "d" : "1756460411241369603",
      "t" : 1756460411241,
      "tn" : 1756460411241369603,
      "q" : "0.31",
      "p" : "3.7904",
      "s" : "buy",
      "i" : "DOT_USD",
      "m" : "4611686018436211828"
    }, {
      "d" : "1756460411231291623",
      "t" : 1756460411231,
      "tn" : 1756460411231291623,
      "q" : "0.31",
      "p" : "3.7904",
      "s" : "buy",
      "i" : "DOT_USD",
      "m" : "4611686018436211827"
    }, {
      "d" : "1756460411206312665",
      "t" : 1756460411206,
      "tn" : 1756460411206312665,
      "q" : "0.31",
      "p" : "3.7901",
      "s" : "buy",
      "i" : "DOT_USD",
      "m" : "4611686018436211826"
    }, {
      "d" : "1756460411163964324",
      "t" : 1756460411163,
      "tn" : 1756460411163964324,
      "q" : "0.31",
      "p" : "3.7901",
      "s" : "buy",
      "i" : "DOT_USD",
      "m" : "4611686018436211825"
    }, {
      "d" : "1756460409011634938",
      "t" : 1756460409011,
      "tn" : 1756460409011634938,
      "q" : "0.31",
      "p" : "3.7891",
      "s" : "buy",
      "i" : "DOT_USD",
      "m" : "4611686018436211824"
    }, {
      "d" : "1756460405069274278",
      "t" : 1756460405069,
      "tn" : 1756460405069274278,
      "q" : "0.31",
      "p" : "3.7900",
      "s" : "sell",
      "i" : "DOT_USD",
      "m" : "4611686018436211823"
    }, {
      "d" : "1756460403868063027",
      "t" : 1756460403868,
      "tn" : 1756460403868063027,
      "q" : "0.31",
      "p" : "3.7891",
      "s" : "buy",
      "i" : "DOT_USD",
      "m" : "4611686018436211822"
    }, {
      "d" : "1756460402369502755",
      "t" : 1756460402369,
      "tn" : 1756460402369502755,
      "q" : "0.31",
      "p" : "3.7891",
      "s" : "buy",
      "i" : "DOT_USD",
      "m" : "4611686018436211821"
    }, {
      "d" : "1756460381638262864",
      "t" : 1756460381638,
      "tn" : 1756460381638262864,
      "q" : "0.31",
      "p" : "3.7884",
      "s" : "buy",
      "i" : "DOT_USD",
      "m" : "4611686018436211820"
    }, {
      "d" : "1756460381519803858",
      "t" : 1756460381519,
      "tn" : 1756460381519803858,
      "q" : "0.31",
      "p" : "3.7881",
      "s" : "buy",
      "i" : "DOT_USD",
      "m" : "4611686018436211819"
    }, {
      "d" : "1756460380551094069",
      "t" : 1756460380551,
      "tn" : 1756460380551094069,
      "q" : "0.31",
      "p" : "3.7884",
      "s" : "buy",
      "i" : "DOT_USD",
      "m" : "4611686018436211818"
    }, {
      "d" : "1756460380408906413",
      "t" : 1756460380408,
      "tn" : 1756460380408906413,
      "q" : "0.31",
      "p" : "3.7881",
      "s" : "buy",
      "i" : "DOT_USD",
      "m" : "4611686018436211817"
    }, {
      "d" : "1756460362664160974",
      "t" : 1756460362664,
      "tn" : 1756460362664160974,
      "q" : "0.31",
      "p" : "3.7861",
      "s" : "buy",
      "i" : "DOT_USD",
      "m" : "4611686018436211816"
    }, {
      "d" : "1756460359288537068",
      "t" : 1756460359288,
      "tn" : 1756460359288537068,
      "q" : "0.31",
      "p" : "3.7870",
      "s" : "sell",
      "i" : "DOT_USD",
      "m" : "4611686018436211815"
    }, {
      "d" : "1756460349992074407",
      "t" : 1756460349992,
      "tn" : 1756460349992074407,
      "q" : "0.31",
      "p" : "3.7880",
      "s" : "sell",
      "i" : "DOT_USD",
      "m" : "4611686018436211814"
    }, {
      "d" : "1756460348265668290",
      "t" : 1756460348265,
      "tn" : 1756460348265668290,
      "q" : "0.31",
      "p" : "3.7890",
      "s" : "sell",
      "i" : "DOT_USD",
      "m" : "4611686018436211813"
    }, {
      "d" : "1756460340632688893",
      "t" : 1756460340632,
      "tn" : 1756460340632688893,
      "q" : "0.31",
      "p" : "3.7881",
      "s" : "buy",
      "i" : "DOT_USD",
      "m" : "4611686018436211812"
    }, {
      "d" : "1756460340620035723",
      "t" : 1756460340620,
      "tn" : 1756460340620035723,
      "q" : "0.31",
      "p" : "3.7881",
      "s" : "buy",
      "i" : "DOT_USD",
      "m" : "4611686018436211811"
    }, {
      "d" : "1756460340564164922",
      "t" : 1756460340564,
      "tn" : 1756460340564164922,
      "q" : "0.31",
      "p" : "3.7881",
      "s" : "buy",
      "i" : "DOT_USD",
      "m" : "4611686018436211810"
    }, {
      "d" : "1756460315227391788",
      "t" : 1756460315227,
      "tn" : 1756460315227391788,
      "q" : "0.31",
      "p" : "3.7900",
      "s" : "sell",
      "i" : "DOT_USD",
      "m" : "4611686018436211809"
    }, {
      "d" : "1756460301859570934",
      "t" : 1756460301859,
      "tn" : 1756460301859570934,
      "q" : "0.31",
      "p" : "3.7930",
      "s" : "sell",
      "i" : "DOT_USD",
      "m" : "4611686018436211808"
    }, {
      "d" : "1756460300951231672",
      "t" : 1756460300951,
      "tn" : 1756460300951231672,
      "q" : "0.31",
      "p" : "3.7930",
      "s" : "sell",
      "i" : "DOT_USD",
      "m" : "4611686018436211807"
    }, {
      "d" : "1756460288026968113",
      "t" : 1756460288026,
      "tn" : 1756460288026968113,
      "q" : "0.31",
      "p" : "3.7921",
      "s" : "buy",
      "i" : "DOT_USD",
      "m" : "4611686018436211806"
    }, {
      "d" : "1756460284670796364",
      "t" : 1756460284670,
      "tn" : 1756460284670796364,
      "q" : "0.31",
      "p" : "3.7914",
      "s" : "buy",
      "i" : "DOT_USD",
      "m" : "4611686018436211805"
    }, {
      "d" : "1756460284595491880",
      "t" : 1756460284595,
      "tn" : 1756460284595491880,
      "q" : "0.31",
      "p" : "3.7911",
      "s" : "buy",
      "i" : "DOT_USD",
      "m" : "4611686018436211804"
    }, {
      "d" : "1756460283520704305",
      "t" : 1756460283520,
      "tn" : 1756460283520704305,
      "q" : "0.31",
      "p" : "3.7911",
      "s" : "buy",
      "i" : "DOT_USD",
      "m" : "4611686018436211803"
    }, {
      "d" : "1756460283306176611",
      "t" : 1756460283306,
      "tn" : 1756460283306176611,
      "q" : "0.31",
      "p" : "3.7914",
      "s" : "buy",
      "i" : "DOT_USD",
      "m" : "4611686018436211802"
    }, {
      "d" : "1756460282602345438",
      "t" : 1756460282602,
      "tn" : 1756460282602345438,
      "q" : "0.31",
      "p" : "3.7914",
      "s" : "buy",
      "i" : "DOT_USD",
      "m" : "4611686018436211801"
    }, {
      "d" : "1756460282581926300",
      "t" : 1756460282581,
      "tn" : 1756460282581926300,
      "q" : "0.31",
      "p" : "3.7914",
      "s" : "buy",
      "i" : "DOT_USD",
      "m" : "4611686018436211800"
    }, {
      "d" : "1756460282551659795",
      "t" : 1756460282551,
      "tn" : 1756460282551659795,
      "q" : "0.31",
      "p" : "3.7914",
      "s" : "buy",
      "i" : "DOT_USD",
      "m" : "4611686018436211799"
    }, {
      "d" : "1756460282515609393",
      "t" : 1756460282515,
      "tn" : 1756460282515609393,
      "q" : "0.31",
      "p" : "3.7911",
      "s" : "buy",
      "i" : "DOT_USD",
      "m" : "4611686018436211798"
    }, {
      "d" : "1756460278687001465",
      "t" : 1756460278687,
      "tn" : 1756460278687001465,
      "q" : "0.31",
      "p" : "3.7901",
      "s" : "buy",
      "i" : "DOT_USD",
      "m" : "4611686018436211797"
    }, {
      "d" : "1756460265473342255",
      "t" : 1756460265473,
      "tn" : 1756460265473342255,
      "q" : "0.31",
      "p" : "3.7901",
      "s" : "buy",
      "i" : "DOT_USD",
      "m" : "4611686018436211796"
    }, {
      "d" : "1756460257259430341",
      "t" : 1756460257259,
      "tn" : 1756460257259430341,
      "q" : "0.31",
      "p" : "3.7901",
      "s" : "buy",
      "i" : "DOT_USD",
      "m" : "4611686018436211795"
    }, {
      "d" : "1756460248337067022",
      "t" : 1756460248337,
      "tn" : 1756460248337067022,
      "q" : "0.31",
      "p" : "3.7901",
      "s" : "buy",
      "i" : "DOT_USD",
      "m" : "4611686018436211794"
    }, {
      "d" : "1756460235789793977",
      "t" : 1756460235789,
      "tn" : 1756460235789793977,
      "q" : "0.31",
      "p" : "3.7894",
      "s" : "buy",
      "i" : "DOT_USD",
      "m" : "4611686018436211793"
    }, {
      "d" : "1756460235774298610",
      "t" : 1756460235774,
      "tn" : 1756460235774298610,
      "q" : "0.31",
      "p" : "3.7894",
      "s" : "buy",
      "i" : "DOT_USD",
      "m" : "4611686018436211792"
    }, {
      "d" : "1756460235520967842",
      "t" : 1756460235520,
      "tn" : 1756460235520967842,
      "q" : "0.31",
      "p" : "3.7891",
      "s" : "buy",
      "i" : "DOT_USD",
      "m" : "4611686018436211791"
    }, {
      "d" : "1756460235319826032",
      "t" : 1756460235319,
      "tn" : 1756460235319826032,
      "q" : "0.31",
      "p" : "3.7894",
      "s" : "buy",
      "i" : "DOT_USD",
      "m" : "4611686018436211790"
    }, {
      "d" : "1756460235141640854",
      "t" : 1756460235141,
      "tn" : 1756460235141640854,
      "q" : "0.31",
      "p" : "3.7891",
      "s" : "buy",
      "i" : "DOT_USD",
      "m" : "4611686018436211789"
    }, {
      "d" : "1756460233936217594",
      "t" : 1756460233936,
      "tn" : 1756460233936217594,
      "q" : "0.31",
      "p" : "3.7884",
      "s" : "buy",
      "i" : "DOT_USD",
      "m" : "4611686018436211788"
    }, {
      "d" : "1756460233683181793",
      "t" : 1756460233683,
      "tn" : 1756460233683181793,
      "q" : "0.31",
      "p" : "3.7881",
      "s" : "buy",
      "i" : "DOT_USD",
      "m" : "4611686018436211787"
    }, {
      "d" : "1756460232528931969",
      "t" : 1756460232528,
      "tn" : 1756460232528931969,
      "q" : "0.31",
      "p" : "3.7881",
      "s" : "buy",
      "i" : "DOT_USD",
      "m" : "4611686018436211786"
    }, {
      "d" : "1756460231783000604",
      "t" : 1756460231783,
      "tn" : 1756460231783000604,
      "q" : "0.31",
      "p" : "3.7881",
      "s" : "buy",
      "i" : "DOT_USD",
      "m" : "4611686018436211785"
    }, {
      "d" : "1756460231528342287",
      "t" : 1756460231528,
      "tn" : 1756460231528342287,
      "q" : "0.31",
      "p" : "3.7871",
      "s" : "buy",
      "i" : "DOT_USD",
      "m" : "4611686018436211784"
    }, {
      "d" : "1756460226581296793",
      "t" : 1756460226581,
      "tn" : 1756460226581296793,
      "q" : "0.31",
      "p" : "3.7861",
      "s" : "buy",
      "i" : "DOT_USD",
      "m" : "4611686018436211783"
    }, {
      "d" : "1756460226560020469",
      "t" : 1756460226560,
      "tn" : 1756460226560020469,
      "q" : "0.31",
      "p" : "3.7861",
      "s" : "buy",
      "i" : "DOT_USD",
      "m" : "4611686018436211782"
    }, {
      "d" : "1756460226520195454",
      "t" : 1756460226520,
      "tn" : 1756460226520195454,
      "q" : "0.31",
      "p" : "3.7861",
      "s" : "buy",
      "i" : "DOT_USD",
      "m" : "4611686018436211781"
    }, {
      "d" : "1756460224629953117",
      "t" : 1756460224629,
      "tn" : 1756460224629953117,
      "q" : "0.31",
      "p" : "3.7852",
      "s" : "buy",
      "i" : "DOT_USD",
      "m" : "4611686018436211780"
    }, {
      "d" : "1756460224587566480",
      "t" : 1756460224587,
      "tn" : 1756460224587566480,
      "q" : "0.31",
      "p" : "3.7852",
      "s" : "buy",
      "i" : "DOT_USD",
      "m" : "4611686018436211779"
    }, {
      "d" : "1756460222928637858",
      "t" : 1756460222928,
      "tn" : 1756460222928637858,
      "q" : "0.31",
      "p" : "3.7851",
      "s" : "buy",
      "i" : "DOT_USD",
      "m" : "4611686018436211778"
    }, {
      "d" : "1756460199938631641",
      "t" : 1756460199938,
      "tn" : 1756460199938631641,
      "q" : "0.31",
      "p" : "3.7881",
      "s" : "buy",
      "i" : "DOT_USD",
      "m" : "4611686018436211777"
    }, {
      "d" : "1756460198590598079",
      "t" : 1756460198590,
      "tn" : 1756460198590598079,
      "q" : "0.31",
      "p" : "3.7880",
      "s" : "sell",
      "i" : "DOT_USD",
      "m" : "4611686018436211776"
    }, {
      "d" : "1756460186775254143",
      "t" : 1756460186775,
      "tn" : 1756460186775254143,
      "q" : "0.31",
      "p" : "3.7894",
      "s" : "buy",
      "i" : "DOT_USD",
      "m" : "4611686018436211775"
    }, {
      "d" : "1756460186694597124",
      "t" : 1756460186694,
      "tn" : 1756460186694597124,
      "q" : "0.31",
      "p" : "3.7894",
      "s" : "buy",
      "i" : "DOT_USD",
      "m" : "4611686018436211774"
    }, {
      "d" : "1756460186551791883",
      "t" : 1756460186551,
      "tn" : 1756460186551791883,
      "q" : "0.31",
      "p" : "3.7891",
      "s" : "buy",
      "i" : "DOT_USD",
      "m" : "4611686018436211773"
    }, {
      "d" : "1756460185684907087",
      "t" : 1756460185684,
      "tn" : 1756460185684907087,
      "q" : "0.31",
      "p" : "3.7884",
      "s" : "buy",
      "i" : "DOT_USD",
      "m" : "4611686018436211772"
    }, {
      "d" : "1756460185600942621",
      "t" : 1756460185600,
      "tn" : 1756460185600942621,
      "q" : "0.31",
      "p" : "3.7884",
      "s" : "buy",
      "i" : "DOT_USD",
      "m" : "4611686018436211771"
    }, {
      "d" : "1756460185473209918",
      "t" : 1756460185473,
      "tn" : 1756460185473209918,
      "q" : "0.31",
      "p" : "3.7881",
      "s" : "buy",
      "i" : "DOT_USD",
      "m" : "4611686018436211770"
    }, {
      "d" : "1756460185425525550",
      "t" : 1756460185425,
      "tn" : 1756460185425525550,
      "q" : "0.31",
      "p" : "3.7876",
      "s" : "buy",
      "i" : "DOT_USD",
      "m" : "4611686018436211769"
    }, {
      "d" : "1756460185392668724",
      "t" : 1756460185392,
      "tn" : 1756460185392668724,
      "q" : "0.31",
      "p" : "3.7874",
      "s" : "buy",
      "i" : "DOT_USD",
      "m" : "4611686018436211768"
    }, {
      "d" : "1756460185201967140",
      "t" : 1756460185201,
      "tn" : 1756460185201967140,
      "q" : "0.31",
      "p" : "3.7871",
      "s" : "buy",
      "i" : "DOT_USD",
      "m" : "4611686018436211767"
    }, {
      "d" : "1756460183614960261",
      "t" : 1756460183614,
      "tn" : 1756460183614960261,
      "q" : "0.31",
      "p" : "3.7871",
      "s" : "buy",
      "i" : "DOT_USD",
      "m" : "4611686018436211766"
    }, {
      "d" : "1756460182446108336",
      "t" : 1756460182446,
      "tn" : 1756460182446108336,
      "q" : "0.31",
      "p" : "3.7864",
      "s" : "buy",
      "i" : "DOT_USD",
      "m" : "4611686018436211765"
    }, {
      "d" : "1756460182406250943",
      "t" : 1756460182406,
      "tn" : 1756460182406250943,
      "q" : "0.31",
      "p" : "3.7861",
      "s" : "buy",
      "i" : "DOT_USD",
      "m" : "4611686018436211764"
    }, {
      "d" : "1756460178078552955",
      "t" : 1756460178078,
      "tn" : 1756460178078552955,
      "q" : "100.00",
      "p" : "3.7854",
      "s" : "buy",
      "i" : "DOT_USD",
      "m" : "4611686018436211763"
    }, {
      "d" : "1756460178078095877",
      "t" : 1756460178078,
      "tn" : 1756460178078095877,
      "q" : "39.00",
      "p" : "3.7854",
      "s" : "buy",
      "i" : "DOT_USD",
      "m" : "4611686018436211762"
    }, {
      "d" : "1756460178077469099",
      "t" : 1756460178077,
      "tn" : 1756460178077469099,
      "q" : "100.00",
      "p" : "3.7854",
      "s" : "buy",
      "i" : "DOT_USD",
      "m" : "4611686018436211761"
    }, {
      "d" : "1756460178076965801",
      "t" : 1756460178076,
      "tn" : 1756460178076965801,
      "q" : "40.86",
      "p" : "3.7854",
      "s" : "buy",
      "i" : "DOT_USD",
      "m" : "4611686018436211760"
    }, {
      "d" : "1756460177988915092",
      "t" : 1756460177988,
      "tn" : 1756460177988915092,
      "q" : "1.86",
      "p" : "3.7854",
      "s" : "buy",
      "i" : "DOT_USD",
      "m" : "4611686018436211759"
    }, {
      "d" : "1756460176941296450",
      "t" : 1756460176941,
      "tn" : 1756460176941296450,
      "q" : "0.31",
      "p" : "3.7851",
      "s" : "buy",
      "i" : "DOT_USD",
      "m" : "4611686018436211758"
    }, {
      "d" : "1756460173858318827",
      "t" : 1756460173858,
      "tn" : 1756460173858318827,
      "q" : "0.31",
      "p" : "3.7870",
      "s" : "sell",
      "i" : "DOT_USD",
      "m" : "4611686018436211757"
    }, {
      "d" : "1756460170132787940",
      "t" : 1756460170132,
      "tn" : 1756460170132787940,
      "q" : "0.31",
      "p" : "3.7880",
      "s" : "sell",
      "i" : "DOT_USD",
      "m" : "4611686018436211756"
    }, {
      "d" : "1756460167030527255",
      "t" : 1756460167030,
      "tn" : 1756460167030527255,
      "q" : "0.31",
      "p" : "3.7890",
      "s" : "sell",
      "i" : "DOT_USD",
      "m" : "4611686018436211755"
    }, {
      "d" : "1756460161706035584",
      "t" : 1756460161706,
      "tn" : 1756460161706035584,
      "q" : "0.31",
      "p" : "3.7910",
      "s" : "sell",
      "i" : "DOT_USD",
      "m" : "4611686018436211754"
    }, {
      "d" : "1756460146129795852",
      "t" : 1756460146129,
      "tn" : 1756460146129795852,
      "q" : "0.31",
      "p" : "3.7920",
      "s" : "sell",
      "i" : "DOT_USD",
      "m" : "4611686018436211753"
    }, {
      "d" : "1756460134522903558",
      "t" : 1756460134522,
      "tn" : 1756460134522903558,
      "q" : "0.31",
      "p" : "3.7911",
      "s" : "buy",
      "i" : "DOT_USD",
      "m" : "4611686018436211752"
    }, {
      "d" : "1756460132318747786",
      "t" : 1756460132318,
      "tn" : 1756460132318747786,
      "q" : "0.31",
      "p" : "3.7911",
      "s" : "buy",
      "i" : "DOT_USD",
      "m" : "4611686018436211751"
    }, {
      "d" : "1756460125520588616",
      "t" : 1756460125520,
      "tn" : 1756460125520588616,
      "q" : "0.31",
      "p" : "3.7911",
      "s" : "buy",
      "i" : "DOT_USD",
      "m" : "4611686018436211750"
    }, {
      "d" : "1756460122311654341",
      "t" : 1756460122311,
      "tn" : 1756460122311654341,
      "q" : "0.31",
      "p" : "3.7901",
      "s" : "buy",
      "i" : "DOT_USD",
      "m" : "4611686018436211749"
    }, {
      "d" : "1756460110369695292",
      "t" : 1756460110369,
      "tn" : 1756460110369695292,
      "q" : "0.31",
      "p" : "3.7910",
      "s" : "sell",
      "i" : "DOT_USD",
      "m" : "4611686018436211748"
    }, {
      "d" : "1756460106285283810",
      "t" : 1756460106285,
      "tn" : 1756460106285283810,
      "q" : "0.31",
      "p" : "3.7901",
      "s" : "buy",
      "i" : "DOT_USD",
      "m" : "4611686018436211747"
    }, {
      "d" : "1756460102116924735",
      "t" : 1756460102116,
      "tn" : 1756460102116924735,
      "q" : "0.31",
      "p" : "3.7894",
      "s" : "buy",
      "i" : "DOT_USD",
      "m" : "4611686018436211746"
    }, {
      "d" : "1756460101764653977",
      "t" : 1756460101764,
      "tn" : 1756460101764653977,
      "q" : "0.31",
      "p" : "3.7891",
      "s" : "buy",
      "i" : "DOT_USD",
      "m" : "4611686018436211745"
    }, {
      "d" : "1756460100015745498",
      "t" : 1756460100015,
      "tn" : 1756460100015745498,
      "q" : "0.31",
      "p" : "3.7884",
      "s" : "buy",
      "i" : "DOT_USD",
      "m" : "4611686018436211744"
    }, {
      "d" : "1756460099906963350",
      "t" : 1756460099906,
      "tn" : 1756460099906963350,
      "q" : "0.31",
      "p" : "3.7881",
      "s" : "buy",
      "i" : "DOT_USD",
      "m" : "4611686018436211743"
    }, {
      "d" : "1756460088794764418",
      "t" : 1756460088794,
      "tn" : 1756460088794764418,
      "q" : "0.31",
      "p" : "3.7880",
      "s" : "sell",
      "i" : "DOT_USD",
      "m" : "4611686018436211742"
    }, {
      "d" : "1756460088271896644",
      "t" : 1756460088271,
      "tn" : 1756460088271896644,
      "q" : "0.31",
      "p" : "3.7871",
      "s" : "buy",
      "i" : "DOT_USD",
      "m" : "4611686018436211741"
    }, {
      "d" : "1756460086919006265",
      "t" : 1756460086919,
      "tn" : 1756460086919006264,
      "q" : "0.31",
      "p" : "3.7861",
      "s" : "buy",
      "i" : "DOT_USD",
      "m" : "4611686018436211740"
    }, {
      "d" : "1756460086919006264",
      "t" : 1756460086919,
      "tn" : 1756460086919006264,
      "q" : "79.27",
      "p" : "3.7861",
      "s" : "buy",
      "i" : "DOT_USD",
      "m" : "4611686018436211740"
    }, {
      "d" : "1756460081970926101",
      "t" : 1756460081970,
      "tn" : 1756460081970926101,
      "q" : "0.31",
      "p" : "3.7860",
      "s" : "sell",
      "i" : "DOT_USD",
      "m" : "4611686018436211739"
    }, {
      "d" : "1756460059039574802",
      "t" : 1756460059039,
      "tn" : 1756460059039574801,
      "q" : "87.30",
      "p" : "3.7861",
      "s" : "buy",
      "i" : "DOT_USD",
      "m" : "4611686018436211738"
    }, {
      "d" : "1756460059039574801",
      "t" : 1756460059039,
      "tn" : 1756460059039574801,
      "q" : "0.31",
      "p" : "3.7861",
      "s" : "buy",
      "i" : "DOT_USD",
      "m" : "4611686018436211738"
    }, {
      "d" : "1756460056364639818",
      "t" : 1756460056364,
      "tn" : 1756460056364639817,
      "q" : "22.16",
      "p" : "3.7861",
      "s" : "buy",
      "i" : "DOT_USD",
      "m" : "4611686018436211737"
    }, {
      "d" : "1756460056364639817",
      "t" : 1756460056364,
      "tn" : 1756460056364639817,
      "q" : "0.31",
      "p" : "3.7861",
      "s" : "buy",
      "i" : "DOT_USD",
      "m" : "4611686018436211737"
    }, {
      "d" : "1756460051674991267",
      "t" : 1756460051674,
      "tn" : 1756460051674991267,
      "q" : "0.31",
      "p" : "3.7883",
      "s" : "buy",
      "i" : "DOT_USD",
      "m" : "4611686018436211736"
    }, {
      "d" : "1756460040629996113",
      "t" : 1756460040629,
      "tn" : 1756460040629996113,
      "q" : "0.31",
      "p" : "3.7880",
      "s" : "sell",
      "i" : "DOT_USD",
      "m" : "4611686018436211735"
    }, {
      "d" : "1756460027816517853",
      "t" : 1756460027816,
      "tn" : 1756460027816517852,
      "q" : "2.17",
      "p" : "3.7890",
      "s" : "sell",
      "i" : "DOT_USD",
      "m" : "4611686018436211734"
    }, {
      "d" : "1756460027816517852",
      "t" : 1756460027816,
      "tn" : 1756460027816517852,
      "q" : "0.31",
      "p" : "3.7890",
      "s" : "sell",
      "i" : "DOT_USD",
      "m" : "4611686018436211734"
    }, {
      "d" : "1756460018943020322",
      "t" : 1756460018943,
      "tn" : 1756460018943020322,
      "q" : "0.31",
      "p" : "3.7871",
      "s" : "buy",
      "i" : "DOT_USD",
      "m" : "4611686018436211733"
    }, {
      "d" : "1756460014968737153",
      "t" : 1756460014968,
      "tn" : 1756460014968737153,
      "q" : "0.31",
      "p" : "3.7861",
      "s" : "buy",
      "i" : "DOT_USD",
      "m" : "4611686018436211732"
    }, {
      "d" : "1756460010831169117",
      "t" : 1756460010831,
      "tn" : 1756460010831169117,
      "q" : "0.31",
      "p" : "3.7871",
      "s" : "buy",
      "i" : "DOT_USD",
      "m" : "4611686018436211731"
    }, {
      "d" : "1756459998816053620",
      "t" : 1756459998816,
      "tn" : 1756459998816053620,
      "q" : "0.31",
      "p" : "3.7861",
      "s" : "buy",
      "i" : "DOT_USD",
      "m" : "4611686018436211730"
    } ]
  }
}