{
  "id" : -1,
  "method" : "public/get-trades",
  "code" : 0,
  "result" : {
    "data" : [ {
      "d" : "1756460777748150396",
      "t" : 1756460777748,
      "tn" : 1756460777748150396,
      "q" : "0.1",
      "p" : "3.7978",
      "s" : "buy",
      "i" : "DOTUSD-PERP",
      "m" : "4611686018434446729"
    }, {
      "d" : "1756460713010285366",
      "t" : 1756460713010,
      "tn" : 1756460713010285366,
      "q" : "49.8",
      "p" : "3.7920",
      "s" : "buy",
      "i" : "DOTUSD-PERP",
      "m" : "4611686018434446728"
    }, {
      "d" : "1756460713010282805",
      "t" : 1756460713010,
      "tn" : 1756460713010282805,
      "q" : "0.1",
      "p" : "3.7918",
      "s" : "buy",
      "i" : "DOTUSD-PERP",
      "m" : "4611686018434446727"
    }, {
      "d" : "1756460703455720034",
      "t" : 1756460703455,
      "tn" : 1756460703455720034,
      "q" : "0.1",
      "p" : "3.7925",
      "s" : "sell",
      "i" : "DOTUSD-PERP",
      "m" : "4611686018434446726"
    }, {
      "d" : "1756460604510233256",
      "t" : 1756460604510,
      "tn" : 1756460604510233256,
      "q" : "0.1",
      "p" : "3.7928",
      "s" : "buy",
      "i" : "DOTUSD-PERP",
      "m" : "4611686018434446725"
    }, {
      "d" : "1756460557209102455",
      "t" : 1756460557209,
      "tn" : 1756460557209102454,
      "q" : "45.5",
      "p" : "3.7908",
      "s" : "buy",
      "i" : "DOTUSD-PERP",
      "m" : "4611686018434446724"
    }, {
      "d" : "1756460557209102454",
      "t" : 1756460557209,
      "tn" : 1756460557209102454,
      "q" : "0.1",
      "p" : "3.7908",
      "s" : "buy",
      "i" : "DOTUSD-PERP",
      "m" : "4611686018434446724"
    }, {
      "d" : "1756460531328369559",
      "t" : 1756460531328,
      "tn" : 1756460531328369559,
      "q" : "0.1",
      "p" : "3.7928",
      "s" : "buy",
      "i" : "DOTUSD-PERP",
      "m" : "4611686018434446723"
    }, {
      "d" : "1756460526783772681",
      "t" : 1756460526783,
      "tn" : 1756460526783772681,
      "q" : "51.0",
      "p" : "3.7936",
      "s" : "sell",
      "i" : "DOTUSD-PERP",
      "m" : "4611686018434446722"
    }, {
      "d" : "1756460525591030992",
      "t" : 1756460525591,
      "tn" : 1756460525591030992,
      "q" : "0.1",
      "p" : "3.7938",
      "s" : "buy",
      "i" : "DOTUSD-PERP",
      "m" : "4611686018434446721"
    }, {
      "d" : "1756460525453387918",
      "t" : 1756460525453,
      "tn" : 1756460525453387918,
      "q" : "0.1",
      "p" : "3.7918",
      "s" : "buy",
      "i" : "DOTUSD-PERP",
      "m" : "4611686018434446720"
    }, {
      "d" : "1756460468395957912",
      "t" : 1756460468395,
      "tn" : 1756460468395957912,
      "q" : "0.1",
      "p" : "3.7918",
      "s" : "buy",
      "i" : "DOTUSD-PERP",
      "m" : "4611686018434446719"
    }, {
      "d" : "1756460454962736349",
      "t" : 1756460454962,
      "tn" : 1756460454962736349,
      "q" : "65.9",
      "p" : "3.7928",
      "s" : "buy",
      "i" : "DOTUSD-PERP",
      "m" : "4611686018434446718"
    }, {
      "d" : "1756460454962734891",
      "t" : 1756460454962,
      "tn" : 1756460454962734891,
      "q" : "0.1",
      "p" : "3.7924",
      "s" : "buy",
      "i" : "DOTUSD-PERP",
      "m" : "4611686018434446717"
    }, {
      "d" : "1756460454961623635",
      "t" : 1756460454961,
      "tn" : 1756460454961623635,
      "q" : "0.1",
      "p" : "3.7918",
      "s" : "buy",
      "i" : "DOTUSD-PERP",
      "m" : "4611686018434446716"
    }, {
      "d" : "1756460454265959407",
      "t" : 1756460454265,
      "tn" : 1756460454265959407,
      "q" : "0.1",
      "p" : "3.7907",
      "s" : "buy",
      "i" : "DOTUSD-PERP",
      "m" : "4611686018434446715"
    }, {
      "d" : "1756460398502853310",
      "t" : 1756460398502,
      "tn" : 1756460398502853310,
      "q" : "0.1",
      "p" : "3.7897",
      "s" : "buy",
      "i" : "DOTUSD-PERP",
      "m" : "4611686018434446714"
    }, {
      "d" : "1756460282483421951",
      "t" : 1756460282483,
      "tn" : 1756460282483421951,
      "q" : "0.1",
      "p" : "3.7924",
      "s" : "buy",
      "i" : "DOTUSD-PERP",
      "m" : "4611686018434446713"
    }, {
      "d" : "1756460282479832585",
      "t" : 1756460282479,
      "tn" : 1756460282479832585,
      "q" : "0.1",
      "p" : "3.7917",
      "s" : "buy",
      "i" : "DOTUSD-PERP",
      "m" : "4611686018434446712"
    }, {
      "d" : "1756460248784189994",
      "t" : 1756460248784,
      "tn" : 1756460248784189994,
      "q" : "0.1",
      "p" : "3.7917",
      "s" : "buy",
      "i" : "DOTUSD-PERP",
      "m" : "4611686018434446711"
    }, {
      "d" : "1756460240475901981",
      "t" : 1756460240475,
      "tn" : 1756460240475901981,
      "q" : "57.7",
      "p" : "3.7909",
      "s" : "buy",
      "i" : "DOTUSD-PERP",
      "m" : "4611686018434446710"
    }, {
      "d" : "1756460240475900359",
      "t" : 1756460240475,
      "tn" : 1756460240475900359,
      "q" : "0.1",
      "p" : "3.7907",
      "s" : "buy",
      "i" : "DOTUSD-PERP",
      "m" : "4611686018434446709"
    }, {
      "d" : "1756460234679168571",
      "t" : 1756460234679,
      "tn" : 1756460234679168571,
      "q" : "0.1",
      "p" : "3.7902",
      "s" : "buy",
      "i" : "DOTUSD-PERP",
      "m" : "4611686018434446708"
    }, {
      "d" : "1756460234675993338",
      "t" : 1756460234675,
      "tn" : 1756460234675993338,
      "q" : "51.5",
      "p" : "3.7902",
      "s" : "buy",
      "i" : "DOTUSD-PERP",
      "m" : "4611686018434446707"
    }, {
      "d" : "1756460234675989925",
      "t" : 1756460234675,
      "tn" : 1756460234675989925,
      "q" : "0.1",
      "p" : "3.7897",
      "s" : "buy",
      "i" : "DOTUSD-PERP",
      "m" : "4611686018434446706"
    }, {
      "d" : "1756460226499268709",
      "t" : 1756460226499,
      "tn" : 1756460226499268709,
      "q" : "0.1",
      "p" : "3.7867",
      "s" : "buy",
      "i" : "DOTUSD-PERP",
      "m" : "4611686018434446705"
    }, {
      "d" : "1756460186557901864",
      "t" : 1756460186557,
      "tn" : 1756460186557901864,
      "q" : "0.1",
      "p" : "3.7897",
      "s" : "buy",
      "i" : "DOTUSD-PERP",
      "m" : "4611686018434446704"
    }, {
      "d" : "1756460160667589577",
      "t" : 1756460160667,
      "tn" : 1756460160667589577,
      "q" : "50.7",
      "p" : "3.7916",
      "s" : "buy",
      "i" : "DOTUSD-PERP",
      "m" : "4611686018434446703"
    }, {
      "d" : "1756460135772419868",
      "t" : 1756460135772,
      "tn" : 1756460135772419868,
      "q" : "0.1",
      "p" : "3.7927",
      "s" : "buy",
      "i" : "DOTUSD-PERP",
      "m" : "4611686018434446702"
    }, {
      "d" : "1756460101160194588",
      "t" : 1756460101160,
      "tn" : 1756460101160194588,
      "q" : "0.1",
      "p" : "3.7896",
      "s" : "buy",
      "i" : "DOTUSD-PERP",
      "m" : "4611686018434446701"
    }, {
      "d" : "1756460045621603119",
      "t" : 1756460045621,
      "tn" : 1756460045621603119,
      "q" : "0.1",
      "p" : "3.7896",
      "s" : "buy",
      "i" : "DOTUSD-PERP",
      "m" : "4611686018434446700"
    }, {
      "d" : "1756460045617593659",
      "t" : 1756460045617,
      "tn" : 1756460045617593659,
      "q" : "65.9",
      "p" : "3.7896",
      "s" : "buy",
      "i" : "DOTUSD-PERP",
      "m" : "4611686018434446699"
    }, {
      "d" : "1756460040865045835",
      "t" : 1756460040865,
      "tn" : 1756460040865045835,
      "q" : "0.1",
      "p" : "3.7886",
      "s" : "buy",
      "i" : "DOTUSD-PERP",
      "m" : "4611686018434446698"
    }, {
      "d" : "1756460015036201237",
      "t" : 1756460015036,
      "tn" : 1756460015036201237,
      "q" : "53.3",
      "p" : "3.7876",
      "s" : "buy",
      "i" : "DOTUSD-PERP",
      "m" : "4611686018434446697"
    }, {
      "d" : "1756460006022716640",
      "t" : 1756460006022,
      "tn" : 1756460006022716640,
      "q" : "0.1",
      "p" : "3.7876",
      "s" : "buy",
      "i" : "DOTUSD-PERP",
      "m" : "4611686018434446696"
    }, {
      "d" : "1756459977264816860",
      "t" : 1756459977264,
      "tn" : 1756459977264816860,
      "q" : "65.9",
      "p" : "3.7859",
      "s" : "buy",
      "i" : "DOTUSD-PERP",
      "m" : "4611686018434446695"
    }, {
      "d" : "1756459977264815258",
      "t" : 1756459977264,
      "tn" : 1756459977264815258,
      "q" : "0.1",
      "p" : "3.7856",
      "s" : "buy",
      "i" : "DOTUSD-PERP",
      "m" : "4611686018434446694"
    }, {
      "d" : "1756459968218618873",
      "t" : 1756459968218,
      "tn" : 1756459968218618873,
      "q" : "19.8",
      "p" : "3.7860",
      "s" : "buy",
      "i" : "DOTUSD-PERP",
      "m" : "4611686018434446693"
    }, {
      "d" : "1756459968214932422",
      "t" : 1756459968214,
      "tn" : 1756459968214932422,
      "q" : "46.2",
      "p" : "3.7860",
      "s" : "buy",
      "i" : "DOTUSD-PERP",
      "m" : "4611686018434446692"
    }, {
      "d" : "1756459968214930262",
      "t" : 1756459968214,
      "tn" : 1756459968214930262,
      "q" : "0.1",
      "p" : "3.7856",
      "s" : "buy",
      "i" : "DOTUSD-PERP",
      "m" : "4611686018434446691"
    }, {
      "d" : "1756459940811193593",
      "t" : 1756459940811,
      "tn" : 1756459940811193593,
      "q" : "43.6",
      "p" : "3.7873",
      "s" : "sell",
      "i" : "DOTUSD-PERP",
      "m" : "4611686018434446690"
    }, {
      "d" : "1756459940809534028",
      "t" : 1756459940809,
      "tn" : 1756459940809534028,
      "q" : "163.5",
      "p" : "3.7873",
      "s" : "sell",
      "i" : "DOTUSD-PERP",
      "m" : "4611686018434446689"
    }, {
      "d" : "1756459940805408929",
      "t" : 1756459940805,
      "tn" : 1756459940805408929,
      "q" : "138.2",
      "p" : "3.7873",
      "s" : "sell",
      "i" : "DOTUSD-PERP",
      "m" : "4611686018434446688"
    }, {
      "d" : "1756459940798830235",
      "t" : 1756459940798,
      "tn" : 1756459940798830235,
      "q" : "100.0",
      "p" : "3.7873",
      "s" : "sell",
      "i" : "DOTUSD-PERP",
      "m" : "4611686018434446687"
    }, {
      "d" : "1756459940797323249",
      "t" : 1756459940797,
      "tn" : 1756459940797323249,
      "q" : "162.0",
      "p" : "3.7873",
      "s" : "sell",
      "i" : "DOTUSD-PERP",
      "m" : "4611686018434446686"
    }, {
      "d" : "1756459940796649518",
      "t" : 1756459940796,
      "tn" : 1756459940796649518,
      "q" : "100.0",
      "p" : "3.7873",
      "s" : "sell",
      "i" : "DOTUSD-PERP",
      "m" : "4611686018434446685"
    }, {
      "d" : "1756459940785225115",
      "t" : 1756459940785,
      "tn" : 1756459940785225115,
      "q" : "148.5",
      "p" : "3.7873",
      "s" : "sell",
      "i" : "DOTUSD-PERP",
      "m" : "4611686018434446684"
    }, {
      "d" : "1756459940781263463",
      "t" : 1756459940781,
      "tn" : 1756459940781263463,
      "q" : "25.1",
      "p" : "3.7873",
      "s" : "sell",
      "i" : "DOTUSD-PERP",
      "m" : "4611686018434446683"
    }, {
      "d" : "1756459940532994034",
      "t" : 1756459940532,
      "tn" : 1756459940532994034,
      "q" : "7.6",
      "p" : "3.7873",
      "s" : "sell",
      "i" : "DOTUSD-PERP",
      "m" : "4611686018434446682"
    }, {
      "d" : "1756459940131997848",
      "t" : 1756459940131,
      "tn" : 1756459940131997848,
      "q" : "111.5",
      "p" : "3.7873",
      "s" : "sell",
      "i" : "DOTUSD-PERP",
      "m" : "4611686018434446681"
    }, {
      "d" : "1756459911680696969",
      "t" : 1756459911680,
      "tn" : 1756459911680696969,
      "q" : "51.1",
      "p" : "3.7892",
      "s" : "buy",
      "i" : "DOTUSD-PERP",
      "m" : "4611686018434446680"
    }, {
      "d" : "1756459905723223153",
      "t" : 1756459905723,
      "tn" : 1756459905723223152,
      "q" : "13.7",
      "p" : "3.7896",
      "s" : "buy",
      "i" : "DOTUSD-PERP",
      "m" : "4611686018434446679"
    }, {
      "d" : "1756459905723223152",
      "t" : 1756459905723,
      "tn" : 1756459905723223152,
      "q" : "0.1",
      "p" : "3.7896",
      "s" : "buy",
      "i" : "DOTUSD-PERP",
      "m" : "4611686018434446679"
    }, {
      "d" : "1756459882751935612",
      "t" : 1756459882751,
      "tn" : 1756459882751935612,
      "q" : "0.1",
      "p" : "3.7926",
      "s" : "buy",
      "i" : "DOTUSD-PERP",
      "m" : "4611686018434446678"
    }, {
      "d" : "1756459878865336820",
      "t" : 1756459878865,
      "tn" : 1756459878865336820,
      "q" : "30.3",
      "p" : "3.7895",
      "s" : "buy",
      "i" : "DOTUSD-PERP",
      "m" : "4611686018434446677"
    }, {
      "d" : "1756459878864843477",
      "t" : 1756459878864,
      "tn" : 1756459878864843476,
      "q" : "20.5",
      "p" : "3.7895",
      "s" : "buy",
      "i" : "DOTUSD-PERP",
      "m" : "4611686018434446676"
    }, {
      "d" : "1756459878864843476",
      "t" : 1756459878864,
      "tn" : 1756459878864843476,
      "q" : "0.1",
      "p" : "3.7895",
      "s" : "buy",
      "i" : "DOTUSD-PERP",
      "m" : "4611686018434446676"
    }, {
      "d" : "1756459878658276882",
      "t" : 1756459878658,
      "tn" : 1756459878658276882,
      "q" : "3.1",
      "p" : "3.7893",
      "s" : "buy",
      "i" : "DOTUSD-PERP",
      "m" : "4611686018434446675"
    }, {
      "d" : "1756459878654211820",
      "t" : 1756459878654,
      "tn" : 1756459878654211820,
      "q" : "47.7",
      "p" : "3.7893",
      "s" : "buy",
      "i" : "DOTUSD-PERP",
      "m" : "4611686018434446674"
    }, {
      "d" : "1756459875974471190",
      "t" : 1756459875974,
      "tn" : 1756459875974471190,
      "q" : "75.6",
      "p" : "3.7932",
      "s" : "sell",
      "i" : "DOTUSD-PERP",
      "m" : "4611686018434446673"
    }, {
      "d" : "1756459875970256125",
      "t" : 1756459875970,
      "tn" : 1756459875970256125,
      "q" : "500.0",
      "p" : "3.7932",
      "s" : "sell",
      "i" : "DOTUSD-PERP",
      "m" : "4611686018434446672"
    }, {
      "d" : "1756459875678938912",
      "t" : 1756459875678,
      "tn" : 1756459875678938912,
      "q" : "100.0",
      "p" : "3.7932",
      "s" : "sell",
      "i" : "DOTUSD-PERP",
      "m" : "4611686018434446671"
    }, {
      "d" : "1756459875677079508",
      "t" : 1756459875677,
      "tn" : 1756459875677079508,
      "q" : "100.0",
      "p" : "3.7932",
      "s" : "sell",
      "i" : "DOTUSD-PERP",
      "m" : "4611686018434446670"
    }, {
      "d" : "1756459875064946936",
      "t" : 1756459875064,
      "tn" : 1756459875064946936,
      "q" : "100.0",
      "p" : "3.7932",
      "s" : "sell",
      "i" : "DOTUSD-PERP",
      "m" : "4611686018434446669"
    }, {
      "d" : "1756459819724245802",
      "t" : 1756459819724,
      "tn" : 1756459819724245802,
      "q" : "112.4",
      "p" : "3.7932",
      "s" : "sell",
      "i" : "DOTUSD-PERP",
      "m" : "4611686018434446668"
    }, {
      "d" : "1756459814604892827",
      "t" : 1756459814604,
      "tn" : 1756459814604892827,
      "q" : "12.0",
      "p" : "3.7932",
      "s" : "sell",
      "i" : "DOTUSD-PERP",
      "m" : "4611686018434446667"
    }, {
      "d" : "1756459777269445152",
      "t" : 1756459777269,
      "tn" : 1756459777269445152,
      "q" : "24.9",
      "p" : "3.7929",
      "s" : "sell",
      "i" : "DOTUSD-PERP",
      "m" : "4611686018434446666"
    }, {
      "d" : "1756459777269442781",
      "t" : 1756459777269,
      "tn" : 1756459777269442781,
      "q" : "0.1",
      "p" : "3.7932",
      "s" : "sell",
      "i" : "DOTUSD-PERP",
      "m" : "4611686018434446665"
    }, {
      "d" : "1756459744597024691",
      "t" : 1756459744597,
      "tn" : 1756459744597024691,
      "q" : "0.1",
      "p" : "3.7884",
      "s" : "buy",
      "i" : "DOTUSD-PERP",
      "m" : "4611686018434446664"
    }, {
      "d" : "1756459744597022600",
      "t" : 1756459744597,
      "tn" : 1756459744597022600,
      "q" : "0.1",
      "p" : "3.7875",
      "s" : "buy",
      "i" : "DOTUSD-PERP",
      "m" : "4611686018434446663"
    }, {
      "d" : "1756459668495667407",
      "t" : 1756459668495,
      "tn" : 1756459668495667407,
      "q" : "36.5",
      "p" : "3.7887",
      "s" : "sell",
      "i" : "DOTUSD-PERP",
      "m" : "4611686018434446662"
    }, {
      "d" : "1756459668495666234",
      "t" : 1756459668495,
      "tn" : 1756459668495666234,
      "q" : "0.1",
      "p" : "3.7892",
      "s" : "sell",
      "i" : "DOTUSD-PERP",
      "m" : "4611686018434446661"
    }, {
      "d" : "1756459668406759635",
      "t" : 1756459668406,
      "tn" : 1756459668406759635,
      "q" : "65.9",
      "p" : "3.7888",
      "s" : "sell",
      "i" : "DOTUSD-PERP",
      "m" : "4611686018434446660"
    }, {
      "d" : "1756459668328174599",
      "t" : 1756459668328,
      "tn" : 1756459668328174599,
      "q" : "0.1",
      "p" : "3.7892",
      "s" : "sell",
      "i" : "DOTUSD-PERP",
      "m" : "4611686018434446659"
    }, {
      "d" : "1756459668124812659",
      "t" : 1756459668124,
      "tn" : 1756459668124812659,
      "q" : "0.1",
      "p" : "3.7893",
      "s" : "sell",
      "i" : "DOTUSD-PERP",
      "m" : "4611686018434446658"
    }, {
      "d" : "1756459665592115394",
      "t" : 1756459665592,
      "tn" : 1756459665592115394,
      "q" : "0.1",
      "p" : "3.7893",
      "s" : "sell",
      "i" : "DOTUSD-PERP",
      "m" : "4611686018434446657"
    }, {
      "d" : "1756459631359110881",
      "t" : 1756459631359,
      "tn" : 1756459631359110880,
      "q" : "10.4",
      "p" : "3.7868",
      "s" : "sell",
      "i" : "DOTUSD-PERP",
      "m" : "4611686018434446656"
    }, {
      "d" : "1756459631359110880",
      "t" : 1756459631359,
      "tn" : 1756459631359110880,
      "q" : "0.1",
      "p" : "3.7868",
      "s" : "sell",
      "i" : "DOTUSD-PERP",
      "m" : "4611686018434446656"
    }, {
      "d" : "1756459631359107923",
      "t" : 1756459631359,
      "tn" : 1756459631359107923,
      "q" : "51.6",
      "p" : "3.7871",
      "s" : "sell",
      "i" : "DOTUSD-PERP",
      "m" : "4611686018434446655"
    }, {
      "d" : "1756459631359105747",
      "t" : 1756459631359,
      "tn" : 1756459631359105746,
      "q" : "51.6",
      "p" : "3.7875",
      "s" : "sell",
      "i" : "DOTUSD-PERP",
      "m" : "4611686018434446654"
    }, {
      "d" : "1756459631359105746",
      "t" : 1756459631359,
      "tn" : 1756459631359105746,
      "q" : "10.0",
      "p" : "3.7875",
      "s" : "sell",
      "i" : "DOTUSD-PERP",
      "m" : "4611686018434446654"
    }, {
      "d" : "1756459631359101352",
      "t" : 1756459631359,
      "tn" : 1756459631359101352,
      "q" : "9.9",
      "p" : "3.7878",
      "s" : "sell",
      "i" : "DOTUSD-PERP",
      "m" : "4611686018434446653"
    }, {
      "d" : "1756459631359100330",
      "t" : 1756459631359,
      "tn" : 1756459631359100330,
      "q" : "0.1",
      "p" : "3.7883",
      "s" : "sell",
      "i" : "DOTUSD-PERP",
      "m" : "4611686018434446652"
    }, {
      "d" : "1756459631359097450",
      "t" : 1756459631359,
      "tn" : 1756459631359097450,
      "q" : "65.9",
      "p" : "3.7884",
      "s" : "sell",
      "i" : "DOTUSD-PERP",
      "m" : "4611686018434446651"
    }, {
      "d" : "1756459513011510619",
      "t" : 1756459513011,
      "tn" : 1756459513011510619,
      "q" : "0.4",
      "p" : "3.7900",
      "s" : "buy",
      "i" : "DOTUSD-PERP",
      "m" : "4611686018434446650"
    }, {
      "d" : "1756459513011508859",
      "t" : 1756459513011,
      "tn" : 1756459513011508859,
      "q" : "0.1",
      "p" : "3.7892",
      "s" : "buy",
      "i" : "DOTUSD-PERP",
      "m" : "4611686018434446649"
    }, {
      "d" : "1756459513011506547",
      "t" : 1756459513011,
      "tn" : 1756459513011506547,
      "q" : "0.1",
      "p" : "3.7886",
      "s" : "buy",
      "i" : "DOTUSD-PERP",
      "m" : "4611686018434446648"
    }, {
      "d" : "1756459506553263221",
      "t" : 1756459506553,
      "tn" : 1756459506553263221,
      "q" : "7.3",
      "p" : "3.7876",
      "s" : "sell",
      "i" : "DOTUSD-PERP",
      "m" : "4611686018434446647"
    }, {
      "d" : "1756459506552708285",
      "t" : 1756459506552,
      "tn" : 1756459506552708285,
      "q" : "100.0",
      "p" : "3.7876",
      "s" : "sell",
      "i" : "DOTUSD-PERP",
      "m" : "4611686018434446646"
    }, {
      "d" : "1756459506329809637",
      "t" : 1756459506329,
      "tn" : 1756459506329809637,
      "q" : "14.1",
      "p" : "3.7876",
      "s" : "sell",
      "i" : "DOTUSD-PERP",
      "m" : "4611686018434446645"
    }, {
      "d" : "1756459505990222524",
      "t" : 1756459505990,
      "tn" : 1756459505990222524,
      "q" : "78.2",
      "p" : "3.7876",
      "s" : "sell",
      "i" : "DOTUSD-PERP",
      "m" : "4611686018434446644"
    }, {
      "d" : "1756459501628299282",
      "t" : 1756459501628,
      "tn" : 1756459501628299282,
      "q" : "24.8",
      "p" : "3.7884",
      "s" : "sell",
      "i" : "DOTUSD-PERP",
      "m" : "4611686018434446643"
    }, {
      "d" : "1756459462055596215",
      "t" : 1756459462055,
      "tn" : 1756459462055596215,
      "q" : "19.7",
      "p" : "3.7886",
      "s" : "buy",
      "i" : "DOTUSD-PERP",
      "m" : "4611686018434446642"
    }, {
      "d" : "1756459462055594793",
      "t" : 1756459462055,
      "tn" : 1756459462055594793,
      "q" : "0.1",
      "p" : "3.7884",
      "s" : "buy",
      "i" : "DOTUSD-PERP",
      "m" : "4611686018434446641"
    }, {
      "d" : "1756459462055592386",
      "t" : 1756459462055,
      "tn" : 1756459462055592386,
      "q" : "0.1",
      "p" : "3.7876",
      "s" : "buy",
      "i" : "DOTUSD-PERP",
      "m" : "4611686018434446640"
    }, {
      "d" : "1756459462032839193",
      "t" : 1756459462032,
      "tn" : 1756459462032839193,
      "q" : "24.9",
      "p" : "3.7869",
      "s" : "sell",
      "i" : "DOTUSD-PERP",
      "m" : "4611686018434446639"
    }, {
      "d" : "1756459462032837865",
      "t" : 1756459462032,
      "tn" : 1756459462032837865,
      "q" : "0.1",
      "p" : "3.7873",
      "s" : "sell",
      "i" : "DOTUSD-PERP",
      "m" : "4611686018434446638"
    }, {
      "d" : "1756459461112499403",
      "t" : 1756459461112,
      "tn" : 1756459461112499403,
      "q" : "19.9",
      "p" : "3.7868",
      "s" : "buy",
      "i" : "DOTUSD-PERP",
      "m" : "4611686018434446637"
    }, {
      "d" : "1756459428933227311",
      "t" : 1756459428933,
      "tn" : 1756459428933227311,
      "q" : "0.1",
      "p" : "3.7886",
      "s" : "buy",
      "i" : "DOTUSD-PERP",
      "m" : "4611686018434446636"
    }, {
      "d" : "1756459401467122425",
      "t" : 1756459401467,
      "tn" : 1756459401467122425,
      "q" : "65.9",
      "p" : "3.7903",
      "s" : "sell",
      "i" : "DOTUSD-PERP",
      "m" : "4611686018434446635"
    }, {
      "d" : "1756459396340615784",
      "t" : 1756459396340,
      "tn" : 1756459396340615784,
      "q" : "65.8",
      "p" : "3.7918",
      "s" : "sell",
      "i" : "DOTUSD-PERP",
      "m" : "4611686018434446634"
    }, {
      "d" : "1756459364782266118",
      "t" : 1756459364782,
      "tn" : 1756459364782266118,
      "q" : "52.4",
      "p" : "3.7932",
      "s" : "sell",
      "i" : "DOTUSD-PERP",
      "m" : "4611686018434446633"
    }, {
      "d" : "1756459364782264080",
      "t" : 1756459364782,
      "tn" : 1756459364782264080,
      "q" : "0.1",
      "p" : "3.7933",
      "s" : "sell",
      "i" : "DOTUSD-PERP",
      "m" : "4611686018434446632"
    }, {
      "d" : "1756459360589754870",
      "t" : 1756459360589,
      "tn" : 1756459360589754870,
      "q" : "19.0",
      "p" : "3.7935",
      "s" : "sell",
      "i" : "DOTUSD-PERP",
      "m" : "4611686018434446631"
    }, {
      "d" : "1756459360589752632",
      "t" : 1756459360589,
      "tn" : 1756459360589752632,
      "q" : "30.9",
      "p" : "3.7938",
      "s" : "sell",
      "i" : "DOTUSD-PERP",
      "m" : "4611686018434446630"
    }, {
      "d" : "1756459360589749742",
      "t" : 1756459360589,
      "tn" : 1756459360589749742,
      "q" : "0.1",
      "p" : "3.7943",
      "s" : "sell",
      "i" : "DOTUSD-PERP",
      "m" : "4611686018434446629"
    }, {
      "d" : "1756459293983776045",
      "t" : 1756459293983,
      "tn" : 1756459293983776045,
      "q" : "0.1",
      "p" : "3.7916",
      "s" : "buy",
      "i" : "DOTUSD-PERP",
      "m" : "4611686018434446628"
    }, {
      "d" : "1756459088241996918",
      "t" : 1756459088241,
      "tn" : 1756459088241996918,
      "q" : "0.1",
      "p" : "3.7783",
      "s" : "sell",
      "i" : "DOTUSD-PERP",
      "m" : "4611686018434446627"
    }, {
      "d" : "1756459087518429600",
      "t" : 1756459087518,
      "tn" : 1756459087518429600,
      "q" : "0.1",
      "p" : "3.7776",
      "s" : "buy",
      "i" : "DOTUSD-PERP",
      "m" : "4611686018434446626"
    }, {
      "d" : "1756459064524409617",
      "t" : 1756459064524,
      "tn" : 1756459064524409617,
      "q" : "0.1",
      "p" : "3.7726",
      "s" : "buy",
      "i" : "DOTUSD-PERP",
      "m" : "4611686018434446625"
    }, {
      "d" : "1756459050190076318",
      "t" : 1756459050190,
      "tn" : 1756459050190076318,
      "q" : "0.1",
      "p" : "3.7730",
      "s" : "sell",
      "i" : "DOTUSD-PERP",
      "m" : "4611686018434446624"
    }, {
      "d" : "1756459050186667405",
      "t" : 1756459050186,
      "tn" : 1756459050186667405,
      "q" : "66.1",
      "p" : "3.7730",
      "s" : "sell",
      "i" : "DOTUSD-PERP",
      "m" : "4611686018434446623"
    }, {
      "d" : "1756459050186665821",
      "t" : 1756459050186,
      "tn" : 1756459050186665821,
      "q" : "0.1",
      "p" : "3.7732",
      "s" : "sell",
      "i" : "DOTUSD-PERP",
      "m" : "4611686018434446622"
    }, {
      "d" : "1756459039402561006",
      "t" : 1756459039402,
      "tn" : 1756459039402561006,
      "q" : "50.6",
      "p" : "3.7735",
      "s" : "buy",
      "i" : "DOTUSD-PERP",
      "m" : "4611686018434446621"
    }, {
      "d" : "1756459039250612301",
      "t" : 1756459039250,
      "tn" : 1756459039250612301,
      "q" : "0.1",
      "p" : "3.7743",
      "s" : "sell",
      "i" : "DOTUSD-PERP",
      "m" : "4611686018434446620"
    }, {
      "d" : "1756459005625258394",
      "t" : 1756459005625,
      "tn" : 1756459005625258394,
      "q" : "0.1",
      "p" : "3.7753",
      "s" : "sell",
      "i" : "DOTUSD-PERP",
      "m" : "4611686018434446619"
    }, {
      "d" : "1756459005206914734",
      "t" : 1756459005206,
      "tn" : 1756459005206914734,
      "q" : "0.1",
      "p" : "3.7753",
      "s" : "sell",
      "i" : "DOTUSD-PERP",
      "m" : "4611686018434446618"
    }, {
      "d" : "1756458930286848634",
      "t" : 1756458930286,
      "tn" : 1756458930286848634,
      "q" : "0.1",
      "p" : "3.7693",
      "s" : "sell",
      "i" : "DOTUSD-PERP",
      "m" : "4611686018434446617"
    }, {
      "d" : "1756458919262923530",
      "t" : 1756458919262,
      "tn" : 1756458919262923530,
      "q" : "52.3",
      "p" : "3.7681",
      "s" : "buy",
      "i" : "DOTUSD-PERP",
      "m" : "4611686018434446616"
    }, {
      "d" : "1756458919262921811",
      "t" : 1756458919262,
      "tn" : 1756458919262921811,
      "q" : "0.1",
      "p" : "3.7676",
      "s" : "buy",
      "i" : "DOTUSD-PERP",
      "m" : "4611686018434446615"
    }, {
      "d" : "1756458914972710317",
      "t" : 1756458914972,
      "tn" : 1756458914972710317,
      "q" : "0.1",
      "p" : "3.7683",
      "s" : "sell",
      "i" : "DOTUSD-PERP",
      "m" : "4611686018434446614"
    }, {
      "d" : "1756458914761186986",
      "t" : 1756458914761,
      "tn" : 1756458914761186986,
      "q" : "0.1",
      "p" : "3.7693",
      "s" : "sell",
      "i" : "DOTUSD-PERP",
      "m" : "4611686018434446613"
    }, {
      "d" : "1756458889472643657",
      "t" : 1756458889472,
      "tn" : 1756458889472643657,
      "q" : "0.1",
      "p" : "3.7713",
      "s" : "sell",
      "i" : "DOTUSD-PERP",
      "m" : "4611686018434446612"
    }, {
      "d" : "1756458810329249329",
      "t" : 1756458810329,
      "tn" : 1756458810329249329,
      "q" : "0.1",
      "p" : "3.7743",
      "s" : "sell",
      "i" : "DOTUSD-PERP",
      "m" : "4611686018434446611"
    }, {
      "d" : "1756458804430731199",
      "t" : 1756458804430,
      "tn" : 1756458804430731199,
      "q" : "66.2",
      "p" : "3.7741",
      "s" : "sell",
      "i" : "DOTUSD-PERP",
      "m" : "4611686018434446610"
    }, {
      "d" : "1756458804430728310",
      "t" : 1756458804430,
      "tn" : 1756458804430728310,
      "q" : "0.1",
      "p" : "3.7743",
      "s" : "sell",
      "i" : "DOTUSD-PERP",
      "m" : "4611686018434446609"
    }, {
      "d" : "1756458795276016137",
      "t" : 1756458795276,
      "tn" : 1756458795276016137,
      "q" : "0.1",
      "p" : "3.7754",
      "s" : "sell",
      "i" : "DOTUSD-PERP",
      "m" : "4611686018434446608"
    }, {
      "d" : "1756458793518141703",
      "t" : 1756458793518,
      "tn" : 1756458793518141703,
      "q" : "0.1",
      "p" : "3.7754",
      "s" : "sell",
      "i" : "DOTUSD-PERP",
      "m" : "4611686018434446607"
    }, {
      "d" : "1756458792979791095",
      "t" : 1756458792979,
      "tn" : 1756458792979791095,
      "q" : "0.1",
      "p" : "3.7754",
      "s" : "sell",
      "i" : "DOTUSD-PERP",
      "m" : "4611686018434446606"
    }, {
      "d" : "1756458792695733836",
      "t" : 1756458792695,
      "tn" : 1756458792695733836,
      "q" : "10.0",
      "p" : "3.7748",
      "s" : "sell",
      "i" : "DOTUSD-PERP",
      "m" : "4611686018434446605"
    }, {
      "d" : "1756458792695731421",
      "t" : 1756458792695,
      "tn" : 1756458792695731421,
      "q" : "0.1",
      "p" : "3.7754",
      "s" : "sell",
      "i" : "DOTUSD-PERP",
      "m" : "4611686018434446604"
    }, {
      "d" : "1756458792534812544",
      "t" : 1756458792534,
      "tn" : 1756458792534812544,
      "q" : "0.1",
      "p" : "3.7754",
      "s" : "sell",
      "i" : "DOTUSD-PERP",
      "m" : "4611686018434446603"
    }, {
      "d" : "1756458786544173257",
      "t" : 1756458786544,
      "tn" : 1756458786544173257,
      "q" : "0.1",
      "p" : "3.7754",
      "s" : "sell",
      "i" : "DOTUSD-PERP",
      "m" : "4611686018434446602"
    }, {
      "d" : "1756458785884900611",
      "t" : 1756458785884,
      "tn" : 1756458785884900611,
      "q" : "0.1",
      "p" : "3.7754",
      "s" : "sell",
      "i" : "DOTUSD-PERP",
      "m" : "4611686018434446601"
    }, {
      "d" : "1756458747730508120",
      "t" : 1756458747730,
      "tn" : 1756458747730508120,
      "q" : "0.1",
      "p" : "3.7704",
      "s" : "buy",
      "i" : "DOTUSD-PERP",
      "m" : "4611686018434446600"
    }, {
      "d" : "1756458747729496530",
      "t" : 1756458747729,
      "tn" : 1756458747729496530,
      "q" : "0.1",
      "p" : "3.7697",
      "s" : "buy",
      "i" : "DOTUSD-PERP",
      "m" : "4611686018434446599"
    }, {
      "d" : "1756458667476916422",
      "t" : 1756458667476,
      "tn" : 1756458667476916422,
      "q" : "0.1",
      "p" : "3.7674",
      "s" : "sell",
      "i" : "DOTUSD-PERP",
      "m" : "4611686018434446598"
    }, {
      "d" : "1756458660570034811",
      "t" : 1756458660570,
      "tn" : 1756458660570034811,
      "q" : "0.1",
      "p" : "3.7648",
      "s" : "buy",
      "i" : "DOTUSD-PERP",
      "m" : "4611686018434446597"
    }, {
      "d" : "1756458660566561359",
      "t" : 1756458660566,
      "tn" : 1756458660566561359,
      "q" : "66.3",
      "p" : "3.7648",
      "s" : "buy",
      "i" : "DOTUSD-PERP",
      "m" : "4611686018434446596"
    }, {
      "d" : "1756458660566560562",
      "t" : 1756458660566,
      "tn" : 1756458660566560562,
      "q" : "0.1",
      "p" : "3.7647",
      "s" : "buy",
      "i" : "DOTUSD-PERP",
      "m" : "4611686018434446595"
    }, {
      "d" : "1756458589630945747",
      "t" : 1756458589630,
      "tn" : 1756458589630945747,
      "q" : "0.1",
      "p" : "3.7648",
      "s" : "sell",
      "i" : "DOTUSD-PERP",
      "m" : "4611686018434446594"
    }, {
      "d" : "1756458589527255895",
      "t" : 1756458589527,
      "tn" : 1756458589527255895,
      "q" : "0.1",
      "p" : "3.7654",
      "s" : "sell",
      "i" : "DOTUSD-PERP",
      "m" : "4611686018434446593"
    }, {
      "d" : "1756458588963577809",
      "t" : 1756458588963,
      "tn" : 1756458588963577809,
      "q" : "0.1",
      "p" : "3.7664",
      "s" : "sell",
      "i" : "DOTUSD-PERP",
      "m" : "4611686018434446592"
    }, {
      "d" : "1756458587299622816",
      "t" : 1756458587299,
      "tn" : 1756458587299622816,
      "q" : "0.1",
      "p" : "3.7664",
      "s" : "sell",
      "i" : "DOTUSD-PERP",
      "m" : "4611686018434446591"
    }, {
      "d" : "1756458525219907111",
      "t" : 1756458525219,
      "tn" : 1756458525219907111,
      "q" : "0.1",
      "p" : "3.7635",
      "s" : "sell",
      "i" : "DOTUSD-PERP",
      "m" : "4611686018434446590"
    }, {
      "d" : "1756458518199650129",
      "t" : 1756458518199,
      "tn" : 1756458518199650129,
      "q" : "0.1",
      "p" : "3.7635",
      "s" : "sell",
      "i" : "DOTUSD-PERP",
      "m" : "4611686018434446589"
    }, {
      "d" : "1756458518087363370",
      "t" : 1756458518087,
      "tn" : 1756458518087363370,
      "q" : "0.1",
      "p" : "3.7635",
      "s" : "sell",
      "i" : "DOTUSD-PERP",
      "m" : "4611686018434446588"
    }, {
      "d" : "1756458517633018407",
      "t" : 1756458517633,
      "tn" : 1756458517633018407,
      "q" : "0.1",
      "p" : "3.7635",
      "s" : "sell",
      "i" : "DOTUSD-PERP",
      "m" : "4611686018434446587"
    }, {
      "d" : "1756458502360981025",
      "t" : 1756458502360,
      "tn" : 1756458502360981025,
      "q" : "0.1",
      "p" : "3.7605",
      "s" : "sell",
      "i" : "DOTUSD-PERP",
      "m" : "4611686018434446586"
    }, {
      "d" : "1756458483870392361",
      "t" : 1756458483870,
      "tn" : 1756458483870392361,
      "q" : "0.5",
      "p" : "3.7580",
      "s" : "sell",
      "i" : "DOTUSD-PERP",
      "m" : "4611686018434446585"
    } ]
  }
}