{
  "id" : -1,
  "method" : "public/get-trades",
  "code" : 0,
  "result" : {
    "data" : [ {
      "d" : "1756456947114831645",
      "t" : 1756456947114,
      "tn" : 1756456947114831645,
      "q" : "164",
      "p" : "0.6078",
      "s" : "sell",
      "i" : "DRIFTUSD-PERP",
      "m" : "4611686018427589246"
    }, {
      "d" : "1756456947114830189",
      "t" : 1756456947114,
      "tn" : 1756456947114830189,
      "q" : "1",
      "p" : "0.6083",
      "s" : "sell",
      "i" : "DRIFTUSD-PERP",
      "m" : "4611686018427589245"
    }, {
      "d" : "1756456947113281357",
      "t" : 1756456947113,
      "tn" : 1756456947113281357,
      "q" : "164",
      "p" : "0.6079",
      "s" : "sell",
      "i" : "DRIFTUSD-PERP",
      "m" : "4611686018427589244"
    }, {
      "d" : "1756456947113279323",
      "t" : 1756456947113,
      "tn" : 1756456947113279323,
      "q" : "1",
      "p" : "0.6087",
      "s" : "sell",
      "i" : "DRIFTUSD-PERP",
      "m" : "4611686018427589243"
    }, {
      "d" : "1756456947113275723",
      "t" : 1756456947113,
      "tn" : 1756456947113275723,
      "q" : "1",
      "p" : "0.6089",
      "s" : "sell",
      "i" : "DRIFTUSD-PERP",
      "m" : "4611686018427589242"
    }, {
      "d" : "1756441328851136669",
      "t" : 1756441328851,
      "tn" : 1756441328851136669,
      "q" : "1",
      "p" : "0.6317",
      "s" : "buy",
      "i" : "DRIFTUSD-PERP",
      "m" : "4611686018427589241"
    }, {
      "d" : "1756441328851135095",
      "t" : 1756441328851,
      "tn" : 1756441328851135095,
      "q" : "235",
      "p" : "0.6316",
      "s" : "buy",
      "i" : "DRIFTUSD-PERP",
      "m" : "4611686018427589240"
    }, {
      "d" : "1756441328851132619",
      "t" : 1756441328851,
      "tn" : 1756441328851132619,
      "q" : "1",
      "p" : "0.6308",
      "s" : "buy",
      "i" : "DRIFTUSD-PERP",
      "m" : "4611686018427589239"
    }, {
      "d" : "1756441328849761522",
      "t" : 1756441328849,
      "tn" : 1756441328849761522,
      "q" : "1",
      "p" : "0.6296",
      "s" : "buy",
      "i" : "DRIFTUSD-PERP",
      "m" : "4611686018427589238"
    }, {
      "d" : "1756441328849759918",
      "t" : 1756441328849,
      "tn" : 1756441328849759918,
      "q" : "1",
      "p" : "0.6293",
      "s" : "buy",
      "i" : "DRIFTUSD-PERP",
      "m" : "4611686018427589237"
    }, {
      "d" : "1756427413654327692",
      "t" : 1756427413654,
      "tn" : 1756427413654327692,
      "q" : "154",
      "p" : "0.6458",
      "s" : "sell",
      "i" : "DRIFTUSD-PERP",
      "m" : "4611686018427589236"
    }, {
      "d" : "1756426684050634006",
      "t" : 1756426684050,
      "tn" : 1756426684050634006,
      "q" : "76",
      "p" : "0.6542",
      "s" : "buy",
      "i" : "DRIFTUSD-PERP",
      "m" : "4611686018427589235"
    }, {
      "d" : "1756426684050631687",
      "t" : 1756426684050,
      "tn" : 1756426684050631687,
      "q" : "76",
      "p" : "0.6541",
      "s" : "buy",
      "i" : "DRIFTUSD-PERP",
      "m" : "4611686018427589234"
    }, {
      "d" : "1756426684049879037",
      "t" : 1756426684049,
      "tn" : 1756426684049879037,
      "q" : "1",
      "p" : "0.6527",
      "s" : "buy",
      "i" : "DRIFTUSD-PERP",
      "m" : "4611686018427589233"
    }, {
      "d" : "1756426249517647593",
      "t" : 1756426249517,
      "tn" : 1756426249517647593,
      "q" : "152",
      "p" : "0.6567",
      "s" : "sell",
      "i" : "DRIFTUSD-PERP",
      "m" : "4611686018427589232"
    }, {
      "d" : "1756426231761482098",
      "t" : 1756426231761,
      "tn" : 1756426231761482098,
      "q" : "1",
      "p" : "0.6496",
      "s" : "buy",
      "i" : "DRIFTUSD-PERP",
      "m" : "4611686018427589231"
    }, {
      "d" : "1756426231756105449",
      "t" : 1756426231756,
      "tn" : 1756426231756105449,
      "q" : "1",
      "p" : "0.6492",
      "s" : "buy",
      "i" : "DRIFTUSD-PERP",
      "m" : "4611686018427589230"
    }, {
      "d" : "1756425761208894191",
      "t" : 1756425761208,
      "tn" : 1756425761208894191,
      "q" : "1",
      "p" : "0.6738",
      "s" : "buy",
      "i" : "DRIFTUSD-PERP",
      "m" : "4611686018427589229"
    }, {
      "d" : "1756425761208892154",
      "t" : 1756425761208,
      "tn" : 1756425761208892154,
      "q" : "105",
      "p" : "0.6732",
      "s" : "buy",
      "i" : "DRIFTUSD-PERP",
      "m" : "4611686018427589228"
    }, {
      "d" : "1756425761208466955",
      "t" : 1756425761208,
      "tn" : 1756425761208466955,
      "q" : "1",
      "p" : "0.6726",
      "s" : "buy",
      "i" : "DRIFTUSD-PERP",
      "m" : "4611686018427589227"
    }, {
      "d" : "1756425761207443324",
      "t" : 1756425761207,
      "tn" : 1756425761207443324,
      "q" : "74",
      "p" : "0.6726",
      "s" : "buy",
      "i" : "DRIFTUSD-PERP",
      "m" : "4611686018427589226"
    }, {
      "d" : "1756425761206854754",
      "t" : 1756425761206,
      "tn" : 1756425761206854754,
      "q" : "68",
      "p" : "0.6720",
      "s" : "buy",
      "i" : "DRIFTUSD-PERP",
      "m" : "4611686018427589225"
    }, {
      "d" : "1756425761206825256",
      "t" : 1756425761206,
      "tn" : 1756425761206825255,
      "q" : "74",
      "p" : "0.6718",
      "s" : "buy",
      "i" : "DRIFTUSD-PERP",
      "m" : "4611686018427589224"
    }, {
      "d" : "1756425761206825255",
      "t" : 1756425761206,
      "tn" : 1756425761206825255,
      "q" : "39",
      "p" : "0.6718",
      "s" : "buy",
      "i" : "DRIFTUSD-PERP",
      "m" : "4611686018427589224"
    }, {
      "d" : "1756425761206215770",
      "t" : 1756425761206,
      "tn" : 1756425761206215770,
      "q" : "149",
      "p" : "0.6718",
      "s" : "buy",
      "i" : "DRIFTUSD-PERP",
      "m" : "4611686018427589223"
    }, {
      "d" : "1756425761206214075",
      "t" : 1756425761206,
      "tn" : 1756425761206214075,
      "q" : "74",
      "p" : "0.6717",
      "s" : "buy",
      "i" : "DRIFTUSD-PERP",
      "m" : "4611686018427589222"
    }, {
      "d" : "1756425761206211443",
      "t" : 1756425761206,
      "tn" : 1756425761206211443,
      "q" : "74",
      "p" : "0.6716",
      "s" : "buy",
      "i" : "DRIFTUSD-PERP",
      "m" : "4611686018427589221"
    }, {
      "d" : "1756425728506231534",
      "t" : 1756425728506,
      "tn" : 1756425728506231534,
      "q" : "6",
      "p" : "0.6683",
      "s" : "buy",
      "i" : "DRIFTUSD-PERP",
      "m" : "4611686018427589220"
    }, {
      "d" : "1756425728506229770",
      "t" : 1756425728506,
      "tn" : 1756425728506229770,
      "q" : "75",
      "p" : "0.6678",
      "s" : "buy",
      "i" : "DRIFTUSD-PERP",
      "m" : "4611686018427589219"
    }, {
      "d" : "1756425728498759232",
      "t" : 1756425728498,
      "tn" : 1756425728498759232,
      "q" : "75",
      "p" : "0.6673",
      "s" : "buy",
      "i" : "DRIFTUSD-PERP",
      "m" : "4611686018427589218"
    }, {
      "d" : "1756425728497934097",
      "t" : 1756425728497,
      "tn" : 1756425728497934097,
      "q" : "7",
      "p" : "0.6673",
      "s" : "buy",
      "i" : "DRIFTUSD-PERP",
      "m" : "4611686018427589217"
    }, {
      "d" : "1756425728497932764",
      "t" : 1756425728497,
      "tn" : 1756425728497932764,
      "q" : "68",
      "p" : "0.6672",
      "s" : "buy",
      "i" : "DRIFTUSD-PERP",
      "m" : "4611686018427589216"
    }, {
      "d" : "1756425728497928444",
      "t" : 1756425728497,
      "tn" : 1756425728497928444,
      "q" : "89",
      "p" : "0.6671",
      "s" : "buy",
      "i" : "DRIFTUSD-PERP",
      "m" : "4611686018427589215"
    }, {
      "d" : "1756425728497331715",
      "t" : 1756425728497,
      "tn" : 1756425728497331715,
      "q" : "99",
      "p" : "0.6671",
      "s" : "buy",
      "i" : "DRIFTUSD-PERP",
      "m" : "4611686018427589214"
    }, {
      "d" : "1756425728496214991",
      "t" : 1756425728496,
      "tn" : 1756425728496214991,
      "q" : "1",
      "p" : "0.6656",
      "s" : "buy",
      "i" : "DRIFTUSD-PERP",
      "m" : "4611686018427589213"
    }, {
      "d" : "1756425718455801956",
      "t" : 1756425718455,
      "tn" : 1756425718455801956,
      "q" : "128",
      "p" : "0.6623",
      "s" : "buy",
      "i" : "DRIFTUSD-PERP",
      "m" : "4611686018427589212"
    }, {
      "d" : "1756425375251826585",
      "t" : 1756425375251,
      "tn" : 1756425375251826585,
      "q" : "1",
      "p" : "0.6606",
      "s" : "buy",
      "i" : "DRIFTUSD-PERP",
      "m" : "4611686018427589211"
    }, {
      "d" : "1756402613520615280",
      "t" : 1756402613520,
      "tn" : 1756402613520615280,
      "q" : "303",
      "p" : "0.6558",
      "s" : "buy",
      "i" : "DRIFTUSD-PERP",
      "m" : "4611686018427589210"
    }, {
      "d" : "1756402613520613899",
      "t" : 1756402613520,
      "tn" : 1756402613520613899,
      "q" : "1",
      "p" : "0.6556",
      "s" : "buy",
      "i" : "DRIFTUSD-PERP",
      "m" : "4611686018427589209"
    }, {
      "d" : "1756402613455874647",
      "t" : 1756402613455,
      "tn" : 1756402613455874647,
      "q" : "68",
      "p" : "0.6546",
      "s" : "buy",
      "i" : "DRIFTUSD-PERP",
      "m" : "4611686018427589208"
    }, {
      "d" : "1756402613455413800",
      "t" : 1756402613455,
      "tn" : 1756402613455413800,
      "q" : "188",
      "p" : "0.6545",
      "s" : "buy",
      "i" : "DRIFTUSD-PERP",
      "m" : "4611686018427589207"
    }, {
      "d" : "1756402613454773639",
      "t" : 1756402613454,
      "tn" : 1756402613454773639,
      "q" : "76",
      "p" : "0.6539",
      "s" : "buy",
      "i" : "DRIFTUSD-PERP",
      "m" : "4611686018427589206"
    }, {
      "d" : "1756402613454771408",
      "t" : 1756402613454,
      "tn" : 1756402613454771408,
      "q" : "76",
      "p" : "0.6538",
      "s" : "buy",
      "i" : "DRIFTUSD-PERP",
      "m" : "4611686018427589205"
    }, {
      "d" : "1756402613454769147",
      "t" : 1756402613454,
      "tn" : 1756402613454769147,
      "q" : "76",
      "p" : "0.6537",
      "s" : "buy",
      "i" : "DRIFTUSD-PERP",
      "m" : "4611686018427589204"
    }, {
      "d" : "1756402613454766880",
      "t" : 1756402613454,
      "tn" : 1756402613454766880,
      "q" : "76",
      "p" : "0.6536",
      "s" : "buy",
      "i" : "DRIFTUSD-PERP",
      "m" : "4611686018427589203"
    }, {
      "d" : "1756402613453812716",
      "t" : 1756402613453,
      "tn" : 1756402613453812716,
      "q" : "1",
      "p" : "0.6521",
      "s" : "buy",
      "i" : "DRIFTUSD-PERP",
      "m" : "4611686018427589202"
    }, {
      "d" : "1756402613453810497",
      "t" : 1756402613453,
      "tn" : 1756402613453810497,
      "q" : "1",
      "p" : "0.6519",
      "s" : "buy",
      "i" : "DRIFTUSD-PERP",
      "m" : "4611686018427589201"
    }, {
      "d" : "1756395366722775017",
      "t" : 1756395366722,
      "tn" : 1756395366722775017,
      "q" : "42",
      "p" : "0.6379",
      "s" : "sell",
      "i" : "DRIFTUSD-PERP",
      "m" : "4611686018427589200"
    }, {
      "d" : "1756395366722773628",
      "t" : 1756395366722,
      "tn" : 1756395366722773628,
      "q" : "78",
      "p" : "0.6380",
      "s" : "sell",
      "i" : "DRIFTUSD-PERP",
      "m" : "4611686018427589199"
    }, {
      "d" : "1756395366722771592",
      "t" : 1756395366722,
      "tn" : 1756395366722771592,
      "q" : "156",
      "p" : "0.6384",
      "s" : "sell",
      "i" : "DRIFTUSD-PERP",
      "m" : "4611686018427589198"
    }, {
      "d" : "1756395366563265310",
      "t" : 1756395366563,
      "tn" : 1756395366563265310,
      "q" : "1",
      "p" : "0.6378",
      "s" : "buy",
      "i" : "DRIFTUSD-PERP",
      "m" : "4611686018427589197"
    }, {
      "d" : "1756395366563262779",
      "t" : 1756395366563,
      "tn" : 1756395366563262779,
      "q" : "1",
      "p" : "0.6377",
      "s" : "buy",
      "i" : "DRIFTUSD-PERP",
      "m" : "4611686018427589196"
    }, {
      "d" : "1756386576992186558",
      "t" : 1756386576992,
      "tn" : 1756386576992186558,
      "q" : "1",
      "p" : "0.6719",
      "s" : "buy",
      "i" : "DRIFTUSD-PERP",
      "m" : "4611686018427589195"
    }, {
      "d" : "1756386576992184812",
      "t" : 1756386576992,
      "tn" : 1756386576992184812,
      "q" : "1",
      "p" : "0.6718",
      "s" : "buy",
      "i" : "DRIFTUSD-PERP",
      "m" : "4611686018427589194"
    } ]
  }
}