{
  "id" : -1,
  "method" : "public/get-trades",
  "code" : 0,
  "result" : {
    "data" : [ {
      "d" : "1756456947120523804",
      "t" : 1756456947120,
      "tn" : 1756456947120523804,
      "q" : "98.8",
      "p" : "0.60776",
      "s" : "sell",
      "i" : "DRIFT_USD",
      "m" : "4611686018427833277"
    }, {
      "d" : "1756456947120522296",
      "t" : 1756456947120,
      "tn" : 1756456947120522296,
      "q" : "62.2",
      "p" : "0.60777",
      "s" : "sell",
      "i" : "DRIFT_USD",
      "m" : "4611686018427833276"
    }, {
      "d" : "1756456947117861565",
      "t" : 1756456947117,
      "tn" : 1756456947117861565,
      "q" : "101.8",
      "p" : "0.60776",
      "s" : "sell",
      "i" : "DRIFT_USD",
      "m" : "4611686018427833275"
    }, {
      "d" : "1756456947117860326",
      "t" : 1756456947117,
      "tn" : 1756456947117860326,
      "q" : "62.2",
      "p" : "0.60777",
      "s" : "sell",
      "i" : "DRIFT_USD",
      "m" : "4611686018427833274"
    }, {
      "d" : "1756456947113380152",
      "t" : 1756456947113,
      "tn" : 1756456947113380152,
      "q" : "98.9",
      "p" : "0.60776",
      "s" : "sell",
      "i" : "DRIFT_USD",
      "m" : "4611686018427833273"
    }, {
      "d" : "1756456947113378492",
      "t" : 1756456947113,
      "tn" : 1756456947113378492,
      "q" : "62.0",
      "p" : "0.60777",
      "s" : "sell",
      "i" : "DRIFT_USD",
      "m" : "4611686018427833272"
    }, {
      "d" : "1756454913713521959",
      "t" : 1756454913713,
      "tn" : 1756454913713521959,
      "q" : "21.1",
      "p" : "0.61198",
      "s" : "sell",
      "i" : "DRIFT_USD",
      "m" : "4611686018427833271"
    }, {
      "d" : "1756454483660230071",
      "t" : 1756454483660,
      "tn" : 1756454483660230071,
      "q" : "326.0",
      "p" : "0.61333",
      "s" : "buy",
      "i" : "DRIFT_USD",
      "m" : "4611686018427833270"
    }, {
      "d" : "1756452366819968099",
      "t" : 1756452366819,
      "tn" : 1756452366819968099,
      "q" : "24.0",
      "p" : "0.61089",
      "s" : "sell",
      "i" : "DRIFT_USD",
      "m" : "4611686018427833269"
    }, {
      "d" : "1756451064555091878",
      "t" : 1756451064555,
      "tn" : 1756451064555091878,
      "q" : "227.1",
      "p" : "0.62232",
      "s" : "buy",
      "i" : "DRIFT_USD",
      "m" : "4611686018427833268"
    }, {
      "d" : "1756441328849870838",
      "t" : 1756441328849,
      "tn" : 1756441328849870838,
      "q" : "79.0",
      "p" : "0.63103",
      "s" : "buy",
      "i" : "DRIFT_USD",
      "m" : "4611686018427833267"
    }, {
      "d" : "1756430205551007938",
      "t" : 1756430205551,
      "tn" : 1756430205551007938,
      "q" : "313.9",
      "p" : "0.63459",
      "s" : "buy",
      "i" : "DRIFT_USD",
      "m" : "4611686018427833266"
    }, {
      "d" : "1756427413655211017",
      "t" : 1756427413655,
      "tn" : 1756427413655211017,
      "q" : "88.7",
      "p" : "0.64603",
      "s" : "sell",
      "i" : "DRIFT_USD",
      "m" : "4611686018427833265"
    }, {
      "d" : "1756427413655209642",
      "t" : 1756427413655,
      "tn" : 1756427413655209642,
      "q" : "65.1",
      "p" : "0.64604",
      "s" : "sell",
      "i" : "DRIFT_USD",
      "m" : "4611686018427833264"
    }, {
      "d" : "1756427413627908522",
      "t" : 1756427413627,
      "tn" : 1756427413627908522,
      "q" : "244.8",
      "p" : "0.64603",
      "s" : "sell",
      "i" : "DRIFT_USD",
      "m" : "4611686018427833263"
    }, {
      "d" : "1756427413627906253",
      "t" : 1756427413627,
      "tn" : 1756427413627906253,
      "q" : "65.1",
      "p" : "0.64604",
      "s" : "sell",
      "i" : "DRIFT_USD",
      "m" : "4611686018427833262"
    }, {
      "d" : "1756426602495385139",
      "t" : 1756426602495,
      "tn" : 1756426602495385139,
      "q" : "272.9",
      "p" : "0.65314",
      "s" : "buy",
      "i" : "DRIFT_USD",
      "m" : "4611686018427833261"
    }, {
      "d" : "1756426251115861425",
      "t" : 1756426251115,
      "tn" : 1756426251115861425,
      "q" : "99.8",
      "p" : "0.66076",
      "s" : "buy",
      "i" : "DRIFT_USD",
      "m" : "4611686018427833260"
    }, {
      "d" : "1756426249518600043",
      "t" : 1756426249518,
      "tn" : 1756426249518600043,
      "q" : "151.0",
      "p" : "0.65697",
      "s" : "sell",
      "i" : "DRIFT_USD",
      "m" : "4611686018427833259"
    }, {
      "d" : "1756426074688724848",
      "t" : 1756426074688,
      "tn" : 1756426074688724848,
      "q" : "155.7",
      "p" : "0.64071",
      "s" : "sell",
      "i" : "DRIFT_USD",
      "m" : "4611686018427833258"
    }, {
      "d" : "1756425862583680236",
      "t" : 1756425862583,
      "tn" : 1756425862583680236,
      "q" : "10.3",
      "p" : "0.65432",
      "s" : "sell",
      "i" : "DRIFT_USD",
      "m" : "4611686018427833257"
    }, {
      "d" : "1756425845012406206",
      "t" : 1756425845012,
      "tn" : 1756425845012406206,
      "q" : "28.0",
      "p" : "0.65433",
      "s" : "sell",
      "i" : "DRIFT_USD",
      "m" : "4611686018427833256"
    }, {
      "d" : "1756425845007617470",
      "t" : 1756425845007,
      "tn" : 1756425845007617469,
      "q" : "20.7",
      "p" : "0.65433",
      "s" : "sell",
      "i" : "DRIFT_USD",
      "m" : "4611686018427833255"
    }, {
      "d" : "1756425845007617469",
      "t" : 1756425845007,
      "tn" : 1756425845007617469,
      "q" : "6.3",
      "p" : "0.65433",
      "s" : "sell",
      "i" : "DRIFT_USD",
      "m" : "4611686018427833255"
    }, {
      "d" : "1756425844861658016",
      "t" : 1756425844861,
      "tn" : 1756425844861658016,
      "q" : "24.0",
      "p" : "0.65433",
      "s" : "sell",
      "i" : "DRIFT_USD",
      "m" : "4611686018427833254"
    }, {
      "d" : "1756425842217791981",
      "t" : 1756425842217,
      "tn" : 1756425842217791981,
      "q" : "24.0",
      "p" : "0.65433",
      "s" : "sell",
      "i" : "DRIFT_USD",
      "m" : "4611686018427833253"
    }, {
      "d" : "1756425841334668110",
      "t" : 1756425841334,
      "tn" : 1756425841334668110,
      "q" : "25.0",
      "p" : "0.65433",
      "s" : "sell",
      "i" : "DRIFT_USD",
      "m" : "4611686018427833252"
    }, {
      "d" : "1756425836508893490",
      "t" : 1756425836508,
      "tn" : 1756425836508893490,
      "q" : "23.0",
      "p" : "0.65433",
      "s" : "sell",
      "i" : "DRIFT_USD",
      "m" : "4611686018427833251"
    }, {
      "d" : "1756425836299326242",
      "t" : 1756425836299,
      "tn" : 1756425836299326242,
      "q" : "26.0",
      "p" : "0.65433",
      "s" : "sell",
      "i" : "DRIFT_USD",
      "m" : "4611686018427833250"
    }, {
      "d" : "1756425836269347063",
      "t" : 1756425836269,
      "tn" : 1756425836269347063,
      "q" : "37.0",
      "p" : "0.65433",
      "s" : "sell",
      "i" : "DRIFT_USD",
      "m" : "4611686018427833249"
    }, {
      "d" : "1756425835507454091",
      "t" : 1756425835507,
      "tn" : 1756425835507454091,
      "q" : "47.0",
      "p" : "0.65433",
      "s" : "sell",
      "i" : "DRIFT_USD",
      "m" : "4611686018427833248"
    }, {
      "d" : "1756425812333160282",
      "t" : 1756425812333,
      "tn" : 1756425812333160282,
      "q" : "12.4",
      "p" : "0.65910",
      "s" : "sell",
      "i" : "DRIFT_USD",
      "m" : "4611686018427833247"
    }, {
      "d" : "1756425810576455242",
      "t" : 1756425810576,
      "tn" : 1756425810576455242,
      "q" : "24.0",
      "p" : "0.65910",
      "s" : "sell",
      "i" : "DRIFT_USD",
      "m" : "4611686018427833246"
    }, {
      "d" : "1756425761208900757",
      "t" : 1756425761208,
      "tn" : 1756425761208900757,
      "q" : "36.3",
      "p" : "0.67220",
      "s" : "buy",
      "i" : "DRIFT_USD",
      "m" : "4611686018427833245"
    }, {
      "d" : "1756425728496257019",
      "t" : 1756425728496,
      "tn" : 1756425728496257019,
      "q" : "49.1",
      "p" : "0.66428",
      "s" : "buy",
      "i" : "DRIFT_USD",
      "m" : "4611686018427833244"
    }, {
      "d" : "1756425718455914476",
      "t" : 1756425718455,
      "tn" : 1756425718455914476,
      "q" : "22.7",
      "p" : "0.65991",
      "s" : "buy",
      "i" : "DRIFT_USD",
      "m" : "4611686018427833243"
    }, {
      "d" : "1756425665624097282",
      "t" : 1756425665624,
      "tn" : 1756425665624097282,
      "q" : "24.0",
      "p" : "0.65432",
      "s" : "sell",
      "i" : "DRIFT_USD",
      "m" : "4611686018427833242"
    }, {
      "d" : "1756425634395007624",
      "t" : 1756425634395,
      "tn" : 1756425634395007624,
      "q" : "41.0",
      "p" : "0.65433",
      "s" : "sell",
      "i" : "DRIFT_USD",
      "m" : "4611686018427833241"
    }, {
      "d" : "1756425634207343764",
      "t" : 1756425634207,
      "tn" : 1756425634207343763,
      "q" : "171.0",
      "p" : "0.65433",
      "s" : "sell",
      "i" : "DRIFT_USD",
      "m" : "4611686018427833240"
    }, {
      "d" : "1756425634207343763",
      "t" : 1756425634207,
      "tn" : 1756425634207343763,
      "q" : "134.8",
      "p" : "0.65433",
      "s" : "sell",
      "i" : "DRIFT_USD",
      "m" : "4611686018427833240"
    }, {
      "d" : "1756425375254253739",
      "t" : 1756425375254,
      "tn" : 1756425375254253739,
      "q" : "150.0",
      "p" : "0.66268",
      "s" : "buy",
      "i" : "DRIFT_USD",
      "m" : "4611686018427833239"
    }, {
      "d" : "1756425375252821466",
      "t" : 1756425375252,
      "tn" : 1756425375252821466,
      "q" : "303.0",
      "p" : "0.66268",
      "s" : "buy",
      "i" : "DRIFT_USD",
      "m" : "4611686018427833238"
    }, {
      "d" : "1756425374738048640",
      "t" : 1756425374738,
      "tn" : 1756425374738048640,
      "q" : "304.1",
      "p" : "0.66007",
      "s" : "buy",
      "i" : "DRIFT_USD",
      "m" : "4611686018427833237"
    }, {
      "d" : "1756415279358184505",
      "t" : 1756415279358,
      "tn" : 1756415279358184505,
      "q" : "151.1",
      "p" : "0.65934",
      "s" : "buy",
      "i" : "DRIFT_USD",
      "m" : "4611686018427833236"
    }, {
      "d" : "1756405804825583494",
      "t" : 1756405804825,
      "tn" : 1756405804825583494,
      "q" : "303.0",
      "p" : "0.65913",
      "s" : "buy",
      "i" : "DRIFT_USD",
      "m" : "4611686018427833235"
    }, {
      "d" : "1756402581892130424",
      "t" : 1756402581892,
      "tn" : 1756402581892130424,
      "q" : "304.9",
      "p" : "0.65053",
      "s" : "buy",
      "i" : "DRIFT_USD",
      "m" : "4611686018427833234"
    }, {
      "d" : "1756400371135942519",
      "t" : 1756400371135,
      "tn" : 1756400371135942519,
      "q" : "12.1",
      "p" : "0.63900",
      "s" : "sell",
      "i" : "DRIFT_USD",
      "m" : "4611686018427833233"
    }, {
      "d" : "1756396844375714952",
      "t" : 1756396844375,
      "tn" : 1756396844375714952,
      "q" : "155.9",
      "p" : "0.64099",
      "s" : "buy",
      "i" : "DRIFT_USD",
      "m" : "4611686018427833232"
    }, {
      "d" : "1756395388173044567",
      "t" : 1756395388173,
      "tn" : 1756395388173044567,
      "q" : "24.0",
      "p" : "0.63900",
      "s" : "sell",
      "i" : "DRIFT_USD",
      "m" : "4611686018427833231"
    }, {
      "d" : "1756395372500641176",
      "t" : 1756395372500,
      "tn" : 1756395372500641176,
      "q" : "25.0",
      "p" : "0.63900",
      "s" : "sell",
      "i" : "DRIFT_USD",
      "m" : "4611686018427833230"
    }, {
      "d" : "1756395372423264734",
      "t" : 1756395372423,
      "tn" : 1756395372423264734,
      "q" : "25.0",
      "p" : "0.63900",
      "s" : "sell",
      "i" : "DRIFT_USD",
      "m" : "4611686018427833229"
    }, {
      "d" : "1756395371932445356",
      "t" : 1756395371932,
      "tn" : 1756395371932445356,
      "q" : "24.0",
      "p" : "0.63900",
      "s" : "sell",
      "i" : "DRIFT_USD",
      "m" : "4611686018427833228"
    }, {
      "d" : "1756395371762994714",
      "t" : 1756395371762,
      "tn" : 1756395371762994714,
      "q" : "25.0",
      "p" : "0.63900",
      "s" : "sell",
      "i" : "DRIFT_USD",
      "m" : "4611686018427833227"
    }, {
      "d" : "1756395371650774209",
      "t" : 1756395371650,
      "tn" : 1756395371650774209,
      "q" : "35.0",
      "p" : "0.63900",
      "s" : "sell",
      "i" : "DRIFT_USD",
      "m" : "4611686018427833226"
    }, {
      "d" : "1756395371572980078",
      "t" : 1756395371572,
      "tn" : 1756395371572980078,
      "q" : "40.0",
      "p" : "0.63900",
      "s" : "sell",
      "i" : "DRIFT_USD",
      "m" : "4611686018427833225"
    }, {
      "d" : "1756395371514628344",
      "t" : 1756395371514,
      "tn" : 1756395371514628344,
      "q" : "39.0",
      "p" : "0.63900",
      "s" : "sell",
      "i" : "DRIFT_USD",
      "m" : "4611686018427833224"
    }, {
      "d" : "1756395371380763074",
      "t" : 1756395371380,
      "tn" : 1756395371380763074,
      "q" : "55.0",
      "p" : "0.63900",
      "s" : "sell",
      "i" : "DRIFT_USD",
      "m" : "4611686018427833223"
    }, {
      "d" : "1756395371156905657",
      "t" : 1756395371156,
      "tn" : 1756395371156905657,
      "q" : "24.0",
      "p" : "0.63900",
      "s" : "sell",
      "i" : "DRIFT_USD",
      "m" : "4611686018427833222"
    }, {
      "d" : "1756395370261991725",
      "t" : 1756395370261,
      "tn" : 1756395370261991725,
      "q" : "24.0",
      "p" : "0.63900",
      "s" : "sell",
      "i" : "DRIFT_USD",
      "m" : "4611686018427833221"
    }, {
      "d" : "1756395370119207404",
      "t" : 1756395370119,
      "tn" : 1756395370119207404,
      "q" : "28.0",
      "p" : "0.63900",
      "s" : "sell",
      "i" : "DRIFT_USD",
      "m" : "4611686018427833220"
    }, {
      "d" : "1756395370016730535",
      "t" : 1756395370016,
      "tn" : 1756395370016730535,
      "q" : "28.0",
      "p" : "0.63900",
      "s" : "sell",
      "i" : "DRIFT_USD",
      "m" : "4611686018427833219"
    }, {
      "d" : "1756395369913962105",
      "t" : 1756395369913,
      "tn" : 1756395369913962105,
      "q" : "40.0",
      "p" : "0.63900",
      "s" : "sell",
      "i" : "DRIFT_USD",
      "m" : "4611686018427833218"
    }, {
      "d" : "1756395369771528205",
      "t" : 1756395369771,
      "tn" : 1756395369771528205,
      "q" : "56.0",
      "p" : "0.63900",
      "s" : "sell",
      "i" : "DRIFT_USD",
      "m" : "4611686018427833217"
    }, {
      "d" : "1756395369460504796",
      "t" : 1756395369460,
      "tn" : 1756395369460504796,
      "q" : "24.0",
      "p" : "0.63900",
      "s" : "sell",
      "i" : "DRIFT_USD",
      "m" : "4611686018427833216"
    }, {
      "d" : "1756395368955590906",
      "t" : 1756395368955,
      "tn" : 1756395368955590906,
      "q" : "41.0",
      "p" : "0.63900",
      "s" : "sell",
      "i" : "DRIFT_USD",
      "m" : "4611686018427833215"
    }, {
      "d" : "1756395366964734186",
      "t" : 1756395366964,
      "tn" : 1756395366964734186,
      "q" : "35.0",
      "p" : "0.63900",
      "s" : "sell",
      "i" : "DRIFT_USD",
      "m" : "4611686018427833214"
    }, {
      "d" : "1756395366955349429",
      "t" : 1756395366955,
      "tn" : 1756395366955349429,
      "q" : "49.0",
      "p" : "0.63900",
      "s" : "sell",
      "i" : "DRIFT_USD",
      "m" : "4611686018427833213"
    }, {
      "d" : "1756395366910557667",
      "t" : 1756395366910,
      "tn" : 1756395366910557667,
      "q" : "50.0",
      "p" : "0.63900",
      "s" : "sell",
      "i" : "DRIFT_USD",
      "m" : "4611686018427833212"
    }, {
      "d" : "1756395366724669175",
      "t" : 1756395366724,
      "tn" : 1756395366724669175,
      "q" : "120.0",
      "p" : "0.63900",
      "s" : "sell",
      "i" : "DRIFT_USD",
      "m" : "4611686018427833211"
    }, {
      "d" : "1756395366723909455",
      "t" : 1756395366723,
      "tn" : 1756395366723909455,
      "q" : "155.9",
      "p" : "0.63900",
      "s" : "sell",
      "i" : "DRIFT_USD",
      "m" : "4611686018427833210"
    }, {
      "d" : "1756395366720927284",
      "t" : 1756395366720,
      "tn" : 1756395366720927284,
      "q" : "36.8",
      "p" : "0.63900",
      "s" : "sell",
      "i" : "DRIFT_USD",
      "m" : "4611686018427833209"
    }, {
      "d" : "1756394625095767742",
      "t" : 1756394625095,
      "tn" : 1756394625095767742,
      "q" : "313.0",
      "p" : "0.63672",
      "s" : "buy",
      "i" : "DRIFT_USD",
      "m" : "4611686018427833208"
    }, {
      "d" : "1756391387989299181",
      "t" : 1756391387989,
      "tn" : 1756391387989299181,
      "q" : "23.1",
      "p" : "0.65359",
      "s" : "buy",
      "i" : "DRIFT_USD",
      "m" : "4611686018427833207"
    }, {
      "d" : "1756391387989296910",
      "t" : 1756391387989,
      "tn" : 1756391387989296910,
      "q" : "24.1",
      "p" : "0.65359",
      "s" : "buy",
      "i" : "DRIFT_USD",
      "m" : "4611686018427833206"
    }, {
      "d" : "1756391387989294570",
      "t" : 1756391387989,
      "tn" : 1756391387989294570,
      "q" : "23.1",
      "p" : "0.65359",
      "s" : "buy",
      "i" : "DRIFT_USD",
      "m" : "4611686018427833205"
    }, {
      "d" : "1756391387989289810",
      "t" : 1756391387989,
      "tn" : 1756391387989289810,
      "q" : "23.1",
      "p" : "0.65359",
      "s" : "buy",
      "i" : "DRIFT_USD",
      "m" : "4611686018427833204"
    }, {
      "d" : "1756391387853143433",
      "t" : 1756391387853,
      "tn" : 1756391387853143433,
      "q" : "23.1",
      "p" : "0.64872",
      "s" : "buy",
      "i" : "DRIFT_USD",
      "m" : "4611686018427833203"
    }, {
      "d" : "1756386576988500029",
      "t" : 1756386576988,
      "tn" : 1756386576988500029,
      "q" : "293.9",
      "p" : "0.67213",
      "s" : "buy",
      "i" : "DRIFT_USD",
      "m" : "4611686018427833202"
    }, {
      "d" : "1756382529617341423",
      "t" : 1756382529617,
      "tn" : 1756382529617341423,
      "q" : "268.8",
      "p" : "0.65362",
      "s" : "sell",
      "i" : "DRIFT_USD",
      "m" : "4611686018427833201"
    }, {
      "d" : "1756382529616494877",
      "t" : 1756382529616,
      "tn" : 1756382529616494877,
      "q" : "33.0",
      "p" : "0.65661",
      "s" : "sell",
      "i" : "DRIFT_USD",
      "m" : "4611686018427833200"
    }, {
      "d" : "1756382528788684348",
      "t" : 1756382528788,
      "tn" : 1756382528788684348,
      "q" : "24.0",
      "p" : "0.65661",
      "s" : "sell",
      "i" : "DRIFT_USD",
      "m" : "4611686018427833199"
    }, {
      "d" : "1756382528513061763",
      "t" : 1756382528513,
      "tn" : 1756382528513061763,
      "q" : "24.0",
      "p" : "0.65661",
      "s" : "sell",
      "i" : "DRIFT_USD",
      "m" : "4611686018427833198"
    }, {
      "d" : "1756382515595549051",
      "t" : 1756382515595,
      "tn" : 1756382515595549051,
      "q" : "34.0",
      "p" : "0.65661",
      "s" : "sell",
      "i" : "DRIFT_USD",
      "m" : "4611686018427833197"
    }, {
      "d" : "1756382497716828734",
      "t" : 1756382497716,
      "tn" : 1756382497716828734,
      "q" : "42.0",
      "p" : "0.65661",
      "s" : "sell",
      "i" : "DRIFT_USD",
      "m" : "4611686018427833196"
    }, {
      "d" : "1756382497075615276",
      "t" : 1756382497075,
      "tn" : 1756382497075615276,
      "q" : "43.0",
      "p" : "0.65661",
      "s" : "sell",
      "i" : "DRIFT_USD",
      "m" : "4611686018427833195"
    }, {
      "d" : "1756382366668094439",
      "t" : 1756382366668,
      "tn" : 1756382366668094439,
      "q" : "200.0",
      "p" : "0.65899",
      "s" : "buy",
      "i" : "DRIFT_USD",
      "m" : "4611686018427833194"
    }, {
      "d" : "1756382359692238630",
      "t" : 1756382359692,
      "tn" : 1756382359692238630,
      "q" : "200.0",
      "p" : "0.65893",
      "s" : "buy",
      "i" : "DRIFT_USD",
      "m" : "4611686018427833193"
    }, {
      "d" : "1756382353089919014",
      "t" : 1756382353089,
      "tn" : 1756382353089919014,
      "q" : "200.0",
      "p" : "0.65800",
      "s" : "buy",
      "i" : "DRIFT_USD",
      "m" : "4611686018427833192"
    }, {
      "d" : "1756382350878245656",
      "t" : 1756382350878,
      "tn" : 1756382350878245656,
      "q" : "200.0",
      "p" : "0.65731",
      "s" : "buy",
      "i" : "DRIFT_USD",
      "m" : "4611686018427833191"
    }, {
      "d" : "1756381717130976154",
      "t" : 1756381717130,
      "tn" : 1756381717130976154,
      "q" : "304.9",
      "p" : "0.65074",
      "s" : "buy",
      "i" : "DRIFT_USD",
      "m" : "4611686018427833190"
    }, {
      "d" : "1756374806971105034",
      "t" : 1756374806971,
      "tn" : 1756374806971105034,
      "q" : "315.9",
      "p" : "0.62909",
      "s" : "sell",
      "i" : "DRIFT_USD",
      "m" : "4611686018427833189"
    } ]
  }
}