{
  "id" : -1,
  "method" : "public/get-trades",
  "code" : 0,
  "result" : {
    "data" : [ {
      "d" : "1756460540253501879",
      "t" : 1756460540253,
      "tn" : 1756460540253501879,
      "q" : "165.9",
      "p" : "0.6011",
      "s" : "sell",
      "i" : "DYDX_USD",
      "m" : "4611686018430284082"
    }, {
      "d" : "1756460540188488651",
      "t" : 1756460540188,
      "tn" : 1756460540188488651,
      "q" : "11.6",
      "p" : "0.6079",
      "s" : "sell",
      "i" : "DYDX_USD",
      "m" : "4611686018430284081"
    }, {
      "d" : "1756459644291384179",
      "t" : 1756459644291,
      "tn" : 1756459644291384179,
      "q" : "0.2",
      "p" : "0.6080",
      "s" : "buy",
      "i" : "DYDX_USD",
      "m" : "4611686018430284080"
    }, {
      "d" : "1756459469791581866",
      "t" : 1756459469791,
      "tn" : 1756459469791581866,
      "q" : "0.2",
      "p" : "0.6078",
      "s" : "buy",
      "i" : "DYDX_USD",
      "m" : "4611686018430284079"
    }, {
      "d" : "1756459397102819928",
      "t" : 1756459397102,
      "tn" : 1756459397102819928,
      "q" : "10.0",
      "p" : "0.6091",
      "s" : "buy",
      "i" : "DYDX_USD",
      "m" : "4611686018430284078"
    }, {
      "d" : "1756459372262370143",
      "t" : 1756459372262,
      "tn" : 1756459372262370143,
      "q" : "30.1",
      "p" : "0.6073",
      "s" : "sell",
      "i" : "DYDX_USD",
      "m" : "4611686018430284077"
    }, {
      "d" : "1756459350346654391",
      "t" : 1756459350346,
      "tn" : 1756459350346654391,
      "q" : "3.2",
      "p" : "0.6091",
      "s" : "buy",
      "i" : "DYDX_USD",
      "m" : "4611686018430284076"
    }, {
      "d" : "1756457734291534596",
      "t" : 1756457734291,
      "tn" : 1756457734291534596,
      "q" : "0.2",
      "p" : "0.6068",
      "s" : "buy",
      "i" : "DYDX_USD",
      "m" : "4611686018430284075"
    }, {
      "d" : "1756456177304534032",
      "t" : 1756456177304,
      "tn" : 1756456177304534032,
      "q" : "50.3",
      "p" : "0.6086",
      "s" : "sell",
      "i" : "DYDX_USD",
      "m" : "4611686018430284074"
    }, {
      "d" : "1756456044291645168",
      "t" : 1756456044291,
      "tn" : 1756456044291645168,
      "q" : "0.2",
      "p" : "0.6106",
      "s" : "buy",
      "i" : "DYDX_USD",
      "m" : "4611686018430284073"
    }, {
      "d" : "1756455869791202818",
      "t" : 1756455869791,
      "tn" : 1756455869791202818,
      "q" : "0.2",
      "p" : "0.6099",
      "s" : "buy",
      "i" : "DYDX_USD",
      "m" : "4611686018430284072"
    }, {
      "d" : "1756454134291702748",
      "t" : 1756454134291,
      "tn" : 1756454134291702748,
      "q" : "0.1",
      "p" : "0.6165",
      "s" : "buy",
      "i" : "DYDX_USD",
      "m" : "4611686018430284071"
    }, {
      "d" : "1756452444291377979",
      "t" : 1756452444291,
      "tn" : 1756452444291377979,
      "q" : "0.2",
      "p" : "0.6150",
      "s" : "buy",
      "i" : "DYDX_USD",
      "m" : "4611686018430284070"
    }, {
      "d" : "1756452332099806434",
      "t" : 1756452332099,
      "tn" : 1756452332099806434,
      "q" : "112.5",
      "p" : "0.6154",
      "s" : "sell",
      "i" : "DYDX_USD",
      "m" : "4611686018430284069"
    }, {
      "d" : "1756452269792015238",
      "t" : 1756452269792,
      "tn" : 1756452269792015238,
      "q" : "0.2",
      "p" : "0.6163",
      "s" : "buy",
      "i" : "DYDX_USD",
      "m" : "4611686018430284068"
    }, {
      "d" : "1756452051138657211",
      "t" : 1756452051138,
      "tn" : 1756452051138657211,
      "q" : "14.8",
      "p" : "0.6186",
      "s" : "buy",
      "i" : "DYDX_USD",
      "m" : "4611686018430284067"
    }, {
      "d" : "1756450534292217778",
      "t" : 1756450534292,
      "tn" : 1756450534292217778,
      "q" : "0.1",
      "p" : "0.6293",
      "s" : "buy",
      "i" : "DYDX_USD",
      "m" : "4611686018430284066"
    }, {
      "d" : "1756449590870080855",
      "t" : 1756449590870,
      "tn" : 1756449590870080855,
      "q" : "30.5",
      "p" : "0.6281",
      "s" : "sell",
      "i" : "DYDX_USD",
      "m" : "4611686018430284065"
    }, {
      "d" : "1756448844291545278",
      "t" : 1756448844291,
      "tn" : 1756448844291545278,
      "q" : "0.2",
      "p" : "0.6295",
      "s" : "buy",
      "i" : "DYDX_USD",
      "m" : "4611686018430284064"
    }, {
      "d" : "1756448669791916093",
      "t" : 1756448669791,
      "tn" : 1756448669791916093,
      "q" : "0.2",
      "p" : "0.6296",
      "s" : "buy",
      "i" : "DYDX_USD",
      "m" : "4611686018430284063"
    }, {
      "d" : "1756446934291895847",
      "t" : 1756446934291,
      "tn" : 1756446934291895847,
      "q" : "0.1",
      "p" : "0.6345",
      "s" : "buy",
      "i" : "DYDX_USD",
      "m" : "4611686018430284062"
    }, {
      "d" : "1756445730958267783",
      "t" : 1756445730958,
      "tn" : 1756445730958267783,
      "q" : "5.3",
      "p" : "0.6341",
      "s" : "buy",
      "i" : "DYDX_USD",
      "m" : "4611686018430284061"
    }, {
      "d" : "1756444879009357348",
      "t" : 1756444879009,
      "tn" : 1756444879009357348,
      "q" : "24.7",
      "p" : "0.6347",
      "s" : "buy",
      "i" : "DYDX_USD",
      "m" : "4611686018430284060"
    }, {
      "d" : "1756443937359372748",
      "t" : 1756443937359,
      "tn" : 1756443937359372748,
      "q" : "1.7",
      "p" : "0.6343",
      "s" : "buy",
      "i" : "DYDX_USD",
      "m" : "4611686018430284059"
    }, {
      "d" : "1756443392489158691",
      "t" : 1756443392489,
      "tn" : 1756443392489158691,
      "q" : "62.5",
      "p" : "0.6355",
      "s" : "buy",
      "i" : "DYDX_USD",
      "m" : "4611686018430284058"
    }, {
      "d" : "1756443334291512905",
      "t" : 1756443334291,
      "tn" : 1756443334291512905,
      "q" : "0.1",
      "p" : "0.6367",
      "s" : "buy",
      "i" : "DYDX_USD",
      "m" : "4611686018430284057"
    }, {
      "d" : "1756442815324781782",
      "t" : 1756442815324,
      "tn" : 1756442815324781782,
      "q" : "42.3",
      "p" : "0.6382",
      "s" : "sell",
      "i" : "DYDX_USD",
      "m" : "4611686018430284056"
    }, {
      "d" : "1756442807068094909",
      "t" : 1756442807068,
      "tn" : 1756442807068094909,
      "q" : "104.5",
      "p" : "0.6379",
      "s" : "sell",
      "i" : "DYDX_USD",
      "m" : "4611686018430284055"
    }, {
      "d" : "1756442485036421220",
      "t" : 1756442485036,
      "tn" : 1756442485036421220,
      "q" : "98.1",
      "p" : "0.6388",
      "s" : "buy",
      "i" : "DYDX_USD",
      "m" : "4611686018430284054"
    }, {
      "d" : "1756442485034316621",
      "t" : 1756442485034,
      "tn" : 1756442485034316621,
      "q" : "22.1",
      "p" : "0.6388",
      "s" : "sell",
      "i" : "DYDX_USD",
      "m" : "4611686018430284053"
    }, {
      "d" : "1756440764991658159",
      "t" : 1756440764991,
      "tn" : 1756440764991658159,
      "q" : "12.8",
      "p" : "0.6385",
      "s" : "buy",
      "i" : "DYDX_USD",
      "m" : "4611686018430284052"
    }, {
      "d" : "1756440619758138758",
      "t" : 1756440619758,
      "tn" : 1756440619758138758,
      "q" : "6.7",
      "p" : "0.6389",
      "s" : "buy",
      "i" : "DYDX_USD",
      "m" : "4611686018430284051"
    }, {
      "d" : "1756440185887940362",
      "t" : 1756440185887,
      "tn" : 1756440185887940362,
      "q" : "2.5",
      "p" : "0.6410",
      "s" : "buy",
      "i" : "DYDX_USD",
      "m" : "4611686018430284050"
    }, {
      "d" : "1756439734291835713",
      "t" : 1756439734291,
      "tn" : 1756439734291835713,
      "q" : "0.1",
      "p" : "0.6414",
      "s" : "buy",
      "i" : "DYDX_USD",
      "m" : "4611686018430284049"
    }, {
      "d" : "1756437204951141546",
      "t" : 1756437204951,
      "tn" : 1756437204951141546,
      "q" : "160.0",
      "p" : "0.6353",
      "s" : "sell",
      "i" : "DYDX_USD",
      "m" : "4611686018430284048"
    }, {
      "d" : "1756436280202682909",
      "t" : 1756436280202,
      "tn" : 1756436280202682909,
      "q" : "133.1",
      "p" : "0.6357",
      "s" : "sell",
      "i" : "DYDX_USD",
      "m" : "4611686018430284047"
    }, {
      "d" : "1756436276952203409",
      "t" : 1756436276952,
      "tn" : 1756436276952203409,
      "q" : "45.4",
      "p" : "0.6362",
      "s" : "sell",
      "i" : "DYDX_USD",
      "m" : "4611686018430284046"
    }, {
      "d" : "1756436134291906601",
      "t" : 1756436134291,
      "tn" : 1756436134291906601,
      "q" : "0.1",
      "p" : "0.6373",
      "s" : "buy",
      "i" : "DYDX_USD",
      "m" : "4611686018430284045"
    }, {
      "d" : "1756432534291818495",
      "t" : 1756432534291,
      "tn" : 1756432534291818495,
      "q" : "0.1",
      "p" : "0.6356",
      "s" : "buy",
      "i" : "DYDX_USD",
      "m" : "4611686018430284044"
    }, {
      "d" : "1756431538475590270",
      "t" : 1756431538475,
      "tn" : 1756431538475590270,
      "q" : "722.5",
      "p" : "0.6358",
      "s" : "sell",
      "i" : "DYDX_USD",
      "m" : "4611686018430284043"
    }, {
      "d" : "1756431538465299079",
      "t" : 1756431538465,
      "tn" : 1756431538465299079,
      "q" : "45.4",
      "p" : "0.6358",
      "s" : "buy",
      "i" : "DYDX_USD",
      "m" : "4611686018430284042"
    }, {
      "d" : "1756430610465136112",
      "t" : 1756430610465,
      "tn" : 1756430610465136112,
      "q" : "37.8",
      "p" : "0.6331",
      "s" : "sell",
      "i" : "DYDX_USD",
      "m" : "4611686018430284041"
    }, {
      "d" : "1756430370620836953",
      "t" : 1756430370620,
      "tn" : 1756430370620836953,
      "q" : "45.4",
      "p" : "0.6357",
      "s" : "sell",
      "i" : "DYDX_USD",
      "m" : "4611686018430284040"
    }, {
      "d" : "1756429950808175439",
      "t" : 1756429950808,
      "tn" : 1756429950808175439,
      "q" : "45.0",
      "p" : "0.6387",
      "s" : "buy",
      "i" : "DYDX_USD",
      "m" : "4611686018430284039"
    }, {
      "d" : "1756429480425410247",
      "t" : 1756429480425,
      "tn" : 1756429480425410247,
      "q" : "30.0",
      "p" : "0.6422",
      "s" : "buy",
      "i" : "DYDX_USD",
      "m" : "4611686018430284038"
    }, {
      "d" : "1756429250821358379",
      "t" : 1756429250821,
      "tn" : 1756429250821358379,
      "q" : "15.2",
      "p" : "0.6437",
      "s" : "sell",
      "i" : "DYDX_USD",
      "m" : "4611686018430284037"
    }, {
      "d" : "1756429250821350279",
      "t" : 1756429250821,
      "tn" : 1756429250821350279,
      "q" : "62.1",
      "p" : "0.6437",
      "s" : "sell",
      "i" : "DYDX_USD",
      "m" : "4611686018430284036"
    }, {
      "d" : "1756429250819384957",
      "t" : 1756429250819,
      "tn" : 1756429250819384957,
      "q" : "10.0",
      "p" : "0.6437",
      "s" : "buy",
      "i" : "DYDX_USD",
      "m" : "4611686018430284035"
    }, {
      "d" : "1756429241287486994",
      "t" : 1756429241287,
      "tn" : 1756429241287486994,
      "q" : "10.0",
      "p" : "0.6428",
      "s" : "sell",
      "i" : "DYDX_USD",
      "m" : "4611686018430284034"
    }, {
      "d" : "1756429137109900768",
      "t" : 1756429137109,
      "tn" : 1756429137109900768,
      "q" : "64.6",
      "p" : "0.6437",
      "s" : "sell",
      "i" : "DYDX_USD",
      "m" : "4611686018430284033"
    }, {
      "d" : "1756429137100372404",
      "t" : 1756429137100,
      "tn" : 1756429137100372404,
      "q" : "45.3",
      "p" : "0.6437",
      "s" : "buy",
      "i" : "DYDX_USD",
      "m" : "4611686018430284032"
    }, {
      "d" : "1756428934292329705",
      "t" : 1756428934292,
      "tn" : 1756428934292329705,
      "q" : "0.1",
      "p" : "0.6428",
      "s" : "buy",
      "i" : "DYDX_USD",
      "m" : "4611686018430284031"
    }, {
      "d" : "1756427369457071794",
      "t" : 1756427369457,
      "tn" : 1756427369457071794,
      "q" : "51.5",
      "p" : "0.6488",
      "s" : "buy",
      "i" : "DYDX_USD",
      "m" : "4611686018430284030"
    }, {
      "d" : "1756426729668332517",
      "t" : 1756426729668,
      "tn" : 1756426729668332517,
      "q" : "45.4",
      "p" : "0.6460",
      "s" : "sell",
      "i" : "DYDX_USD",
      "m" : "4611686018430284029"
    }, {
      "d" : "1756426609996777816",
      "t" : 1756426609996,
      "tn" : 1756426609996777816,
      "q" : "27.6",
      "p" : "0.6467",
      "s" : "sell",
      "i" : "DYDX_USD",
      "m" : "4611686018430284028"
    }, {
      "d" : "1756426609991299434",
      "t" : 1756426609991,
      "tn" : 1756426609991299434,
      "q" : "45.4",
      "p" : "0.6467",
      "s" : "buy",
      "i" : "DYDX_USD",
      "m" : "4611686018430284027"
    }, {
      "d" : "1756426410366413913",
      "t" : 1756426410366,
      "tn" : 1756426410366413913,
      "q" : "2.5",
      "p" : "0.6450",
      "s" : "sell",
      "i" : "DYDX_USD",
      "m" : "4611686018430284026"
    }, {
      "d" : "1756426174976127500",
      "t" : 1756426174976,
      "tn" : 1756426174976127500,
      "q" : "2.5",
      "p" : "0.6448",
      "s" : "buy",
      "i" : "DYDX_USD",
      "m" : "4611686018430284025"
    }, {
      "d" : "1756426016632436161",
      "t" : 1756426016632,
      "tn" : 1756426016632436161,
      "q" : "8.8",
      "p" : "0.6438",
      "s" : "sell",
      "i" : "DYDX_USD",
      "m" : "4611686018430284024"
    }, {
      "d" : "1756425334291469057",
      "t" : 1756425334291,
      "tn" : 1756425334291469057,
      "q" : "0.1",
      "p" : "0.6476",
      "s" : "buy",
      "i" : "DYDX_USD",
      "m" : "4611686018430284023"
    }, {
      "d" : "1756424178354088960",
      "t" : 1756424178354,
      "tn" : 1756424178354088960,
      "q" : "45.4",
      "p" : "0.6454",
      "s" : "sell",
      "i" : "DYDX_USD",
      "m" : "4611686018430284022"
    }, {
      "d" : "1756424131213170536",
      "t" : 1756424131213,
      "tn" : 1756424131213170536,
      "q" : "127.2",
      "p" : "0.6448",
      "s" : "buy",
      "i" : "DYDX_USD",
      "m" : "4611686018430284021"
    }, {
      "d" : "1756424071493257978",
      "t" : 1756424071493,
      "tn" : 1756424071493257978,
      "q" : "35.0",
      "p" : "0.6448",
      "s" : "buy",
      "i" : "DYDX_USD",
      "m" : "4611686018430284020"
    }, {
      "d" : "1756423656834860005",
      "t" : 1756423656834,
      "tn" : 1756423656834860005,
      "q" : "74.8",
      "p" : "0.6452",
      "s" : "buy",
      "i" : "DYDX_USD",
      "m" : "4611686018430284019"
    }, {
      "d" : "1756421734292037612",
      "t" : 1756421734292,
      "tn" : 1756421734292037612,
      "q" : "0.1",
      "p" : "0.6457",
      "s" : "buy",
      "i" : "DYDX_USD",
      "m" : "4611686018430284018"
    }, {
      "d" : "1756420751021969250",
      "t" : 1756420751021,
      "tn" : 1756420751021969250,
      "q" : "28.9",
      "p" : "0.6440",
      "s" : "buy",
      "i" : "DYDX_USD",
      "m" : "4611686018430284017"
    }, {
      "d" : "1756418375745911370",
      "t" : 1756418375745,
      "tn" : 1756418375745911370,
      "q" : "13.8",
      "p" : "0.6352",
      "s" : "buy",
      "i" : "DYDX_USD",
      "m" : "4611686018430284016"
    }, {
      "d" : "1756418134291429812",
      "t" : 1756418134291,
      "tn" : 1756418134291429812,
      "q" : "0.1",
      "p" : "0.6352",
      "s" : "buy",
      "i" : "DYDX_USD",
      "m" : "4611686018430284015"
    }, {
      "d" : "1756415415126437748",
      "t" : 1756415415126,
      "tn" : 1756415415126437748,
      "q" : "14.8",
      "p" : "0.6284",
      "s" : "buy",
      "i" : "DYDX_USD",
      "m" : "4611686018430284014"
    }, {
      "d" : "1756414534291663723",
      "t" : 1756414534291,
      "tn" : 1756414534291663723,
      "q" : "0.1",
      "p" : "0.6276",
      "s" : "buy",
      "i" : "DYDX_USD",
      "m" : "4611686018430284013"
    }, {
      "d" : "1756413062395073292",
      "t" : 1756413062395,
      "tn" : 1756413062395073292,
      "q" : "103.1",
      "p" : "0.6277",
      "s" : "buy",
      "i" : "DYDX_USD",
      "m" : "4611686018430284012"
    }, {
      "d" : "1756411721607523233",
      "t" : 1756411721607,
      "tn" : 1756411721607523233,
      "q" : "137.3",
      "p" : "0.6226",
      "s" : "sell",
      "i" : "DYDX_USD",
      "m" : "4611686018430284011"
    }, {
      "d" : "1756411721601236822",
      "t" : 1756411721601,
      "tn" : 1756411721601236822,
      "q" : "24.9",
      "p" : "0.6226",
      "s" : "buy",
      "i" : "DYDX_USD",
      "m" : "4611686018430284010"
    }, {
      "d" : "1756410934292269895",
      "t" : 1756410934292,
      "tn" : 1756410934292269895,
      "q" : "0.1",
      "p" : "0.6244",
      "s" : "buy",
      "i" : "DYDX_USD",
      "m" : "4611686018430284009"
    }, {
      "d" : "1756410841707074384",
      "t" : 1756410841707,
      "tn" : 1756410841707074384,
      "q" : "25.0",
      "p" : "0.6237",
      "s" : "sell",
      "i" : "DYDX_USD",
      "m" : "4611686018430284008"
    }, {
      "d" : "1756410192507353998",
      "t" : 1756410192507,
      "tn" : 1756410192507353998,
      "q" : "29.0",
      "p" : "0.6250",
      "s" : "buy",
      "i" : "DYDX_USD",
      "m" : "4611686018430284007"
    }, {
      "d" : "1756409201690646847",
      "t" : 1756409201690,
      "tn" : 1756409201690646847,
      "q" : "9.8",
      "p" : "0.6284",
      "s" : "buy",
      "i" : "DYDX_USD",
      "m" : "4611686018430284006"
    }, {
      "d" : "1756408735897343357",
      "t" : 1756408735897,
      "tn" : 1756408735897343357,
      "q" : "4.5",
      "p" : "0.6288",
      "s" : "buy",
      "i" : "DYDX_USD",
      "m" : "4611686018430284005"
    }, {
      "d" : "1756407687338350206",
      "t" : 1756407687338,
      "tn" : 1756407687338350206,
      "q" : "1.9",
      "p" : "0.6301",
      "s" : "buy",
      "i" : "DYDX_USD",
      "m" : "4611686018430284004"
    }, {
      "d" : "1756407334291610755",
      "t" : 1756407334291,
      "tn" : 1756407334291610755,
      "q" : "0.1",
      "p" : "0.6310",
      "s" : "buy",
      "i" : "DYDX_USD",
      "m" : "4611686018430284003"
    }, {
      "d" : "1756403734292004957",
      "t" : 1756403734292,
      "tn" : 1756403734292004957,
      "q" : "0.1",
      "p" : "0.6286",
      "s" : "buy",
      "i" : "DYDX_USD",
      "m" : "4611686018430284002"
    }, {
      "d" : "1756402898424949001",
      "t" : 1756402898424,
      "tn" : 1756402898424949001,
      "q" : "45.4",
      "p" : "0.6278",
      "s" : "sell",
      "i" : "DYDX_USD",
      "m" : "4611686018430284001"
    }, {
      "d" : "1756401714358877519",
      "t" : 1756401714358,
      "tn" : 1756401714358877519,
      "q" : "47.1",
      "p" : "0.6286",
      "s" : "sell",
      "i" : "DYDX_USD",
      "m" : "4611686018430284000"
    }, {
      "d" : "1756401714358572016",
      "t" : 1756401714358,
      "tn" : 1756401714358572016,
      "q" : "63.6",
      "p" : "0.6286",
      "s" : "sell",
      "i" : "DYDX_USD",
      "m" : "4611686018430283999"
    }, {
      "d" : "1756401714355179237",
      "t" : 1756401714355,
      "tn" : 1756401714355179237,
      "q" : "45.4",
      "p" : "0.6286",
      "s" : "buy",
      "i" : "DYDX_USD",
      "m" : "4611686018430283998"
    }, {
      "d" : "1756401561630138543",
      "t" : 1756401561630,
      "tn" : 1756401561630138543,
      "q" : "15.6",
      "p" : "0.6255",
      "s" : "sell",
      "i" : "DYDX_USD",
      "m" : "4611686018430283997"
    }, {
      "d" : "1756400677256287133",
      "t" : 1756400677256,
      "tn" : 1756400677256287133,
      "q" : "15.5",
      "p" : "0.6257",
      "s" : "buy",
      "i" : "DYDX_USD",
      "m" : "4611686018430283996"
    }, {
      "d" : "1756400552959306629",
      "t" : 1756400552959,
      "tn" : 1756400552959306629,
      "q" : "85.2",
      "p" : "0.6247",
      "s" : "sell",
      "i" : "DYDX_USD",
      "m" : "4611686018430283995"
    }, {
      "d" : "1756400428176613953",
      "t" : 1756400428176,
      "tn" : 1756400428176613953,
      "q" : "7.0",
      "p" : "0.6224",
      "s" : "sell",
      "i" : "DYDX_USD",
      "m" : "4611686018430283994"
    }, {
      "d" : "1756400134291893131",
      "t" : 1756400134291,
      "tn" : 1756400134291893131,
      "q" : "0.1",
      "p" : "0.6299",
      "s" : "buy",
      "i" : "DYDX_USD",
      "m" : "4611686018430283993"
    }, {
      "d" : "1756399365526058568",
      "t" : 1756399365526,
      "tn" : 1756399365526058568,
      "q" : "5.6",
      "p" : "0.6328",
      "s" : "sell",
      "i" : "DYDX_USD",
      "m" : "4611686018430283992"
    }, {
      "d" : "1756397725469077309",
      "t" : 1756397725469,
      "tn" : 1756397725469077309,
      "q" : "174.7",
      "p" : "0.6355",
      "s" : "sell",
      "i" : "DYDX_USD",
      "m" : "4611686018430283991"
    }, {
      "d" : "1756397623295176552",
      "t" : 1756397623295,
      "tn" : 1756397623295176552,
      "q" : "112.1",
      "p" : "0.6338",
      "s" : "buy",
      "i" : "DYDX_USD",
      "m" : "4611686018430283990"
    }, {
      "d" : "1756397623287296089",
      "t" : 1756397623287,
      "tn" : 1756397623287296089,
      "q" : "40.4",
      "p" : "0.6338",
      "s" : "sell",
      "i" : "DYDX_USD",
      "m" : "4611686018430283989"
    }, {
      "d" : "1756397532058236029",
      "t" : 1756397532058,
      "tn" : 1756397532058236029,
      "q" : "5.0",
      "p" : "0.6348",
      "s" : "sell",
      "i" : "DYDX_USD",
      "m" : "4611686018430283988"
    }, {
      "d" : "1756397520417514415",
      "t" : 1756397520417,
      "tn" : 1756397520417514415,
      "q" : "314.4",
      "p" : "0.6364",
      "s" : "sell",
      "i" : "DYDX_USD",
      "m" : "4611686018430283987"
    }, {
      "d" : "1756397520413576906",
      "t" : 1756397520413,
      "tn" : 1756397520413576906,
      "q" : "45.3",
      "p" : "0.6364",
      "s" : "buy",
      "i" : "DYDX_USD",
      "m" : "4611686018430283986"
    }, {
      "d" : "1756397482205000884",
      "t" : 1756397482205,
      "tn" : 1756397482205000884,
      "q" : "45.0",
      "p" : "0.6339",
      "s" : "sell",
      "i" : "DYDX_USD",
      "m" : "4611686018430283985"
    }, {
      "d" : "1756397343808814713",
      "t" : 1756397343808,
      "tn" : 1756397343808814713,
      "q" : "124.1",
      "p" : "0.6343",
      "s" : "sell",
      "i" : "DYDX_USD",
      "m" : "4611686018430283984"
    }, {
      "d" : "1756396534291762200",
      "t" : 1756396534291,
      "tn" : 1756396534291762200,
      "q" : "0.1",
      "p" : "0.6323",
      "s" : "buy",
      "i" : "DYDX_USD",
      "m" : "4611686018430283983"
    }, {
      "d" : "1756396249789004153",
      "t" : 1756396249789,
      "tn" : 1756396249789004153,
      "q" : "20.6",
      "p" : "0.6311",
      "s" : "sell",
      "i" : "DYDX_USD",
      "m" : "4611686018430283982"
    }, {
      "d" : "1756395580533400333",
      "t" : 1756395580533,
      "tn" : 1756395580533400333,
      "q" : "24.8",
      "p" : "0.6353",
      "s" : "sell",
      "i" : "DYDX_USD",
      "m" : "4611686018430283981"
    }, {
      "d" : "1756394409084061321",
      "t" : 1756394409084,
      "tn" : 1756394409084061321,
      "q" : "921.5",
      "p" : "0.6392",
      "s" : "sell",
      "i" : "DYDX_USD",
      "m" : "4611686018430283980"
    }, {
      "d" : "1756394409070796222",
      "t" : 1756394409070,
      "tn" : 1756394409070796222,
      "q" : "636.1",
      "p" : "0.6392",
      "s" : "sell",
      "i" : "DYDX_USD",
      "m" : "4611686018430283979"
    }, {
      "d" : "1756393938141010755",
      "t" : 1756393938141,
      "tn" : 1756393938141010755,
      "q" : "161.5",
      "p" : "0.6395",
      "s" : "buy",
      "i" : "DYDX_USD",
      "m" : "4611686018430283978"
    }, {
      "d" : "1756393347859367397",
      "t" : 1756393347859,
      "tn" : 1756393347859367396,
      "q" : "317.4",
      "p" : "0.6455",
      "s" : "buy",
      "i" : "DYDX_USD",
      "m" : "4611686018430283977"
    }, {
      "d" : "1756393347859367396",
      "t" : 1756393347859,
      "tn" : 1756393347859367396,
      "q" : "45.3",
      "p" : "0.6455",
      "s" : "buy",
      "i" : "DYDX_USD",
      "m" : "4611686018430283977"
    }, {
      "d" : "1756393100571959516",
      "t" : 1756393100571,
      "tn" : 1756393100571959516,
      "q" : "8.8",
      "p" : "0.6427",
      "s" : "sell",
      "i" : "DYDX_USD",
      "m" : "4611686018430283976"
    }, {
      "d" : "1756392934291597399",
      "t" : 1756392934291,
      "tn" : 1756392934291597399,
      "q" : "0.1",
      "p" : "0.6444",
      "s" : "buy",
      "i" : "DYDX_USD",
      "m" : "4611686018430283975"
    }, {
      "d" : "1756392586930471321",
      "t" : 1756392586930,
      "tn" : 1756392586930471321,
      "q" : "0.1",
      "p" : "0.6412",
      "s" : "sell",
      "i" : "DYDX_USD",
      "m" : "4611686018430283974"
    }, {
      "d" : "1756392586923093456",
      "t" : 1756392586923,
      "tn" : 1756392586923093456,
      "q" : "15.6",
      "p" : "0.6412",
      "s" : "sell",
      "i" : "DYDX_USD",
      "m" : "4611686018430283973"
    }, {
      "d" : "1756392048187145194",
      "t" : 1756392048187,
      "tn" : 1756392048187145194,
      "q" : "15.7",
      "p" : "0.6426",
      "s" : "buy",
      "i" : "DYDX_USD",
      "m" : "4611686018430283972"
    }, {
      "d" : "1756392039921218299",
      "t" : 1756392039921,
      "tn" : 1756392039921218299,
      "q" : "103.1",
      "p" : "0.6411",
      "s" : "sell",
      "i" : "DYDX_USD",
      "m" : "4611686018430283971"
    }, {
      "d" : "1756391110141331897",
      "t" : 1756391110141,
      "tn" : 1756391110141331897,
      "q" : "7.8",
      "p" : "0.6372",
      "s" : "sell",
      "i" : "DYDX_USD",
      "m" : "4611686018430283970"
    }, {
      "d" : "1756390814823870751",
      "t" : 1756390814823,
      "tn" : 1756390814823870751,
      "q" : "7.6",
      "p" : "0.6427",
      "s" : "buy",
      "i" : "DYDX_USD",
      "m" : "4611686018430283969"
    }, {
      "d" : "1756389702681188516",
      "t" : 1756389702681,
      "tn" : 1756389702681188516,
      "q" : "1400.0",
      "p" : "0.6367",
      "s" : "sell",
      "i" : "DYDX_USD",
      "m" : "4611686018430283968"
    }, {
      "d" : "1756389637392501025",
      "t" : 1756389637392,
      "tn" : 1756389637392501025,
      "q" : "748.4",
      "p" : "0.6390",
      "s" : "buy",
      "i" : "DYDX_USD",
      "m" : "4611686018430283967"
    }, {
      "d" : "1756389560742015589",
      "t" : 1756389560742,
      "tn" : 1756389560742015589,
      "q" : "239.1",
      "p" : "0.6377",
      "s" : "buy",
      "i" : "DYDX_USD",
      "m" : "4611686018430283966"
    }, {
      "d" : "1756389334291729265",
      "t" : 1756389334291,
      "tn" : 1756389334291729265,
      "q" : "0.1",
      "p" : "0.6368",
      "s" : "buy",
      "i" : "DYDX_USD",
      "m" : "4611686018430283965"
    }, {
      "d" : "1756388532576417584",
      "t" : 1756388532576,
      "tn" : 1756388532576417584,
      "q" : "124.9",
      "p" : "0.6356",
      "s" : "buy",
      "i" : "DYDX_USD",
      "m" : "4611686018430283964"
    }, {
      "d" : "1756388429079388535",
      "t" : 1756388429079,
      "tn" : 1756388429079388535,
      "q" : "124.8",
      "p" : "0.6355",
      "s" : "sell",
      "i" : "DYDX_USD",
      "m" : "4611686018430283963"
    }, {
      "d" : "1756388340409400159",
      "t" : 1756388340409,
      "tn" : 1756388340409400159,
      "q" : "164.6",
      "p" : "0.6355",
      "s" : "sell",
      "i" : "DYDX_USD",
      "m" : "4611686018430283962"
    }, {
      "d" : "1756387266441314418",
      "t" : 1756387266441,
      "tn" : 1756387266441314418,
      "q" : "45.3",
      "p" : "0.6359",
      "s" : "sell",
      "i" : "DYDX_USD",
      "m" : "4611686018430283961"
    }, {
      "d" : "1756387220823336469",
      "t" : 1756387220823,
      "tn" : 1756387220823336469,
      "q" : "4.0",
      "p" : "0.6373",
      "s" : "buy",
      "i" : "DYDX_USD",
      "m" : "4611686018430283960"
    }, {
      "d" : "1756387116067819296",
      "t" : 1756387116067,
      "tn" : 1756387116067819296,
      "q" : "669.6",
      "p" : "0.6364",
      "s" : "sell",
      "i" : "DYDX_USD",
      "m" : "4611686018430283959"
    }, {
      "d" : "1756387116062900501",
      "t" : 1756387116062,
      "tn" : 1756387116062900501,
      "q" : "330.4",
      "p" : "0.6364",
      "s" : "buy",
      "i" : "DYDX_USD",
      "m" : "4611686018430283958"
    }, {
      "d" : "1756386934553082945",
      "t" : 1756386934553,
      "tn" : 1756386934553082944,
      "q" : "33.9",
      "p" : "0.6366",
      "s" : "buy",
      "i" : "DYDX_USD",
      "m" : "4611686018430283957"
    }, {
      "d" : "1756386934553082944",
      "t" : 1756386934553,
      "tn" : 1756386934553082944,
      "q" : "45.3",
      "p" : "0.6366",
      "s" : "buy",
      "i" : "DYDX_USD",
      "m" : "4611686018430283957"
    }, {
      "d" : "1756386443946675453",
      "t" : 1756386443946,
      "tn" : 1756386443946675453,
      "q" : "12.5",
      "p" : "0.6331",
      "s" : "sell",
      "i" : "DYDX_USD",
      "m" : "4611686018430283956"
    }, {
      "d" : "1756385791203598756",
      "t" : 1756385791203,
      "tn" : 1756385791203598756,
      "q" : "205.8",
      "p" : "0.6312",
      "s" : "sell",
      "i" : "DYDX_USD",
      "m" : "4611686018430283955"
    }, {
      "d" : "1756385734291701542",
      "t" : 1756385734291,
      "tn" : 1756385734291701542,
      "q" : "0.1",
      "p" : "0.6329",
      "s" : "buy",
      "i" : "DYDX_USD",
      "m" : "4611686018430283954"
    }, {
      "d" : "1756384880937759461",
      "t" : 1756384880937,
      "tn" : 1756384880937759461,
      "q" : "5.1",
      "p" : "0.6317",
      "s" : "sell",
      "i" : "DYDX_USD",
      "m" : "4611686018430283953"
    }, {
      "d" : "1756384214887255845",
      "t" : 1756384214887,
      "tn" : 1756384214887255845,
      "q" : "42.7",
      "p" : "0.6325",
      "s" : "buy",
      "i" : "DYDX_USD",
      "m" : "4611686018430283952"
    }, {
      "d" : "1756383951677254470",
      "t" : 1756383951677,
      "tn" : 1756383951677254470,
      "q" : "6.8",
      "p" : "0.6295",
      "s" : "sell",
      "i" : "DYDX_USD",
      "m" : "4611686018430283951"
    }, {
      "d" : "1756383823846837601",
      "t" : 1756383823846,
      "tn" : 1756383823846837601,
      "q" : "629.8",
      "p" : "0.6301",
      "s" : "sell",
      "i" : "DYDX_USD",
      "m" : "4611686018430283950"
    }, {
      "d" : "1756383793465574397",
      "t" : 1756383793465,
      "tn" : 1756383793465574397,
      "q" : "21.0",
      "p" : "0.6291",
      "s" : "sell",
      "i" : "DYDX_USD",
      "m" : "4611686018430283949"
    }, {
      "d" : "1756383789440863654",
      "t" : 1756383789440,
      "tn" : 1756383789440863654,
      "q" : "45.3",
      "p" : "0.6309",
      "s" : "sell",
      "i" : "DYDX_USD",
      "m" : "4611686018430283948"
    }, {
      "d" : "1756382994328491056",
      "t" : 1756382994328,
      "tn" : 1756382994328491056,
      "q" : "789.1",
      "p" : "0.6335",
      "s" : "buy",
      "i" : "DYDX_USD",
      "m" : "4611686018430283947"
    }, {
      "d" : "1756382922932766040",
      "t" : 1756382922932,
      "tn" : 1756382922932766040,
      "q" : "631.5",
      "p" : "0.6333",
      "s" : "buy",
      "i" : "DYDX_USD",
      "m" : "4611686018430283946"
    }, {
      "d" : "1756382428052729494",
      "t" : 1756382428052,
      "tn" : 1756382428052729494,
      "q" : "24.2",
      "p" : "0.6313",
      "s" : "sell",
      "i" : "DYDX_USD",
      "m" : "4611686018430283945"
    }, {
      "d" : "1756382428045277295",
      "t" : 1756382428045,
      "tn" : 1756382428045277295,
      "q" : "1.9",
      "p" : "0.6313",
      "s" : "buy",
      "i" : "DYDX_USD",
      "m" : "4611686018430283944"
    }, {
      "d" : "1756382134291657910",
      "t" : 1756382134291,
      "tn" : 1756382134291657910,
      "q" : "0.1",
      "p" : "0.6312",
      "s" : "buy",
      "i" : "DYDX_USD",
      "m" : "4611686018430283943"
    }, {
      "d" : "1756380227954393672",
      "t" : 1756380227954,
      "tn" : 1756380227954393672,
      "q" : "2.0",
      "p" : "0.6287",
      "s" : "sell",
      "i" : "DYDX_USD",
      "m" : "4611686018430283942"
    }, {
      "d" : "1756379872350417803",
      "t" : 1756379872350,
      "tn" : 1756379872350417803,
      "q" : "12.9",
      "p" : "0.6307",
      "s" : "sell",
      "i" : "DYDX_USD",
      "m" : "4611686018430283941"
    }, {
      "d" : "1756379872341173931",
      "t" : 1756379872341,
      "tn" : 1756379872341173931,
      "q" : "36.8",
      "p" : "0.6307",
      "s" : "buy",
      "i" : "DYDX_USD",
      "m" : "4611686018430283940"
    }, {
      "d" : "1756378892561716127",
      "t" : 1756378892561,
      "tn" : 1756378892561716127,
      "q" : "6.7",
      "p" : "0.6294",
      "s" : "buy",
      "i" : "DYDX_USD",
      "m" : "4611686018430283939"
    }, {
      "d" : "1756378534291331428",
      "t" : 1756378534291,
      "tn" : 1756378534291331428,
      "q" : "0.1",
      "p" : "0.6293",
      "s" : "buy",
      "i" : "DYDX_USD",
      "m" : "4611686018430283938"
    }, {
      "d" : "1756377618955740062",
      "t" : 1756377618955,
      "tn" : 1756377618955740062,
      "q" : "1.8",
      "p" : "0.6290",
      "s" : "buy",
      "i" : "DYDX_USD",
      "m" : "4611686018430283937"
    }, {
      "d" : "1756376828145943144",
      "t" : 1756376828145,
      "tn" : 1756376828145943144,
      "q" : "46.5",
      "p" : "0.6257",
      "s" : "sell",
      "i" : "DYDX_USD",
      "m" : "4611686018430283936"
    }, {
      "d" : "1756376725355454204",
      "t" : 1756376725355,
      "tn" : 1756376725355454204,
      "q" : "1365.2",
      "p" : "0.6256",
      "s" : "buy",
      "i" : "DYDX_USD",
      "m" : "4611686018430283935"
    } ]
  }
}