{
  "id" : -1,
  "method" : "public/get-trades",
  "code" : 0,
  "result" : {
    "data" : [ {
      "d" : "1756460755038138189",
      "t" : 1756460755038,
      "tn" : 1756460755038138189,
      "q" : "160.0",
      "p" : "0.6082",
      "s" : "buy",
      "i" : "DYDX_USDT",
      "m" : "4611686018430531162"
    }, {
      "d" : "1756460540255326918",
      "t" : 1756460540255,
      "tn" : 1756460540255326918,
      "q" : "164.0",
      "p" : "0.6009",
      "s" : "sell",
      "i" : "DYDX_USDT",
      "m" : "4611686018430531161"
    }, {
      "d" : "1756460540207369798",
      "t" : 1756460540207,
      "tn" : 1756460540207369798,
      "q" : "400.0",
      "p" : "0.6074",
      "s" : "sell",
      "i" : "DYDX_USDT",
      "m" : "4611686018430531160"
    }, {
      "d" : "1756460540188566101",
      "t" : 1756460540188,
      "tn" : 1756460540188566101,
      "q" : "808.9",
      "p" : "0.6071",
      "s" : "sell",
      "i" : "DYDX_USDT",
      "m" : "4611686018430531159"
    }, {
      "d" : "1756460540188563967",
      "t" : 1756460540188,
      "tn" : 1756460540188563967,
      "q" : "575.7",
      "p" : "0.6077",
      "s" : "sell",
      "i" : "DYDX_USDT",
      "m" : "4611686018430531158"
    }, {
      "d" : "1756460540187880452",
      "t" : 1756460540187,
      "tn" : 1756460540187880452,
      "q" : "329.3",
      "p" : "0.6077",
      "s" : "sell",
      "i" : "DYDX_USDT",
      "m" : "4611686018430531157"
    }, {
      "d" : "1756448128437939806",
      "t" : 1756448128437,
      "tn" : 1756448128437939806,
      "q" : "390.0",
      "p" : "0.6310",
      "s" : "buy",
      "i" : "DYDX_USDT",
      "m" : "4611686018430531156"
    }, {
      "d" : "1756448059432616165",
      "t" : 1756448059432,
      "tn" : 1756448059432616165,
      "q" : "454.0",
      "p" : "0.6332",
      "s" : "buy",
      "i" : "DYDX_USDT",
      "m" : "4611686018430531155"
    }, {
      "d" : "1756448035838891293",
      "t" : 1756448035838,
      "tn" : 1756448035838891293,
      "q" : "390.0",
      "p" : "0.6329",
      "s" : "buy",
      "i" : "DYDX_USDT",
      "m" : "4611686018430531154"
    }, {
      "d" : "1756447836563358746",
      "t" : 1756447836563,
      "tn" : 1756447836563358746,
      "q" : "390.0",
      "p" : "0.6334",
      "s" : "buy",
      "i" : "DYDX_USDT",
      "m" : "4611686018430531153"
    }, {
      "d" : "1756447825602162487",
      "t" : 1756447825602,
      "tn" : 1756447825602162487,
      "q" : "454.0",
      "p" : "0.6340",
      "s" : "buy",
      "i" : "DYDX_USDT",
      "m" : "4611686018430531152"
    }, {
      "d" : "1756447808468405570",
      "t" : 1756447808468,
      "tn" : 1756447808468405570,
      "q" : "390.0",
      "p" : "0.6333",
      "s" : "buy",
      "i" : "DYDX_USDT",
      "m" : "4611686018430531151"
    }, {
      "d" : "1756447686307821244",
      "t" : 1756447686307,
      "tn" : 1756447686307821244,
      "q" : "390.0",
      "p" : "0.6337",
      "s" : "buy",
      "i" : "DYDX_USDT",
      "m" : "4611686018430531150"
    }, {
      "d" : "1756447661474696397",
      "t" : 1756447661474,
      "tn" : 1756447661474696397,
      "q" : "390.0",
      "p" : "0.6337",
      "s" : "buy",
      "i" : "DYDX_USDT",
      "m" : "4611686018430531149"
    }, {
      "d" : "1756447626148353733",
      "t" : 1756447626148,
      "tn" : 1756447626148353733,
      "q" : "346.0",
      "p" : "0.6336",
      "s" : "buy",
      "i" : "DYDX_USDT",
      "m" : "4611686018430531148"
    }, {
      "d" : "1756447613896909310",
      "t" : 1756447613896,
      "tn" : 1756447613896909310,
      "q" : "390.0",
      "p" : "0.6337",
      "s" : "buy",
      "i" : "DYDX_USDT",
      "m" : "4611686018430531147"
    }, {
      "d" : "1756447594666936092",
      "t" : 1756447594666,
      "tn" : 1756447594666936092,
      "q" : "454.0",
      "p" : "0.6330",
      "s" : "buy",
      "i" : "DYDX_USDT",
      "m" : "4611686018430531146"
    }, {
      "d" : "1756447329389055259",
      "t" : 1756447329389,
      "tn" : 1756447329389055259,
      "q" : "390.0",
      "p" : "0.6353",
      "s" : "sell",
      "i" : "DYDX_USDT",
      "m" : "4611686018430531145"
    }, {
      "d" : "1756447313586140787",
      "t" : 1756447313586,
      "tn" : 1756447313586140787,
      "q" : "390.0",
      "p" : "0.6353",
      "s" : "sell",
      "i" : "DYDX_USDT",
      "m" : "4611686018430531144"
    }, {
      "d" : "1756447308056461764",
      "t" : 1756447308056,
      "tn" : 1756447308056461764,
      "q" : "390.0",
      "p" : "0.6353",
      "s" : "sell",
      "i" : "DYDX_USDT",
      "m" : "4611686018430531143"
    }, {
      "d" : "1756447303496106083",
      "t" : 1756447303496,
      "tn" : 1756447303496106083,
      "q" : "390.0",
      "p" : "0.6353",
      "s" : "sell",
      "i" : "DYDX_USDT",
      "m" : "4611686018430531142"
    }, {
      "d" : "1756447235337754221",
      "t" : 1756447235337,
      "tn" : 1756447235337754221,
      "q" : "390.0",
      "p" : "0.6350",
      "s" : "sell",
      "i" : "DYDX_USDT",
      "m" : "4611686018430531141"
    }, {
      "d" : "1756447213231947561",
      "t" : 1756447213231,
      "tn" : 1756447213231947561,
      "q" : "390.0",
      "p" : "0.6350",
      "s" : "buy",
      "i" : "DYDX_USDT",
      "m" : "4611686018430531140"
    }, {
      "d" : "1756447147638888256",
      "t" : 1756447147638,
      "tn" : 1756447147638888256,
      "q" : "390.0",
      "p" : "0.6343",
      "s" : "sell",
      "i" : "DYDX_USDT",
      "m" : "4611686018430531139"
    }, {
      "d" : "1756447098940378542",
      "t" : 1756447098940,
      "tn" : 1756447098940378542,
      "q" : "221.4",
      "p" : "0.6343",
      "s" : "sell",
      "i" : "DYDX_USDT",
      "m" : "4611686018430531138"
    }, {
      "d" : "1756447064772193036",
      "t" : 1756447064772,
      "tn" : 1756447064772193036,
      "q" : "390.0",
      "p" : "0.6344",
      "s" : "sell",
      "i" : "DYDX_USDT",
      "m" : "4611686018430531137"
    }, {
      "d" : "1756447052716389789",
      "t" : 1756447052716,
      "tn" : 1756447052716389789,
      "q" : "390.0",
      "p" : "0.6339",
      "s" : "sell",
      "i" : "DYDX_USDT",
      "m" : "4611686018430531136"
    }, {
      "d" : "1756447036267144953",
      "t" : 1756447036267,
      "tn" : 1756447036267144953,
      "q" : "390.0",
      "p" : "0.6337",
      "s" : "sell",
      "i" : "DYDX_USDT",
      "m" : "4611686018430531135"
    }, {
      "d" : "1756446914208930325",
      "t" : 1756446914208,
      "tn" : 1756446914208930325,
      "q" : "390.0",
      "p" : "0.6340",
      "s" : "buy",
      "i" : "DYDX_USDT",
      "m" : "4611686018430531134"
    }, {
      "d" : "1756446798808694878",
      "t" : 1756446798808,
      "tn" : 1756446798808694878,
      "q" : "390.0",
      "p" : "0.6340",
      "s" : "sell",
      "i" : "DYDX_USDT",
      "m" : "4611686018430531133"
    }, {
      "d" : "1756446780046748005",
      "t" : 1756446780046,
      "tn" : 1756446780046748005,
      "q" : "390.0",
      "p" : "0.6347",
      "s" : "sell",
      "i" : "DYDX_USDT",
      "m" : "4611686018430531132"
    }, {
      "d" : "1756446764322311564",
      "t" : 1756446764322,
      "tn" : 1756446764322311564,
      "q" : "390.0",
      "p" : "0.6351",
      "s" : "sell",
      "i" : "DYDX_USDT",
      "m" : "4611686018430531131"
    }, {
      "d" : "1756446761475118641",
      "t" : 1756446761475,
      "tn" : 1756446761475118641,
      "q" : "390.0",
      "p" : "0.6352",
      "s" : "sell",
      "i" : "DYDX_USDT",
      "m" : "4611686018430531130"
    }, {
      "d" : "1756446743296304052",
      "t" : 1756446743296,
      "tn" : 1756446743296304052,
      "q" : "390.0",
      "p" : "0.6352",
      "s" : "sell",
      "i" : "DYDX_USDT",
      "m" : "4611686018430531129"
    }, {
      "d" : "1756446738850806920",
      "t" : 1756446738850,
      "tn" : 1756446738850806920,
      "q" : "3.4",
      "p" : "0.6349",
      "s" : "sell",
      "i" : "DYDX_USDT",
      "m" : "4611686018430531128"
    }, {
      "d" : "1756446731090824642",
      "t" : 1756446731090,
      "tn" : 1756446731090824642,
      "q" : "251.6",
      "p" : "0.6351",
      "s" : "sell",
      "i" : "DYDX_USDT",
      "m" : "4611686018430531127"
    }, {
      "d" : "1756442909212704672",
      "t" : 1756442909212,
      "tn" : 1756442909212704672,
      "q" : "164.1",
      "p" : "0.6375",
      "s" : "sell",
      "i" : "DYDX_USDT",
      "m" : "4611686018430531126"
    }, {
      "d" : "1756442909212702934",
      "t" : 1756442909212,
      "tn" : 1756442909212702934,
      "q" : "862.6",
      "p" : "0.6376",
      "s" : "sell",
      "i" : "DYDX_USDT",
      "m" : "4611686018430531125"
    }, {
      "d" : "1756424131217036165",
      "t" : 1756424131217,
      "tn" : 1756424131217036165,
      "q" : "390.0",
      "p" : "0.6447",
      "s" : "buy",
      "i" : "DYDX_USDT",
      "m" : "4611686018430531124"
    }, {
      "d" : "1756420067083198927",
      "t" : 1756420067083,
      "tn" : 1756420067083198927,
      "q" : "390.0",
      "p" : "0.6420",
      "s" : "buy",
      "i" : "DYDX_USDT",
      "m" : "4611686018430531123"
    }, {
      "d" : "1756410377747404969",
      "t" : 1756410377747,
      "tn" : 1756410377747404969,
      "q" : "390.0",
      "p" : "0.6253",
      "s" : "buy",
      "i" : "DYDX_USDT",
      "m" : "4611686018430531122"
    }, {
      "d" : "1756410352552290065",
      "t" : 1756410352552,
      "tn" : 1756410352552290065,
      "q" : "390.0",
      "p" : "0.6251",
      "s" : "buy",
      "i" : "DYDX_USDT",
      "m" : "4611686018430531121"
    }, {
      "d" : "1756410336991113863",
      "t" : 1756410336991,
      "tn" : 1756410336991113863,
      "q" : "390.0",
      "p" : "0.6249",
      "s" : "buy",
      "i" : "DYDX_USDT",
      "m" : "4611686018430531120"
    }, {
      "d" : "1756410319000229007",
      "t" : 1756410319000,
      "tn" : 1756410319000229007,
      "q" : "390.0",
      "p" : "0.6250",
      "s" : "buy",
      "i" : "DYDX_USDT",
      "m" : "4611686018430531119"
    }, {
      "d" : "1756410302905024302",
      "t" : 1756410302905,
      "tn" : 1756410302905024302,
      "q" : "660.0",
      "p" : "0.6252",
      "s" : "buy",
      "i" : "DYDX_USDT",
      "m" : "4611686018430531118"
    }, {
      "d" : "1756410276940283172",
      "t" : 1756410276940,
      "tn" : 1756410276940283172,
      "q" : "390.0",
      "p" : "0.6244",
      "s" : "buy",
      "i" : "DYDX_USDT",
      "m" : "4611686018430531117"
    }, {
      "d" : "1756410231456323197",
      "t" : 1756410231456,
      "tn" : 1756410231456323197,
      "q" : "660.0",
      "p" : "0.6248",
      "s" : "buy",
      "i" : "DYDX_USDT",
      "m" : "4611686018430531116"
    }, {
      "d" : "1756410192508104968",
      "t" : 1756410192508,
      "tn" : 1756410192508104968,
      "q" : "41.7",
      "p" : "0.6263",
      "s" : "sell",
      "i" : "DYDX_USDT",
      "m" : "4611686018430531115"
    }, {
      "d" : "1756410192508058749",
      "t" : 1756410192508,
      "tn" : 1756410192508058749,
      "q" : "319.3",
      "p" : "0.6263",
      "s" : "sell",
      "i" : "DYDX_USDT",
      "m" : "4611686018430531114"
    }, {
      "d" : "1756410192506351233",
      "t" : 1756410192506,
      "tn" : 1756410192506351233,
      "q" : "29.0",
      "p" : "0.6263",
      "s" : "sell",
      "i" : "DYDX_USDT",
      "m" : "4611686018430531113"
    }, {
      "d" : "1756410189914541749",
      "t" : 1756410189914,
      "tn" : 1756410189914541749,
      "q" : "390.0",
      "p" : "0.6263",
      "s" : "sell",
      "i" : "DYDX_USDT",
      "m" : "4611686018430531112"
    }, {
      "d" : "1756410186739844458",
      "t" : 1756410186739,
      "tn" : 1756410186739844458,
      "q" : "390.0",
      "p" : "0.6252",
      "s" : "sell",
      "i" : "DYDX_USDT",
      "m" : "4611686018430531111"
    }, {
      "d" : "1756410181957912021",
      "t" : 1756410181957,
      "tn" : 1756410181957912021,
      "q" : "390.0",
      "p" : "0.6255",
      "s" : "sell",
      "i" : "DYDX_USDT",
      "m" : "4611686018430531110"
    }, {
      "d" : "1756410177878060561",
      "t" : 1756410177878,
      "tn" : 1756410177878060561,
      "q" : "390.0",
      "p" : "0.6248",
      "s" : "sell",
      "i" : "DYDX_USDT",
      "m" : "4611686018430531109"
    }, {
      "d" : "1756410173359858079",
      "t" : 1756410173359,
      "tn" : 1756410173359858079,
      "q" : "390.0",
      "p" : "0.6248",
      "s" : "buy",
      "i" : "DYDX_USDT",
      "m" : "4611686018430531108"
    }, {
      "d" : "1756409921084604118",
      "t" : 1756409921084,
      "tn" : 1756409921084604118,
      "q" : "390.0",
      "p" : "0.6262",
      "s" : "sell",
      "i" : "DYDX_USDT",
      "m" : "4611686018430531107"
    }, {
      "d" : "1756409887015133402",
      "t" : 1756409887015,
      "tn" : 1756409887015133402,
      "q" : "390.0",
      "p" : "0.6263",
      "s" : "sell",
      "i" : "DYDX_USDT",
      "m" : "4611686018430531106"
    }, {
      "d" : "1756409875067353121",
      "t" : 1756409875067,
      "tn" : 1756409875067353121,
      "q" : "390.0",
      "p" : "0.6263",
      "s" : "sell",
      "i" : "DYDX_USDT",
      "m" : "4611686018430531105"
    }, {
      "d" : "1756409862475305329",
      "t" : 1756409862475,
      "tn" : 1756409862475305329,
      "q" : "333.1",
      "p" : "0.6263",
      "s" : "sell",
      "i" : "DYDX_USDT",
      "m" : "4611686018430531104"
    }, {
      "d" : "1756409858571029336",
      "t" : 1756409858571,
      "tn" : 1756409858571029336,
      "q" : "390.0",
      "p" : "0.6263",
      "s" : "sell",
      "i" : "DYDX_USDT",
      "m" : "4611686018430531103"
    }, {
      "d" : "1756409855497878985",
      "t" : 1756409855497,
      "tn" : 1756409855497878985,
      "q" : "390.0",
      "p" : "0.6263",
      "s" : "sell",
      "i" : "DYDX_USDT",
      "m" : "4611686018430531102"
    }, {
      "d" : "1756402898430894840",
      "t" : 1756402898430,
      "tn" : 1756402898430894840,
      "q" : "390.0",
      "p" : "0.6275",
      "s" : "sell",
      "i" : "DYDX_USDT",
      "m" : "4611686018430531101"
    }, {
      "d" : "1756401662002109543",
      "t" : 1756401662002,
      "tn" : 1756401662002109543,
      "q" : "167.2",
      "p" : "0.6257",
      "s" : "buy",
      "i" : "DYDX_USDT",
      "m" : "4611686018430531100"
    }, {
      "d" : "1756400357084723906",
      "t" : 1756400357084,
      "tn" : 1756400357084723906,
      "q" : "153.5",
      "p" : "0.6227",
      "s" : "sell",
      "i" : "DYDX_USDT",
      "m" : "4611686018430531099"
    }, {
      "d" : "1756400357084721477",
      "t" : 1756400357084,
      "tn" : 1756400357084721477,
      "q" : "167.2",
      "p" : "0.6228",
      "s" : "sell",
      "i" : "DYDX_USDT",
      "m" : "4611686018430531098"
    }, {
      "d" : "1756397520418414182",
      "t" : 1756397520418,
      "tn" : 1756397520418414182,
      "q" : "314.7",
      "p" : "0.6357",
      "s" : "buy",
      "i" : "DYDX_USDT",
      "m" : "4611686018430531097"
    }, {
      "d" : "1756386981453920204",
      "t" : 1756386981453,
      "tn" : 1756386981453920204,
      "q" : "314.9",
      "p" : "0.6344",
      "s" : "sell",
      "i" : "DYDX_USDT",
      "m" : "4611686018430531096"
    }, {
      "d" : "1756386981405819856",
      "t" : 1756386981405,
      "tn" : 1756386981405819856,
      "q" : "315.2",
      "p" : "0.6349",
      "s" : "sell",
      "i" : "DYDX_USDT",
      "m" : "4611686018430531095"
    }, {
      "d" : "1756386689592034484",
      "t" : 1756386689592,
      "tn" : 1756386689592034484,
      "q" : "314.6",
      "p" : "0.6355",
      "s" : "buy",
      "i" : "DYDX_USDT",
      "m" : "4611686018430531094"
    }, {
      "d" : "1756386176532007557",
      "t" : 1756386176532,
      "tn" : 1756386176532007557,
      "q" : "312.0",
      "p" : "0.6325",
      "s" : "buy",
      "i" : "DYDX_USDT",
      "m" : "4611686018430531093"
    }, {
      "d" : "1756386110951003701",
      "t" : 1756386110951,
      "tn" : 1756386110951003701,
      "q" : "317.2",
      "p" : "0.6307",
      "s" : "sell",
      "i" : "DYDX_USDT",
      "m" : "4611686018430531092"
    }, {
      "d" : "1756385995466494171",
      "t" : 1756385995466,
      "tn" : 1756385995466494171,
      "q" : "312.0",
      "p" : "0.6323",
      "s" : "buy",
      "i" : "DYDX_USDT",
      "m" : "4611686018430531091"
    }, {
      "d" : "1756383793466227564",
      "t" : 1756383793466,
      "tn" : 1756383793466227564,
      "q" : "21.0",
      "p" : "0.6300",
      "s" : "sell",
      "i" : "DYDX_USDT",
      "m" : "4611686018430531090"
    }, {
      "d" : "1756383703516542432",
      "t" : 1756383703516,
      "tn" : 1756383703516542432,
      "q" : "2.1",
      "p" : "0.6306",
      "s" : "sell",
      "i" : "DYDX_USDT",
      "m" : "4611686018430531089"
    }, {
      "d" : "1756375109687009126",
      "t" : 1756375109687,
      "tn" : 1756375109687009126,
      "q" : "400.0",
      "p" : "0.6251",
      "s" : "buy",
      "i" : "DYDX_USDT",
      "m" : "4611686018430531088"
    } ]
  }
}