{
  "id" : -1,
  "method" : "public/get-trades",
  "code" : 0,
  "result" : {
    "data" : [ {
      "d" : "1756460755030893331",
      "t" : 1756460755030,
      "tn" : 1756460755030893331,
      "q" : "328.6",
      "p" : "0.6083",
      "s" : "buy",
      "i" : "DYDXUSD-PERP",
      "m" : "4611686018430698944"
    }, {
      "d" : "1756460735772288431",
      "t" : 1756460735772,
      "tn" : 1756460735772288431,
      "q" : "0.1",
      "p" : "0.6072",
      "s" : "sell",
      "i" : "DYDXUSD-PERP",
      "m" : "4611686018430698943"
    }, {
      "d" : "1756460705898710858",
      "t" : 1756460705898,
      "tn" : 1756460705898710858,
      "q" : "0.1",
      "p" : "0.6062",
      "s" : "sell",
      "i" : "DYDXUSD-PERP",
      "m" : "4611686018430698942"
    }, {
      "d" : "1756460689788142824",
      "t" : 1756460689788,
      "tn" : 1756460689788142824,
      "q" : "0.1",
      "p" : "0.6062",
      "s" : "sell",
      "i" : "DYDXUSD-PERP",
      "m" : "4611686018430698941"
    }, {
      "d" : "1756460661437747226",
      "t" : 1756460661437,
      "tn" : 1756460661437747226,
      "q" : "0.1",
      "p" : "0.6062",
      "s" : "sell",
      "i" : "DYDXUSD-PERP",
      "m" : "4611686018430698940"
    }, {
      "d" : "1756460661291600978",
      "t" : 1756460661291,
      "tn" : 1756460661291600978,
      "q" : "0.1",
      "p" : "0.6062",
      "s" : "sell",
      "i" : "DYDXUSD-PERP",
      "m" : "4611686018430698939"
    }, {
      "d" : "1756460648621467280",
      "t" : 1756460648621,
      "tn" : 1756460648621467280,
      "q" : "0.1",
      "p" : "0.6062",
      "s" : "sell",
      "i" : "DYDXUSD-PERP",
      "m" : "4611686018430698938"
    }, {
      "d" : "1756460648454865431",
      "t" : 1756460648454,
      "tn" : 1756460648454865431,
      "q" : "0.1",
      "p" : "0.6062",
      "s" : "sell",
      "i" : "DYDXUSD-PERP",
      "m" : "4611686018430698937"
    }, {
      "d" : "1756460633530402049",
      "t" : 1756460633530,
      "tn" : 1756460633530402049,
      "q" : "0.1",
      "p" : "0.6062",
      "s" : "sell",
      "i" : "DYDXUSD-PERP",
      "m" : "4611686018430698936"
    }, {
      "d" : "1756460633388136155",
      "t" : 1756460633388,
      "tn" : 1756460633388136155,
      "q" : "0.1",
      "p" : "0.6062",
      "s" : "sell",
      "i" : "DYDXUSD-PERP",
      "m" : "4611686018430698935"
    }, {
      "d" : "1756460540589350298",
      "t" : 1756460540589,
      "tn" : 1756460540589350298,
      "q" : "329.7",
      "p" : "0.6064",
      "s" : "buy",
      "i" : "DYDXUSD-PERP",
      "m" : "4611686018430698934"
    }, {
      "d" : "1756460540589349001",
      "t" : 1756460540589,
      "tn" : 1756460540589349001,
      "q" : "0.1",
      "p" : "0.6062",
      "s" : "buy",
      "i" : "DYDXUSD-PERP",
      "m" : "4611686018430698933"
    }, {
      "d" : "1756460540192227170",
      "t" : 1756460540192,
      "tn" : 1756460540192227170,
      "q" : "82.5",
      "p" : "0.6054",
      "s" : "sell",
      "i" : "DYDXUSD-PERP",
      "m" : "4611686018430698932"
    }, {
      "d" : "1756460540190909697",
      "t" : 1756460540190,
      "tn" : 1756460540190909697,
      "q" : "82.5",
      "p" : "0.6055",
      "s" : "sell",
      "i" : "DYDXUSD-PERP",
      "m" : "4611686018430698931"
    }, {
      "d" : "1756460540190907931",
      "t" : 1756460540190,
      "tn" : 1756460540190907931,
      "q" : "82.5",
      "p" : "0.6056",
      "s" : "sell",
      "i" : "DYDXUSD-PERP",
      "m" : "4611686018430698930"
    }, {
      "d" : "1756460540190905470",
      "t" : 1756460540190,
      "tn" : 1756460540190905470,
      "q" : "82.5",
      "p" : "0.6057",
      "s" : "sell",
      "i" : "DYDXUSD-PERP",
      "m" : "4611686018430698929"
    }, {
      "d" : "1756460540188105642",
      "t" : 1756460540188,
      "tn" : 1756460540188105642,
      "q" : "191.0",
      "p" : "0.6062",
      "s" : "sell",
      "i" : "DYDXUSD-PERP",
      "m" : "4611686018430698928"
    }, {
      "d" : "1756460540188105124",
      "t" : 1756460540188,
      "tn" : 1756460540188105124,
      "q" : "0.2",
      "p" : "0.6068",
      "s" : "sell",
      "i" : "DYDXUSD-PERP",
      "m" : "4611686018430698927"
    }, {
      "d" : "1756460540187557231",
      "t" : 1756460540187,
      "tn" : 1756460540187557231,
      "q" : "191.2",
      "p" : "0.6069",
      "s" : "sell",
      "i" : "DYDXUSD-PERP",
      "m" : "4611686018430698926"
    }, {
      "d" : "1756460540187013833",
      "t" : 1756460540187,
      "tn" : 1756460540187013833,
      "q" : "994.1",
      "p" : "0.6068",
      "s" : "sell",
      "i" : "DYDXUSD-PERP",
      "m" : "4611686018430698925"
    }, {
      "d" : "1756460540187012104",
      "t" : 1756460540187,
      "tn" : 1756460540187012104,
      "q" : "0.2",
      "p" : "0.6070",
      "s" : "sell",
      "i" : "DYDXUSD-PERP",
      "m" : "4611686018430698924"
    }, {
      "d" : "1756460540186512135",
      "t" : 1756460540186,
      "tn" : 1756460540186512135,
      "q" : "329.2",
      "p" : "0.6070",
      "s" : "sell",
      "i" : "DYDXUSD-PERP",
      "m" : "4611686018430698923"
    }, {
      "d" : "1756460540186509995",
      "t" : 1756460540186,
      "tn" : 1756460540186509995,
      "q" : "0.1",
      "p" : "0.6077",
      "s" : "sell",
      "i" : "DYDXUSD-PERP",
      "m" : "4611686018430698922"
    }, {
      "d" : "1756460540186507649",
      "t" : 1756460540186,
      "tn" : 1756460540186507649,
      "q" : "0.1",
      "p" : "0.6082",
      "s" : "sell",
      "i" : "DYDXUSD-PERP",
      "m" : "4611686018430698921"
    }, {
      "d" : "1756451407327344221",
      "t" : 1756451407327,
      "tn" : 1756451407327344221,
      "q" : "0.1",
      "p" : "0.6223",
      "s" : "sell",
      "i" : "DYDXUSD-PERP",
      "m" : "4611686018430698920"
    }, {
      "d" : "1756447991739046632",
      "t" : 1756447991739,
      "tn" : 1756447991739046632,
      "q" : "0.1",
      "p" : "0.6323",
      "s" : "sell",
      "i" : "DYDXUSD-PERP",
      "m" : "4611686018430698919"
    }, {
      "d" : "1756447783825452186",
      "t" : 1756447783825,
      "tn" : 1756447783825452186,
      "q" : "0.1",
      "p" : "0.6333",
      "s" : "sell",
      "i" : "DYDXUSD-PERP",
      "m" : "4611686018430698918"
    }, {
      "d" : "1756447599332571865",
      "t" : 1756447599332,
      "tn" : 1756447599332571865,
      "q" : "0.1",
      "p" : "0.6333",
      "s" : "sell",
      "i" : "DYDXUSD-PERP",
      "m" : "4611686018430698917"
    }, {
      "d" : "1756447511610836221",
      "t" : 1756447511610,
      "tn" : 1756447511610836221,
      "q" : "0.1",
      "p" : "0.6333",
      "s" : "sell",
      "i" : "DYDXUSD-PERP",
      "m" : "4611686018430698916"
    }, {
      "d" : "1756447244383623059",
      "t" : 1756447244383,
      "tn" : 1756447244383623059,
      "q" : "0.1",
      "p" : "0.6353",
      "s" : "sell",
      "i" : "DYDXUSD-PERP",
      "m" : "4611686018430698915"
    }, {
      "d" : "1756447062981217187",
      "t" : 1756447062981,
      "tn" : 1756447062981217187,
      "q" : "0.1",
      "p" : "0.6343",
      "s" : "sell",
      "i" : "DYDXUSD-PERP",
      "m" : "4611686018430698914"
    }, {
      "d" : "1756447020875651403",
      "t" : 1756447020875,
      "tn" : 1756447020875651403,
      "q" : "0.1",
      "p" : "0.6343",
      "s" : "sell",
      "i" : "DYDXUSD-PERP",
      "m" : "4611686018430698913"
    }, {
      "d" : "1756447010845811552",
      "t" : 1756447010845,
      "tn" : 1756447010845811552,
      "q" : "0.1",
      "p" : "0.6343",
      "s" : "sell",
      "i" : "DYDXUSD-PERP",
      "m" : "4611686018430698912"
    }, {
      "d" : "1756447000820032416",
      "t" : 1756447000820,
      "tn" : 1756447000820032416,
      "q" : "0.1",
      "p" : "0.6343",
      "s" : "sell",
      "i" : "DYDXUSD-PERP",
      "m" : "4611686018430698911"
    }, {
      "d" : "1756446990805369873",
      "t" : 1756446990805,
      "tn" : 1756446990805369873,
      "q" : "0.1",
      "p" : "0.6343",
      "s" : "sell",
      "i" : "DYDXUSD-PERP",
      "m" : "4611686018430698910"
    }, {
      "d" : "1756446980771705186",
      "t" : 1756446980771,
      "tn" : 1756446980771705186,
      "q" : "0.1",
      "p" : "0.6343",
      "s" : "sell",
      "i" : "DYDXUSD-PERP",
      "m" : "4611686018430698909"
    }, {
      "d" : "1756446970728877953",
      "t" : 1756446970728,
      "tn" : 1756446970728877953,
      "q" : "0.1",
      "p" : "0.6343",
      "s" : "sell",
      "i" : "DYDXUSD-PERP",
      "m" : "4611686018430698908"
    }, {
      "d" : "1756446958238289208",
      "t" : 1756446958238,
      "tn" : 1756446958238289208,
      "q" : "0.1",
      "p" : "0.6343",
      "s" : "sell",
      "i" : "DYDXUSD-PERP",
      "m" : "4611686018430698907"
    }, {
      "d" : "1756446859614059378",
      "t" : 1756446859614,
      "tn" : 1756446859614059378,
      "q" : "0.1",
      "p" : "0.6343",
      "s" : "sell",
      "i" : "DYDXUSD-PERP",
      "m" : "4611686018430698906"
    }, {
      "d" : "1756446617882933203",
      "t" : 1756446617882,
      "tn" : 1756446617882933203,
      "q" : "0.1",
      "p" : "0.6363",
      "s" : "sell",
      "i" : "DYDXUSD-PERP",
      "m" : "4611686018430698905"
    }, {
      "d" : "1756446342018296014",
      "t" : 1756446342018,
      "tn" : 1756446342018296014,
      "q" : "0.1",
      "p" : "0.6353",
      "s" : "sell",
      "i" : "DYDXUSD-PERP",
      "m" : "4611686018430698904"
    }, {
      "d" : "1756446331979838101",
      "t" : 1756446331979,
      "tn" : 1756446331979838101,
      "q" : "0.1",
      "p" : "0.6353",
      "s" : "sell",
      "i" : "DYDXUSD-PERP",
      "m" : "4611686018430698903"
    }, {
      "d" : "1756446321669669422",
      "t" : 1756446321669,
      "tn" : 1756446321669669422,
      "q" : "0.1",
      "p" : "0.6353",
      "s" : "sell",
      "i" : "DYDXUSD-PERP",
      "m" : "4611686018430698902"
    }, {
      "d" : "1756446311665661557",
      "t" : 1756446311665,
      "tn" : 1756446311665661557,
      "q" : "0.1",
      "p" : "0.6353",
      "s" : "sell",
      "i" : "DYDXUSD-PERP",
      "m" : "4611686018430698901"
    }, {
      "d" : "1756446301640442759",
      "t" : 1756446301640,
      "tn" : 1756446301640442759,
      "q" : "0.1",
      "p" : "0.6353",
      "s" : "sell",
      "i" : "DYDXUSD-PERP",
      "m" : "4611686018430698900"
    }, {
      "d" : "1756446282603127148",
      "t" : 1756446282603,
      "tn" : 1756446282603127148,
      "q" : "0.1",
      "p" : "0.6353",
      "s" : "sell",
      "i" : "DYDXUSD-PERP",
      "m" : "4611686018430698899"
    }, {
      "d" : "1756446255222159764",
      "t" : 1756446255222,
      "tn" : 1756446255222159764,
      "q" : "0.1",
      "p" : "0.6353",
      "s" : "sell",
      "i" : "DYDXUSD-PERP",
      "m" : "4611686018430698898"
    }, {
      "d" : "1756446245016863267",
      "t" : 1756446245016,
      "tn" : 1756446245016863267,
      "q" : "0.1",
      "p" : "0.6353",
      "s" : "sell",
      "i" : "DYDXUSD-PERP",
      "m" : "4611686018430698897"
    }, {
      "d" : "1756446048770873649",
      "t" : 1756446048770,
      "tn" : 1756446048770873649,
      "q" : "0.1",
      "p" : "0.6353",
      "s" : "sell",
      "i" : "DYDXUSD-PERP",
      "m" : "4611686018430698896"
    }, {
      "d" : "1756446038199352890",
      "t" : 1756446038199,
      "tn" : 1756446038199352890,
      "q" : "0.1",
      "p" : "0.6353",
      "s" : "sell",
      "i" : "DYDXUSD-PERP",
      "m" : "4611686018430698895"
    }, {
      "d" : "1756445959531338884",
      "t" : 1756445959531,
      "tn" : 1756445959531338884,
      "q" : "0.1",
      "p" : "0.6353",
      "s" : "sell",
      "i" : "DYDXUSD-PERP",
      "m" : "4611686018430698894"
    }, {
      "d" : "1756445440002049872",
      "t" : 1756445440002,
      "tn" : 1756445440002049872,
      "q" : "0.1",
      "p" : "0.6343",
      "s" : "sell",
      "i" : "DYDXUSD-PERP",
      "m" : "4611686018430698893"
    }, {
      "d" : "1756444029524699551",
      "t" : 1756444029524,
      "tn" : 1756444029524699551,
      "q" : "0.1",
      "p" : "0.6353",
      "s" : "sell",
      "i" : "DYDXUSD-PERP",
      "m" : "4611686018430698892"
    }, {
      "d" : "1756443666532688810",
      "t" : 1756443666532,
      "tn" : 1756443666532688810,
      "q" : "0.1",
      "p" : "0.6353",
      "s" : "sell",
      "i" : "DYDXUSD-PERP",
      "m" : "4611686018430698891"
    }, {
      "d" : "1756443141121677722",
      "t" : 1756443141121,
      "tn" : 1756443141121677722,
      "q" : "0.1",
      "p" : "0.6373",
      "s" : "sell",
      "i" : "DYDXUSD-PERP",
      "m" : "4611686018430698890"
    }, {
      "d" : "1756442918964180059",
      "t" : 1756442918964,
      "tn" : 1756442918964180059,
      "q" : "0.1",
      "p" : "0.6373",
      "s" : "sell",
      "i" : "DYDXUSD-PERP",
      "m" : "4611686018430698889"
    }, {
      "d" : "1756438672021675327",
      "t" : 1756438672021,
      "tn" : 1756438672021675327,
      "q" : "314.3",
      "p" : "0.6361",
      "s" : "buy",
      "i" : "DYDXUSD-PERP",
      "m" : "4611686018430698888"
    }, {
      "d" : "1756438672021674339",
      "t" : 1756438672021,
      "tn" : 1756438672021674339,
      "q" : "0.1",
      "p" : "0.6360",
      "s" : "buy",
      "i" : "DYDXUSD-PERP",
      "m" : "4611686018430698887"
    }, {
      "d" : "1756430522546334419",
      "t" : 1756430522546,
      "tn" : 1756430522546334419,
      "q" : "49.2",
      "p" : "0.6341",
      "s" : "buy",
      "i" : "DYDXUSD-PERP",
      "m" : "4611686018430698886"
    }, {
      "d" : "1756430522546333070",
      "t" : 1756430522546,
      "tn" : 1756430522546333070,
      "q" : "0.1",
      "p" : "0.6340",
      "s" : "buy",
      "i" : "DYDXUSD-PERP",
      "m" : "4611686018430698885"
    }, {
      "d" : "1756428676744394799",
      "t" : 1756428676744,
      "tn" : 1756428676744394799,
      "q" : "49.8",
      "p" : "0.6418",
      "s" : "buy",
      "i" : "DYDXUSD-PERP",
      "m" : "4611686018430698884"
    }, {
      "d" : "1756428676730239901",
      "t" : 1756428676730,
      "tn" : 1756428676730239901,
      "q" : "0.1",
      "p" : "0.6423",
      "s" : "sell",
      "i" : "DYDXUSD-PERP",
      "m" : "4611686018430698883"
    }, {
      "d" : "1756426889798277235",
      "t" : 1756426889798,
      "tn" : 1756426889798277235,
      "q" : "0.1",
      "p" : "0.6461",
      "s" : "buy",
      "i" : "DYDXUSD-PERP",
      "m" : "4611686018430698882"
    }, {
      "d" : "1756424131228717065",
      "t" : 1756424131228,
      "tn" : 1756424131228717065,
      "q" : "309.7",
      "p" : "0.6455",
      "s" : "buy",
      "i" : "DYDXUSD-PERP",
      "m" : "4611686018430698881"
    }, {
      "d" : "1756424131216774554",
      "t" : 1756424131216,
      "tn" : 1756424131216774554,
      "q" : "0.1",
      "p" : "0.6453",
      "s" : "buy",
      "i" : "DYDXUSD-PERP",
      "m" : "4611686018430698880"
    }, {
      "d" : "1756424131216771990",
      "t" : 1756424131216,
      "tn" : 1756424131216771990,
      "q" : "0.1",
      "p" : "0.6450",
      "s" : "buy",
      "i" : "DYDXUSD-PERP",
      "m" : "4611686018430698879"
    }, {
      "d" : "1756423723252243951",
      "t" : 1756423723252,
      "tn" : 1756423723252243951,
      "q" : "0.1",
      "p" : "0.6453",
      "s" : "buy",
      "i" : "DYDXUSD-PERP",
      "m" : "4611686018430698878"
    }, {
      "d" : "1756423723252241265",
      "t" : 1756423723252,
      "tn" : 1756423723252241265,
      "q" : "0.1",
      "p" : "0.6451",
      "s" : "buy",
      "i" : "DYDXUSD-PERP",
      "m" : "4611686018430698877"
    }, {
      "d" : "1756417931654977523",
      "t" : 1756417931654,
      "tn" : 1756417931654977523,
      "q" : "0.1",
      "p" : "0.6353",
      "s" : "sell",
      "i" : "DYDXUSD-PERP",
      "m" : "4611686018430698876"
    }, {
      "d" : "1756417359639460503",
      "t" : 1756417359639,
      "tn" : 1756417359639460503,
      "q" : "0.1",
      "p" : "0.6333",
      "s" : "sell",
      "i" : "DYDXUSD-PERP",
      "m" : "4611686018430698875"
    }, {
      "d" : "1756414629760968355",
      "t" : 1756414629760,
      "tn" : 1756414629760968355,
      "q" : "0.1",
      "p" : "0.6273",
      "s" : "sell",
      "i" : "DYDXUSD-PERP",
      "m" : "4611686018430698874"
    }, {
      "d" : "1756414465109929719",
      "t" : 1756414465109,
      "tn" : 1756414465109929719,
      "q" : "0.1",
      "p" : "0.6283",
      "s" : "sell",
      "i" : "DYDXUSD-PERP",
      "m" : "4611686018430698873"
    }, {
      "d" : "1756414331598879870",
      "t" : 1756414331598,
      "tn" : 1756414331598879870,
      "q" : "0.1",
      "p" : "0.6273",
      "s" : "sell",
      "i" : "DYDXUSD-PERP",
      "m" : "4611686018430698872"
    }, {
      "d" : "1756414240356220963",
      "t" : 1756414240356,
      "tn" : 1756414240356220963,
      "q" : "0.1",
      "p" : "0.6271",
      "s" : "buy",
      "i" : "DYDXUSD-PERP",
      "m" : "4611686018430698871"
    }, {
      "d" : "1756412846991777198",
      "t" : 1756412846991,
      "tn" : 1756412846991777198,
      "q" : "0.1",
      "p" : "0.6263",
      "s" : "sell",
      "i" : "DYDXUSD-PERP",
      "m" : "4611686018430698870"
    }, {
      "d" : "1756410886127956585",
      "t" : 1756410886127,
      "tn" : 1756410886127956585,
      "q" : "49.7",
      "p" : "0.6241",
      "s" : "buy",
      "i" : "DYDXUSD-PERP",
      "m" : "4611686018430698869"
    }, {
      "d" : "1756410886127954254",
      "t" : 1756410886127,
      "tn" : 1756410886127954254,
      "q" : "0.1",
      "p" : "0.6240",
      "s" : "buy",
      "i" : "DYDXUSD-PERP",
      "m" : "4611686018430698868"
    }, {
      "d" : "1756410452214627764",
      "t" : 1756410452214,
      "tn" : 1756410452214627764,
      "q" : "0.1",
      "p" : "0.6248",
      "s" : "buy",
      "i" : "DYDXUSD-PERP",
      "m" : "4611686018430698867"
    }, {
      "d" : "1756410452210465163",
      "t" : 1756410452210,
      "tn" : 1756410452210465163,
      "q" : "49.8",
      "p" : "0.6248",
      "s" : "buy",
      "i" : "DYDXUSD-PERP",
      "m" : "4611686018430698866"
    }, {
      "d" : "1756410452196245014",
      "t" : 1756410452196,
      "tn" : 1756410452196245014,
      "q" : "0.1",
      "p" : "0.6253",
      "s" : "sell",
      "i" : "DYDXUSD-PERP",
      "m" : "4611686018430698865"
    }, {
      "d" : "1756406500319816818",
      "t" : 1756406500319,
      "tn" : 1756406500319816818,
      "q" : "186.9",
      "p" : "0.6311",
      "s" : "buy",
      "i" : "DYDXUSD-PERP",
      "m" : "4611686018430698864"
    }, {
      "d" : "1756406500298099095",
      "t" : 1756406500298,
      "tn" : 1756406500298099095,
      "q" : "0.1",
      "p" : "0.6310",
      "s" : "buy",
      "i" : "DYDXUSD-PERP",
      "m" : "4611686018430698863"
    }, {
      "d" : "1756406463017446476",
      "t" : 1756406463017,
      "tn" : 1756406463017446476,
      "q" : "0.1",
      "p" : "0.6310",
      "s" : "buy",
      "i" : "DYDXUSD-PERP",
      "m" : "4611686018430698862"
    }, {
      "d" : "1756405547736217696",
      "t" : 1756405547736,
      "tn" : 1756405547736217696,
      "q" : "195.1",
      "p" : "0.6281",
      "s" : "buy",
      "i" : "DYDXUSD-PERP",
      "m" : "4611686018430698861"
    }, {
      "d" : "1756405547736216073",
      "t" : 1756405547736,
      "tn" : 1756405547736216073,
      "q" : "0.1",
      "p" : "0.6280",
      "s" : "buy",
      "i" : "DYDXUSD-PERP",
      "m" : "4611686018430698860"
    }, {
      "d" : "1756403456365264883",
      "t" : 1756403456365,
      "tn" : 1756403456365264883,
      "q" : "318.8",
      "p" : "0.6271",
      "s" : "buy",
      "i" : "DYDXUSD-PERP",
      "m" : "4611686018430698859"
    }, {
      "d" : "1756403456365262621",
      "t" : 1756403456365,
      "tn" : 1756403456365262621,
      "q" : "0.1",
      "p" : "0.6270",
      "s" : "buy",
      "i" : "DYDXUSD-PERP",
      "m" : "4611686018430698858"
    }, {
      "d" : "1756402898432421827",
      "t" : 1756402898432,
      "tn" : 1756402898432421827,
      "q" : "318.9",
      "p" : "0.6269",
      "s" : "sell",
      "i" : "DYDXUSD-PERP",
      "m" : "4611686018430698857"
    }, {
      "d" : "1756402898423516058",
      "t" : 1756402898423,
      "tn" : 1756402898423516058,
      "q" : "500.0",
      "p" : "0.6269",
      "s" : "sell",
      "i" : "DYDXUSD-PERP",
      "m" : "4611686018430698856"
    }, {
      "d" : "1756402898416718539",
      "t" : 1756402898416,
      "tn" : 1756402898416718539,
      "q" : "500.0",
      "p" : "0.6269",
      "s" : "sell",
      "i" : "DYDXUSD-PERP",
      "m" : "4611686018430698855"
    }, {
      "d" : "1756402898416102608",
      "t" : 1756402898416,
      "tn" : 1756402898416102608,
      "q" : "0.1",
      "p" : "0.6277",
      "s" : "sell",
      "i" : "DYDXUSD-PERP",
      "m" : "4611686018430698854"
    }, {
      "d" : "1756402898416100018",
      "t" : 1756402898416,
      "tn" : 1756402898416100018,
      "q" : "0.1",
      "p" : "0.6283",
      "s" : "sell",
      "i" : "DYDXUSD-PERP",
      "m" : "4611686018430698853"
    }, {
      "d" : "1756402566277265940",
      "t" : 1756402566277,
      "tn" : 1756402566277265940,
      "q" : "49.9",
      "p" : "0.6270",
      "s" : "buy",
      "i" : "DYDXUSD-PERP",
      "m" : "4611686018430698852"
    }, {
      "d" : "1756402320301109621",
      "t" : 1756402320301,
      "tn" : 1756402320301109621,
      "q" : "318.8",
      "p" : "0.6271",
      "s" : "buy",
      "i" : "DYDXUSD-PERP",
      "m" : "4611686018430698851"
    }, {
      "d" : "1756402320301106074",
      "t" : 1756402320301,
      "tn" : 1756402320301106074,
      "q" : "0.1",
      "p" : "0.6270",
      "s" : "buy",
      "i" : "DYDXUSD-PERP",
      "m" : "4611686018430698850"
    }, {
      "d" : "1756401661959255142",
      "t" : 1756401661959,
      "tn" : 1756401661959255142,
      "q" : "319.7",
      "p" : "0.6252",
      "s" : "buy",
      "i" : "DYDXUSD-PERP",
      "m" : "4611686018430698849"
    }, {
      "d" : "1756401661943614729",
      "t" : 1756401661943,
      "tn" : 1756401661943614729,
      "q" : "0.1",
      "p" : "0.6250",
      "s" : "buy",
      "i" : "DYDXUSD-PERP",
      "m" : "4611686018430698848"
    }, {
      "d" : "1756401522469541431",
      "t" : 1756401522469,
      "tn" : 1756401522469541431,
      "q" : "0.1",
      "p" : "0.6250",
      "s" : "buy",
      "i" : "DYDXUSD-PERP",
      "m" : "4611686018430698847"
    }, {
      "d" : "1756401338751272082",
      "t" : 1756401338751,
      "tn" : 1756401338751272082,
      "q" : "0.1",
      "p" : "0.6250",
      "s" : "buy",
      "i" : "DYDXUSD-PERP",
      "m" : "4611686018430698846"
    }, {
      "d" : "1756400748178625947",
      "t" : 1756400748178,
      "tn" : 1756400748178625947,
      "q" : "298.0",
      "p" : "0.6231",
      "s" : "buy",
      "i" : "DYDXUSD-PERP",
      "m" : "4611686018430698845"
    }, {
      "d" : "1756400748178624403",
      "t" : 1756400748178,
      "tn" : 1756400748178624403,
      "q" : "0.1",
      "p" : "0.6230",
      "s" : "buy",
      "i" : "DYDXUSD-PERP",
      "m" : "4611686018430698844"
    }, {
      "d" : "1756400744574766756",
      "t" : 1756400744574,
      "tn" : 1756400744574766755,
      "q" : "321.0",
      "p" : "0.6230",
      "s" : "buy",
      "i" : "DYDXUSD-PERP",
      "m" : "4611686018430698843"
    }, {
      "d" : "1756400744574766755",
      "t" : 1756400744574,
      "tn" : 1756400744574766755,
      "q" : "0.1",
      "p" : "0.6230",
      "s" : "buy",
      "i" : "DYDXUSD-PERP",
      "m" : "4611686018430698843"
    }, {
      "d" : "1756400733905160684",
      "t" : 1756400733905,
      "tn" : 1756400733905160684,
      "q" : "0.1",
      "p" : "0.6230",
      "s" : "buy",
      "i" : "DYDXUSD-PERP",
      "m" : "4611686018430698842"
    }, {
      "d" : "1756400722525989736",
      "t" : 1756400722525,
      "tn" : 1756400722525989735,
      "q" : "300.5",
      "p" : "0.6240",
      "s" : "buy",
      "i" : "DYDXUSD-PERP",
      "m" : "4611686018430698841"
    }, {
      "d" : "1756400722525989735",
      "t" : 1756400722525,
      "tn" : 1756400722525989735,
      "q" : "0.1",
      "p" : "0.6240",
      "s" : "buy",
      "i" : "DYDXUSD-PERP",
      "m" : "4611686018430698841"
    }, {
      "d" : "1756400720126066608",
      "t" : 1756400720126,
      "tn" : 1756400720126066608,
      "q" : "0.1",
      "p" : "0.6240",
      "s" : "buy",
      "i" : "DYDXUSD-PERP",
      "m" : "4611686018430698840"
    }, {
      "d" : "1756400544836150696",
      "t" : 1756400544836,
      "tn" : 1756400544836150695,
      "q" : "0.1",
      "p" : "0.6260",
      "s" : "buy",
      "i" : "DYDXUSD-PERP",
      "m" : "4611686018430698839"
    }, {
      "d" : "1756400544836150695",
      "t" : 1756400544836,
      "tn" : 1756400544836150695,
      "q" : "319.4",
      "p" : "0.6260",
      "s" : "buy",
      "i" : "DYDXUSD-PERP",
      "m" : "4611686018430698839"
    }, {
      "d" : "1756400490750884683",
      "t" : 1756400490750,
      "tn" : 1756400490750884683,
      "q" : "0.1",
      "p" : "0.6250",
      "s" : "buy",
      "i" : "DYDXUSD-PERP",
      "m" : "4611686018430698838"
    }, {
      "d" : "1756400486167744242",
      "t" : 1756400486167,
      "tn" : 1756400486167744242,
      "q" : "49.9",
      "p" : "0.6249",
      "s" : "buy",
      "i" : "DYDXUSD-PERP",
      "m" : "4611686018430698837"
    }, {
      "d" : "1756400363373174971",
      "t" : 1756400363373,
      "tn" : 1756400363373174971,
      "q" : "0.1",
      "p" : "0.6244",
      "s" : "buy",
      "i" : "DYDXUSD-PERP",
      "m" : "4611686018430698836"
    }, {
      "d" : "1756400363369223383",
      "t" : 1756400363369,
      "tn" : 1756400363369223383,
      "q" : "49.9",
      "p" : "0.6244",
      "s" : "buy",
      "i" : "DYDXUSD-PERP",
      "m" : "4611686018430698835"
    }, {
      "d" : "1756400332096278315",
      "t" : 1756400332096,
      "tn" : 1756400332096278314,
      "q" : "319.4",
      "p" : "0.6260",
      "s" : "buy",
      "i" : "DYDXUSD-PERP",
      "m" : "4611686018430698834"
    }, {
      "d" : "1756400332096278314",
      "t" : 1756400332096,
      "tn" : 1756400332096278314,
      "q" : "0.1",
      "p" : "0.6260",
      "s" : "buy",
      "i" : "DYDXUSD-PERP",
      "m" : "4611686018430698834"
    }, {
      "d" : "1756400289047315428",
      "t" : 1756400289047,
      "tn" : 1756400289047315427,
      "q" : "0.1",
      "p" : "0.6270",
      "s" : "buy",
      "i" : "DYDXUSD-PERP",
      "m" : "4611686018430698833"
    }, {
      "d" : "1756400289047315427",
      "t" : 1756400289047,
      "tn" : 1756400289047315427,
      "q" : "318.9",
      "p" : "0.6270",
      "s" : "buy",
      "i" : "DYDXUSD-PERP",
      "m" : "4611686018430698833"
    }, {
      "d" : "1756400164418075077",
      "t" : 1756400164418,
      "tn" : 1756400164418075076,
      "q" : "318.3",
      "p" : "0.6280",
      "s" : "buy",
      "i" : "DYDXUSD-PERP",
      "m" : "4611686018430698832"
    }, {
      "d" : "1756400164418075076",
      "t" : 1756400164418,
      "tn" : 1756400164418075076,
      "q" : "0.1",
      "p" : "0.6280",
      "s" : "buy",
      "i" : "DYDXUSD-PERP",
      "m" : "4611686018430698832"
    }, {
      "d" : "1756400015046788138",
      "t" : 1756400015046,
      "tn" : 1756400015046788137,
      "q" : "0.1",
      "p" : "0.6310",
      "s" : "buy",
      "i" : "DYDXUSD-PERP",
      "m" : "4611686018430698831"
    }, {
      "d" : "1756400015046788137",
      "t" : 1756400015046,
      "tn" : 1756400015046788137,
      "q" : "316.9",
      "p" : "0.6310",
      "s" : "buy",
      "i" : "DYDXUSD-PERP",
      "m" : "4611686018430698831"
    }, {
      "d" : "1756400008227281309",
      "t" : 1756400008227,
      "tn" : 1756400008227281308,
      "q" : "0.1",
      "p" : "0.6310",
      "s" : "buy",
      "i" : "DYDXUSD-PERP",
      "m" : "4611686018430698830"
    }, {
      "d" : "1756400008227281308",
      "t" : 1756400008227,
      "tn" : 1756400008227281308,
      "q" : "316.9",
      "p" : "0.6310",
      "s" : "buy",
      "i" : "DYDXUSD-PERP",
      "m" : "4611686018430698830"
    }, {
      "d" : "1756399993882328424",
      "t" : 1756399993882,
      "tn" : 1756399993882328424,
      "q" : "305.4",
      "p" : "0.6310",
      "s" : "buy",
      "i" : "DYDXUSD-PERP",
      "m" : "4611686018430698829"
    }, {
      "d" : "1756398848046605000",
      "t" : 1756398848046,
      "tn" : 1756398848046605000,
      "q" : "0.1",
      "p" : "0.6333",
      "s" : "sell",
      "i" : "DYDXUSD-PERP",
      "m" : "4611686018430698828"
    }, {
      "d" : "1756397337357049820",
      "t" : 1756397337357,
      "tn" : 1756397337357049820,
      "q" : "0.1",
      "p" : "0.6350",
      "s" : "buy",
      "i" : "DYDXUSD-PERP",
      "m" : "4611686018430698827"
    }, {
      "d" : "1756396800806749189",
      "t" : 1756396800806,
      "tn" : 1756396800806749188,
      "q" : "316.3",
      "p" : "0.6320",
      "s" : "buy",
      "i" : "DYDXUSD-PERP",
      "m" : "4611686018430698826"
    }, {
      "d" : "1756396800806749188",
      "t" : 1756396800806,
      "tn" : 1756396800806749188,
      "q" : "0.1",
      "p" : "0.6320",
      "s" : "buy",
      "i" : "DYDXUSD-PERP",
      "m" : "4611686018430698826"
    }, {
      "d" : "1756396690443310320",
      "t" : 1756396690443,
      "tn" : 1756396690443310320,
      "q" : "0.1",
      "p" : "0.6320",
      "s" : "buy",
      "i" : "DYDXUSD-PERP",
      "m" : "4611686018430698825"
    }, {
      "d" : "1756394078296281524",
      "t" : 1756394078296,
      "tn" : 1756394078296281524,
      "q" : "0.1",
      "p" : "0.6400",
      "s" : "buy",
      "i" : "DYDXUSD-PERP",
      "m" : "4611686018430698824"
    }, {
      "d" : "1756394064114597710",
      "t" : 1756394064114,
      "tn" : 1756394064114597710,
      "q" : "0.1",
      "p" : "0.6400",
      "s" : "buy",
      "i" : "DYDXUSD-PERP",
      "m" : "4611686018430698823"
    }, {
      "d" : "1756393938146326279",
      "t" : 1756393938146,
      "tn" : 1756393938146326278,
      "q" : "49.7",
      "p" : "0.6403",
      "s" : "buy",
      "i" : "DYDXUSD-PERP",
      "m" : "4611686018430698822"
    }, {
      "d" : "1756393938146326278",
      "t" : 1756393938146,
      "tn" : 1756393938146326278,
      "q" : "0.1",
      "p" : "0.6403",
      "s" : "buy",
      "i" : "DYDXUSD-PERP",
      "m" : "4611686018430698822"
    }, {
      "d" : "1756393938146323063",
      "t" : 1756393938146,
      "tn" : 1756393938146323063,
      "q" : "0.1",
      "p" : "0.6400",
      "s" : "buy",
      "i" : "DYDXUSD-PERP",
      "m" : "4611686018430698821"
    }, {
      "d" : "1756393905816745262",
      "t" : 1756393905816,
      "tn" : 1756393905816745262,
      "q" : "0.1",
      "p" : "0.6400",
      "s" : "buy",
      "i" : "DYDXUSD-PERP",
      "m" : "4611686018430698820"
    }, {
      "d" : "1756393564096912395",
      "t" : 1756393564096,
      "tn" : 1756393564096912395,
      "q" : "0.1",
      "p" : "0.6420",
      "s" : "buy",
      "i" : "DYDXUSD-PERP",
      "m" : "4611686018430698819"
    }, {
      "d" : "1756393405109135559",
      "t" : 1756393405109,
      "tn" : 1756393405109135559,
      "q" : "0.1",
      "p" : "0.6450",
      "s" : "buy",
      "i" : "DYDXUSD-PERP",
      "m" : "4611686018430698818"
    }, {
      "d" : "1756393395108482348",
      "t" : 1756393395108,
      "tn" : 1756393395108482348,
      "q" : "0.1",
      "p" : "0.6450",
      "s" : "buy",
      "i" : "DYDXUSD-PERP",
      "m" : "4611686018430698817"
    }, {
      "d" : "1756393061749901540",
      "t" : 1756393061749,
      "tn" : 1756393061749901540,
      "q" : "0.1",
      "p" : "0.6440",
      "s" : "buy",
      "i" : "DYDXUSD-PERP",
      "m" : "4611686018430698816"
    }, {
      "d" : "1756392862319796537",
      "t" : 1756392862319,
      "tn" : 1756392862319796537,
      "q" : "0.1",
      "p" : "0.6430",
      "s" : "buy",
      "i" : "DYDXUSD-PERP",
      "m" : "4611686018430698815"
    }, {
      "d" : "1756392833213160243",
      "t" : 1756392833213,
      "tn" : 1756392833213160243,
      "q" : "0.1",
      "p" : "0.6430",
      "s" : "buy",
      "i" : "DYDXUSD-PERP",
      "m" : "4611686018430698814"
    }, {
      "d" : "1756392528064777367",
      "t" : 1756392528064,
      "tn" : 1756392528064777367,
      "q" : "0.1",
      "p" : "0.6420",
      "s" : "buy",
      "i" : "DYDXUSD-PERP",
      "m" : "4611686018430698813"
    }, {
      "d" : "1756390665795551177",
      "t" : 1756390665795,
      "tn" : 1756390665795551177,
      "q" : "49.9",
      "p" : "0.6423",
      "s" : "buy",
      "i" : "DYDXUSD-PERP",
      "m" : "4611686018430698812"
    }, {
      "d" : "1756390207315911533",
      "t" : 1756390207315,
      "tn" : 1756390207315911533,
      "q" : "0.1",
      "p" : "0.6390",
      "s" : "buy",
      "i" : "DYDXUSD-PERP",
      "m" : "4611686018430698811"
    }, {
      "d" : "1756390183593758948",
      "t" : 1756390183593,
      "tn" : 1756390183593758948,
      "q" : "0.1",
      "p" : "0.6390",
      "s" : "buy",
      "i" : "DYDXUSD-PERP",
      "m" : "4611686018430698810"
    }, {
      "d" : "1756390168889084295",
      "t" : 1756390168889,
      "tn" : 1756390168889084295,
      "q" : "0.1",
      "p" : "0.6390",
      "s" : "buy",
      "i" : "DYDXUSD-PERP",
      "m" : "4611686018430698809"
    }, {
      "d" : "1756390140482352503",
      "t" : 1756390140482,
      "tn" : 1756390140482352503,
      "q" : "0.1",
      "p" : "0.6400",
      "s" : "buy",
      "i" : "DYDXUSD-PERP",
      "m" : "4611686018430698808"
    }, {
      "d" : "1756390133698304942",
      "t" : 1756390133698,
      "tn" : 1756390133698304942,
      "q" : "0.1",
      "p" : "0.6400",
      "s" : "buy",
      "i" : "DYDXUSD-PERP",
      "m" : "4611686018430698807"
    }, {
      "d" : "1756390123213680810",
      "t" : 1756390123213,
      "tn" : 1756390123213680810,
      "q" : "0.1",
      "p" : "0.6400",
      "s" : "buy",
      "i" : "DYDXUSD-PERP",
      "m" : "4611686018430698806"
    }, {
      "d" : "1756390102929895905",
      "t" : 1756390102929,
      "tn" : 1756390102929895905,
      "q" : "0.1",
      "p" : "0.6400",
      "s" : "buy",
      "i" : "DYDXUSD-PERP",
      "m" : "4611686018430698805"
    } ]
  }
}