{
  "id" : -1,
  "method" : "public/get-trades",
  "code" : 0,
  "result" : {
    "data" : [ {
      "d" : "1756430310952854591",
      "t" : 1756430310952,
      "tn" : 1756430310952854591,
      "q" : "34.29",
      "p" : "0.2240",
      "s" : "buy",
      "i" : "DYM_USD",
      "m" : "4611686018428424909"
    }, {
      "d" : "1756430310855434401",
      "t" : 1756430310855,
      "tn" : 1756430310855434401,
      "q" : "89.81",
      "p" : "0.2240",
      "s" : "buy",
      "i" : "DYM_USD",
      "m" : "4611686018428424908"
    }, {
      "d" : "1756430310807798436",
      "t" : 1756430310807,
      "tn" : 1756430310807798436,
      "q" : "89.81",
      "p" : "0.2240",
      "s" : "buy",
      "i" : "DYM_USD",
      "m" : "4611686018428424907"
    }, {
      "d" : "1756430310756947605",
      "t" : 1756430310756,
      "tn" : 1756430310756947605,
      "q" : "89.81",
      "p" : "0.2240",
      "s" : "buy",
      "i" : "DYM_USD",
      "m" : "4611686018428424906"
    }, {
      "d" : "1756430310745853447",
      "t" : 1756430310745,
      "tn" : 1756430310745853447,
      "q" : "89.81",
      "p" : "0.2240",
      "s" : "buy",
      "i" : "DYM_USD",
      "m" : "4611686018428424905"
    }, {
      "d" : "1756430310733110177",
      "t" : 1756430310733,
      "tn" : 1756430310733110177,
      "q" : "89.81",
      "p" : "0.2240",
      "s" : "buy",
      "i" : "DYM_USD",
      "m" : "4611686018428424904"
    }, {
      "d" : "1756430310723262547",
      "t" : 1756430310723,
      "tn" : 1756430310723262547,
      "q" : "19.33",
      "p" : "0.2240",
      "s" : "buy",
      "i" : "DYM_USD",
      "m" : "4611686018428424903"
    }, {
      "d" : "1756430310719981079",
      "t" : 1756430310719,
      "tn" : 1756430310719981079,
      "q" : "89.81",
      "p" : "0.2240",
      "s" : "buy",
      "i" : "DYM_USD",
      "m" : "4611686018428424902"
    }, {
      "d" : "1756414739533706031",
      "t" : 1756414739533,
      "tn" : 1756414739533706031,
      "q" : "111.61",
      "p" : "0.2240",
      "s" : "sell",
      "i" : "DYM_USD",
      "m" : "4611686018428424901"
    }, {
      "d" : "1756414693312986024",
      "t" : 1756414693312,
      "tn" : 1756414693312986024,
      "q" : "360.08",
      "p" : "0.2240",
      "s" : "sell",
      "i" : "DYM_USD",
      "m" : "4611686018428424900"
    }, {
      "d" : "1756414693312829933",
      "t" : 1756414693312,
      "tn" : 1756414693312829933,
      "q" : "892.86",
      "p" : "0.2240",
      "s" : "sell",
      "i" : "DYM_USD",
      "m" : "4611686018428424899"
    }, {
      "d" : "1756414693311235707",
      "t" : 1756414693311,
      "tn" : 1756414693311235707,
      "q" : "82.00",
      "p" : "0.2240",
      "s" : "sell",
      "i" : "DYM_USD",
      "m" : "4611686018428424898"
    }, {
      "d" : "1756414693307019177",
      "t" : 1756414693307,
      "tn" : 1756414693307019177,
      "q" : "137.00",
      "p" : "0.2240",
      "s" : "sell",
      "i" : "DYM_USD",
      "m" : "4611686018428424897"
    }, {
      "d" : "1756414693296049922",
      "t" : 1756414693296,
      "tn" : 1756414693296049922,
      "q" : "2232.14",
      "p" : "0.2240",
      "s" : "sell",
      "i" : "DYM_USD",
      "m" : "4611686018428424896"
    }, {
      "d" : "1756414693295911723",
      "t" : 1756414693295,
      "tn" : 1756414693295911723,
      "q" : "228.00",
      "p" : "0.2240",
      "s" : "sell",
      "i" : "DYM_USD",
      "m" : "4611686018428424895"
    }, {
      "d" : "1756414693295682677",
      "t" : 1756414693295,
      "tn" : 1756414693295682677,
      "q" : "2232.14",
      "p" : "0.2240",
      "s" : "sell",
      "i" : "DYM_USD",
      "m" : "4611686018428424894"
    }, {
      "d" : "1756414693286420174",
      "t" : 1756414693286,
      "tn" : 1756414693286420174,
      "q" : "380.00",
      "p" : "0.2240",
      "s" : "sell",
      "i" : "DYM_USD",
      "m" : "4611686018428424893"
    }, {
      "d" : "1756414693282924818",
      "t" : 1756414693282,
      "tn" : 1756414693282924818,
      "q" : "2232.14",
      "p" : "0.2240",
      "s" : "sell",
      "i" : "DYM_USD",
      "m" : "4611686018428424892"
    }, {
      "d" : "1756414693282912251",
      "t" : 1756414693282,
      "tn" : 1756414693282912251,
      "q" : "2232.14",
      "p" : "0.2240",
      "s" : "sell",
      "i" : "DYM_USD",
      "m" : "4611686018428424891"
    }, {
      "d" : "1756414693269513422",
      "t" : 1756414693269,
      "tn" : 1756414693269513421,
      "q" : "388.00",
      "p" : "0.2240",
      "s" : "buy",
      "i" : "DYM_USD",
      "m" : "4611686018428424890"
    }, {
      "d" : "1756414693269513421",
      "t" : 1756414693269,
      "tn" : 1756414693269513421,
      "q" : "3.50",
      "p" : "0.2240",
      "s" : "buy",
      "i" : "DYM_USD",
      "m" : "4611686018428424890"
    }, {
      "d" : "1756412857899011268",
      "t" : 1756412857899,
      "tn" : 1756412857899011268,
      "q" : "10.00",
      "p" : "0.2240",
      "s" : "buy",
      "i" : "DYM_USD",
      "m" : "4611686018428424889"
    } ]
  }
}