{
  "id" : -1,
  "method" : "public/get-trades",
  "code" : 0,
  "result" : {
    "data" : [ {
      "d" : "1756457488426851620",
      "t" : 1756457488426,
      "tn" : 1756457488426851619,
      "q" : "0.01",
      "p" : "14.460",
      "s" : "buy",
      "i" : "EGLDUSD-PERP",
      "m" : "4611686018431071156"
    }, {
      "d" : "1756457488426851619",
      "t" : 1756457488426,
      "tn" : 1756457488426851619,
      "q" : "0.01",
      "p" : "14.460",
      "s" : "buy",
      "i" : "EGLDUSD-PERP",
      "m" : "4611686018431071156"
    }, {
      "d" : "1756457488204754934",
      "t" : 1756457488204,
      "tn" : 1756457488204754934,
      "q" : "0.01",
      "p" : "14.456",
      "s" : "buy",
      "i" : "EGLDUSD-PERP",
      "m" : "4611686018431071155"
    }, {
      "d" : "1756457111549093803",
      "t" : 1756457111549,
      "tn" : 1756457111549093803,
      "q" : "0.01",
      "p" : "14.481",
      "s" : "buy",
      "i" : "EGLDUSD-PERP",
      "m" : "4611686018431071154"
    }, {
      "d" : "1756457111476723345",
      "t" : 1756457111476,
      "tn" : 1756457111476723345,
      "q" : "0.01",
      "p" : "14.483",
      "s" : "buy",
      "i" : "EGLDUSD-PERP",
      "m" : "4611686018431071153"
    }, {
      "d" : "1756457107676866419",
      "t" : 1756457107676,
      "tn" : 1756457107676866419,
      "q" : "0.01",
      "p" : "14.486",
      "s" : "buy",
      "i" : "EGLDUSD-PERP",
      "m" : "4611686018431071152"
    }, {
      "d" : "1756457107367656399",
      "t" : 1756457107367,
      "tn" : 1756457107367656399,
      "q" : "0.01",
      "p" : "14.490",
      "s" : "buy",
      "i" : "EGLDUSD-PERP",
      "m" : "4611686018431071151"
    }, {
      "d" : "1756457107367654120",
      "t" : 1756457107367,
      "tn" : 1756457107367654120,
      "q" : "0.01",
      "p" : "14.486",
      "s" : "buy",
      "i" : "EGLDUSD-PERP",
      "m" : "4611686018431071150"
    }, {
      "d" : "1756457102179890623",
      "t" : 1756457102179,
      "tn" : 1756457102179890623,
      "q" : "0.01",
      "p" : "14.484",
      "s" : "buy",
      "i" : "EGLDUSD-PERP",
      "m" : "4611686018431071149"
    }, {
      "d" : "1756457097466001669",
      "t" : 1756457097466,
      "tn" : 1756457097466001669,
      "q" : "0.01",
      "p" : "14.485",
      "s" : "buy",
      "i" : "EGLDUSD-PERP",
      "m" : "4611686018431071148"
    }, {
      "d" : "1756457097342562063",
      "t" : 1756457097342,
      "tn" : 1756457097342562062,
      "q" : "0.01",
      "p" : "14.489",
      "s" : "buy",
      "i" : "EGLDUSD-PERP",
      "m" : "4611686018431071147"
    }, {
      "d" : "1756457097342562062",
      "t" : 1756457097342,
      "tn" : 1756457097342562062,
      "q" : "0.01",
      "p" : "14.489",
      "s" : "buy",
      "i" : "EGLDUSD-PERP",
      "m" : "4611686018431071147"
    }, {
      "d" : "1756457090099211986",
      "t" : 1756457090099,
      "tn" : 1756457090099211986,
      "q" : "0.01",
      "p" : "14.485",
      "s" : "buy",
      "i" : "EGLDUSD-PERP",
      "m" : "4611686018431071146"
    }, {
      "d" : "1756457087311755001",
      "t" : 1756457087311,
      "tn" : 1756457087311755001,
      "q" : "0.01",
      "p" : "14.489",
      "s" : "buy",
      "i" : "EGLDUSD-PERP",
      "m" : "4611686018431071145"
    }, {
      "d" : "1756457087311752415",
      "t" : 1756457087311,
      "tn" : 1756457087311752415,
      "q" : "0.01",
      "p" : "14.485",
      "s" : "buy",
      "i" : "EGLDUSD-PERP",
      "m" : "4611686018431071144"
    }, {
      "d" : "1756457086941351328",
      "t" : 1756457086941,
      "tn" : 1756457086941351328,
      "q" : "0.01",
      "p" : "14.488",
      "s" : "buy",
      "i" : "EGLDUSD-PERP",
      "m" : "4611686018431071143"
    }, {
      "d" : "1756457086941349143",
      "t" : 1756457086941,
      "tn" : 1756457086941349143,
      "q" : "0.01",
      "p" : "14.485",
      "s" : "buy",
      "i" : "EGLDUSD-PERP",
      "m" : "4611686018431071142"
    }, {
      "d" : "1756457080082168922",
      "t" : 1756457080082,
      "tn" : 1756457080082168922,
      "q" : "0.01",
      "p" : "14.484",
      "s" : "buy",
      "i" : "EGLDUSD-PERP",
      "m" : "4611686018431071141"
    }, {
      "d" : "1756457077296693121",
      "t" : 1756457077296,
      "tn" : 1756457077296693121,
      "q" : "0.01",
      "p" : "14.490",
      "s" : "buy",
      "i" : "EGLDUSD-PERP",
      "m" : "4611686018431071140"
    }, {
      "d" : "1756457077296690371",
      "t" : 1756457077296,
      "tn" : 1756457077296690371,
      "q" : "0.01",
      "p" : "14.488",
      "s" : "buy",
      "i" : "EGLDUSD-PERP",
      "m" : "4611686018431071139"
    }, {
      "d" : "1756457076926260197",
      "t" : 1756457076926,
      "tn" : 1756457076926260197,
      "q" : "0.01",
      "p" : "14.488",
      "s" : "buy",
      "i" : "EGLDUSD-PERP",
      "m" : "4611686018431071138"
    }, {
      "d" : "1756457067278526663",
      "t" : 1756457067278,
      "tn" : 1756457067278526663,
      "q" : "0.01",
      "p" : "14.485",
      "s" : "buy",
      "i" : "EGLDUSD-PERP",
      "m" : "4611686018431071137"
    }, {
      "d" : "1756457066907960250",
      "t" : 1756457066907,
      "tn" : 1756457066907960249,
      "q" : "0.01",
      "p" : "14.488",
      "s" : "buy",
      "i" : "EGLDUSD-PERP",
      "m" : "4611686018431071136"
    }, {
      "d" : "1756457066907960249",
      "t" : 1756457066907,
      "tn" : 1756457066907960249,
      "q" : "0.01",
      "p" : "14.488",
      "s" : "buy",
      "i" : "EGLDUSD-PERP",
      "m" : "4611686018431071136"
    }, {
      "d" : "1756457066564501706",
      "t" : 1756457066564,
      "tn" : 1756457066564501706,
      "q" : "0.01",
      "p" : "14.484",
      "s" : "buy",
      "i" : "EGLDUSD-PERP",
      "m" : "4611686018431071135"
    }, {
      "d" : "1756457066479299984",
      "t" : 1756457066479,
      "tn" : 1756457066479299983,
      "q" : "0.01",
      "p" : "14.487",
      "s" : "buy",
      "i" : "EGLDUSD-PERP",
      "m" : "4611686018431071134"
    }, {
      "d" : "1756457066479299983",
      "t" : 1756457066479,
      "tn" : 1756457066479299983,
      "q" : "0.01",
      "p" : "14.487",
      "s" : "buy",
      "i" : "EGLDUSD-PERP",
      "m" : "4611686018431071134"
    }, {
      "d" : "1756457063383871845",
      "t" : 1756457063383,
      "tn" : 1756457063383871845,
      "q" : "0.01",
      "p" : "14.484",
      "s" : "buy",
      "i" : "EGLDUSD-PERP",
      "m" : "4611686018431071133"
    }, {
      "d" : "1756457056879918294",
      "t" : 1756457056879,
      "tn" : 1756457056879918294,
      "q" : "0.01",
      "p" : "14.488",
      "s" : "buy",
      "i" : "EGLDUSD-PERP",
      "m" : "4611686018431071132"
    }, {
      "d" : "1756457056818559057",
      "t" : 1756457056818,
      "tn" : 1756457056818559057,
      "q" : "0.01",
      "p" : "14.491",
      "s" : "buy",
      "i" : "EGLDUSD-PERP",
      "m" : "4611686018431071131"
    }, {
      "d" : "1756457056818556682",
      "t" : 1756457056818,
      "tn" : 1756457056818556682,
      "q" : "0.01",
      "p" : "14.490",
      "s" : "buy",
      "i" : "EGLDUSD-PERP",
      "m" : "4611686018431071130"
    }, {
      "d" : "1756457055708802968",
      "t" : 1756457055708,
      "tn" : 1756457055708802968,
      "q" : "0.01",
      "p" : "14.487",
      "s" : "buy",
      "i" : "EGLDUSD-PERP",
      "m" : "4611686018431071129"
    }, {
      "d" : "1756457046765339953",
      "t" : 1756457046765,
      "tn" : 1756457046765339953,
      "q" : "0.01",
      "p" : "14.490",
      "s" : "buy",
      "i" : "EGLDUSD-PERP",
      "m" : "4611686018431071128"
    }, {
      "d" : "1756457046703779307",
      "t" : 1756457046703,
      "tn" : 1756457046703779307,
      "q" : "0.01",
      "p" : "14.487",
      "s" : "buy",
      "i" : "EGLDUSD-PERP",
      "m" : "4611686018431071127"
    }, {
      "d" : "1756457045695540683",
      "t" : 1756457045695,
      "tn" : 1756457045695540683,
      "q" : "0.01",
      "p" : "14.487",
      "s" : "buy",
      "i" : "EGLDUSD-PERP",
      "m" : "4611686018431071126"
    }, {
      "d" : "1756456931973265411",
      "t" : 1756456931973,
      "tn" : 1756456931973265411,
      "q" : "0.01",
      "p" : "14.485",
      "s" : "buy",
      "i" : "EGLDUSD-PERP",
      "m" : "4611686018431071125"
    }, {
      "d" : "1756456882293989286",
      "t" : 1756456882293,
      "tn" : 1756456882293989286,
      "q" : "0.01",
      "p" : "14.494",
      "s" : "buy",
      "i" : "EGLDUSD-PERP",
      "m" : "4611686018431071124"
    }, {
      "d" : "1756456872254775851",
      "t" : 1756456872254,
      "tn" : 1756456872254775851,
      "q" : "0.01",
      "p" : "14.494",
      "s" : "buy",
      "i" : "EGLDUSD-PERP",
      "m" : "4611686018431071123"
    }, {
      "d" : "1756456785112914107",
      "t" : 1756456785112,
      "tn" : 1756456785112914107,
      "q" : "0.01",
      "p" : "14.492",
      "s" : "buy",
      "i" : "EGLDUSD-PERP",
      "m" : "4611686018431071122"
    }, {
      "d" : "1756456775052554732",
      "t" : 1756456775052,
      "tn" : 1756456775052554732,
      "q" : "0.01",
      "p" : "14.503",
      "s" : "buy",
      "i" : "EGLDUSD-PERP",
      "m" : "4611686018431071121"
    }, {
      "d" : "1756456763334314900",
      "t" : 1756456763334,
      "tn" : 1756456763334314900,
      "q" : "0.01",
      "p" : "14.512",
      "s" : "buy",
      "i" : "EGLDUSD-PERP",
      "m" : "4611686018431071120"
    }, {
      "d" : "1756456740584336407",
      "t" : 1756456740584,
      "tn" : 1756456740584336407,
      "q" : "0.01",
      "p" : "14.504",
      "s" : "buy",
      "i" : "EGLDUSD-PERP",
      "m" : "4611686018431071119"
    }, {
      "d" : "1756456680669054422",
      "t" : 1756456680669,
      "tn" : 1756456680669054422,
      "q" : "0.01",
      "p" : "14.505",
      "s" : "buy",
      "i" : "EGLDUSD-PERP",
      "m" : "4611686018431071118"
    }, {
      "d" : "1756456627283672478",
      "t" : 1756456627283,
      "tn" : 1756456627283672478,
      "q" : "0.01",
      "p" : "14.503",
      "s" : "buy",
      "i" : "EGLDUSD-PERP",
      "m" : "4611686018431071117"
    }, {
      "d" : "1756456539526178772",
      "t" : 1756456539526,
      "tn" : 1756456539526178772,
      "q" : "0.01",
      "p" : "14.512",
      "s" : "buy",
      "i" : "EGLDUSD-PERP",
      "m" : "4611686018431071116"
    }, {
      "d" : "1756456502957714517",
      "t" : 1756456502957,
      "tn" : 1756456502957714517,
      "q" : "0.01",
      "p" : "14.520",
      "s" : "buy",
      "i" : "EGLDUSD-PERP",
      "m" : "4611686018431071115"
    }, {
      "d" : "1756456475735716585",
      "t" : 1756456475735,
      "tn" : 1756456475735716585,
      "q" : "0.01",
      "p" : "14.514",
      "s" : "buy",
      "i" : "EGLDUSD-PERP",
      "m" : "4611686018431071114"
    }, {
      "d" : "1756456462433154561",
      "t" : 1756456462433,
      "tn" : 1756456462433154561,
      "q" : "0.01",
      "p" : "14.516",
      "s" : "buy",
      "i" : "EGLDUSD-PERP",
      "m" : "4611686018431071113"
    }, {
      "d" : "1756456442324288182",
      "t" : 1756456442324,
      "tn" : 1756456442324288182,
      "q" : "0.01",
      "p" : "14.505",
      "s" : "buy",
      "i" : "EGLDUSD-PERP",
      "m" : "4611686018431071112"
    }, {
      "d" : "1756456426195857713",
      "t" : 1756456426195,
      "tn" : 1756456426195857713,
      "q" : "0.01",
      "p" : "14.505",
      "s" : "buy",
      "i" : "EGLDUSD-PERP",
      "m" : "4611686018431071111"
    }, {
      "d" : "1756456315242491163",
      "t" : 1756456315242,
      "tn" : 1756456315242491163,
      "q" : "0.01",
      "p" : "14.513",
      "s" : "buy",
      "i" : "EGLDUSD-PERP",
      "m" : "4611686018431071110"
    }, {
      "d" : "1756456315119808377",
      "t" : 1756456315119,
      "tn" : 1756456315119808376,
      "q" : "0.01",
      "p" : "14.516",
      "s" : "buy",
      "i" : "EGLDUSD-PERP",
      "m" : "4611686018431071109"
    }, {
      "d" : "1756456315119808376",
      "t" : 1756456315119,
      "tn" : 1756456315119808376,
      "q" : "0.01",
      "p" : "14.516",
      "s" : "buy",
      "i" : "EGLDUSD-PERP",
      "m" : "4611686018431071109"
    }, {
      "d" : "1756456314105906319",
      "t" : 1756456314105,
      "tn" : 1756456314105906319,
      "q" : "0.01",
      "p" : "14.513",
      "s" : "buy",
      "i" : "EGLDUSD-PERP",
      "m" : "4611686018431071108"
    }, {
      "d" : "1756456305169243589",
      "t" : 1756456305169,
      "tn" : 1756456305169243589,
      "q" : "0.01",
      "p" : "14.504",
      "s" : "buy",
      "i" : "EGLDUSD-PERP",
      "m" : "4611686018431071107"
    }, {
      "d" : "1756456305107226705",
      "t" : 1756456305107,
      "tn" : 1756456305107226704,
      "q" : "0.01",
      "p" : "14.507",
      "s" : "buy",
      "i" : "EGLDUSD-PERP",
      "m" : "4611686018431071106"
    }, {
      "d" : "1756456305107226704",
      "t" : 1756456305107,
      "tn" : 1756456305107226704,
      "q" : "0.01",
      "p" : "14.507",
      "s" : "buy",
      "i" : "EGLDUSD-PERP",
      "m" : "4611686018431071106"
    }, {
      "d" : "1756456294147739917",
      "t" : 1756456294147,
      "tn" : 1756456294147739917,
      "q" : "0.01",
      "p" : "14.505",
      "s" : "buy",
      "i" : "EGLDUSD-PERP",
      "m" : "4611686018431071105"
    }, {
      "d" : "1756456291682834273",
      "t" : 1756456291682,
      "tn" : 1756456291682834273,
      "q" : "0.01",
      "p" : "14.502",
      "s" : "buy",
      "i" : "EGLDUSD-PERP",
      "m" : "4611686018431071104"
    }, {
      "d" : "1756456284104474583",
      "t" : 1756456284104,
      "tn" : 1756456284104474583,
      "q" : "0.01",
      "p" : "14.505",
      "s" : "buy",
      "i" : "EGLDUSD-PERP",
      "m" : "4611686018431071103"
    }, {
      "d" : "1756456267562308863",
      "t" : 1756456267562,
      "tn" : 1756456267562308863,
      "q" : "0.01",
      "p" : "14.501",
      "s" : "buy",
      "i" : "EGLDUSD-PERP",
      "m" : "4611686018431071102"
    }, {
      "d" : "1756456244279790085",
      "t" : 1756456244279,
      "tn" : 1756456244279790085,
      "q" : "0.01",
      "p" : "14.513",
      "s" : "buy",
      "i" : "EGLDUSD-PERP",
      "m" : "4611686018431071101"
    }, {
      "d" : "1756456228204590119",
      "t" : 1756456228204,
      "tn" : 1756456228204590119,
      "q" : "0.01",
      "p" : "14.503",
      "s" : "buy",
      "i" : "EGLDUSD-PERP",
      "m" : "4611686018431071100"
    }, {
      "d" : "1756456206277835222",
      "t" : 1756456206277,
      "tn" : 1756456206277835222,
      "q" : "0.01",
      "p" : "14.503",
      "s" : "buy",
      "i" : "EGLDUSD-PERP",
      "m" : "4611686018431071099"
    }, {
      "d" : "1756456184124549333",
      "t" : 1756456184124,
      "tn" : 1756456184124549333,
      "q" : "0.01",
      "p" : "14.506",
      "s" : "buy",
      "i" : "EGLDUSD-PERP",
      "m" : "4611686018431071098"
    }, {
      "d" : "1756456184063979200",
      "t" : 1756456184063,
      "tn" : 1756456184063979200,
      "q" : "0.01",
      "p" : "14.503",
      "s" : "buy",
      "i" : "EGLDUSD-PERP",
      "m" : "4611686018431071097"
    }, {
      "d" : "1756456144729650929",
      "t" : 1756456144729,
      "tn" : 1756456144729650929,
      "q" : "0.01",
      "p" : "14.492",
      "s" : "buy",
      "i" : "EGLDUSD-PERP",
      "m" : "4611686018431071096"
    }, {
      "d" : "1756456133250456845",
      "t" : 1756456133250,
      "tn" : 1756456133250456845,
      "q" : "0.01",
      "p" : "14.494",
      "s" : "buy",
      "i" : "EGLDUSD-PERP",
      "m" : "4611686018431071095"
    }, {
      "d" : "1756456123227815994",
      "t" : 1756456123227,
      "tn" : 1756456123227815994,
      "q" : "0.01",
      "p" : "14.494",
      "s" : "buy",
      "i" : "EGLDUSD-PERP",
      "m" : "4611686018431071094"
    }, {
      "d" : "1756456123167258758",
      "t" : 1756456123167,
      "tn" : 1756456123167258758,
      "q" : "0.01",
      "p" : "14.491",
      "s" : "buy",
      "i" : "EGLDUSD-PERP",
      "m" : "4611686018431071093"
    }, {
      "d" : "1756456094113540905",
      "t" : 1756456094113,
      "tn" : 1756456094113540905,
      "q" : "0.01",
      "p" : "14.495",
      "s" : "buy",
      "i" : "EGLDUSD-PERP",
      "m" : "4611686018431071092"
    }, {
      "d" : "1756456081477715979",
      "t" : 1756456081477,
      "tn" : 1756456081477715979,
      "q" : "0.01",
      "p" : "14.493",
      "s" : "buy",
      "i" : "EGLDUSD-PERP",
      "m" : "4611686018431071091"
    }, {
      "d" : "1756456070586202989",
      "t" : 1756456070586,
      "tn" : 1756456070586202989,
      "q" : "0.01",
      "p" : "14.492",
      "s" : "buy",
      "i" : "EGLDUSD-PERP",
      "m" : "4611686018431071090"
    }, {
      "d" : "1756456035421163909",
      "t" : 1756456035421,
      "tn" : 1756456035421163909,
      "q" : "0.01",
      "p" : "14.502",
      "s" : "buy",
      "i" : "EGLDUSD-PERP",
      "m" : "4611686018431071089"
    }, {
      "d" : "1756455957314256548",
      "t" : 1756455957314,
      "tn" : 1756455957314256548,
      "q" : "0.01",
      "p" : "14.503",
      "s" : "buy",
      "i" : "EGLDUSD-PERP",
      "m" : "4611686018431071088"
    }, {
      "d" : "1756455919289829231",
      "t" : 1756455919289,
      "tn" : 1756455919289829231,
      "q" : "0.01",
      "p" : "14.504",
      "s" : "buy",
      "i" : "EGLDUSD-PERP",
      "m" : "4611686018431071087"
    }, {
      "d" : "1756455888163754274",
      "t" : 1756455888163,
      "tn" : 1756455888163754274,
      "q" : "0.01",
      "p" : "14.493",
      "s" : "buy",
      "i" : "EGLDUSD-PERP",
      "m" : "4611686018431071086"
    }, {
      "d" : "1756455888102316477",
      "t" : 1756455888102,
      "tn" : 1756455888102316477,
      "q" : "0.01",
      "p" : "14.490",
      "s" : "buy",
      "i" : "EGLDUSD-PERP",
      "m" : "4611686018431071085"
    }, {
      "d" : "1756455880839467371",
      "t" : 1756455880839,
      "tn" : 1756455880839467371,
      "q" : "0.01",
      "p" : "14.487",
      "s" : "buy",
      "i" : "EGLDUSD-PERP",
      "m" : "4611686018431071084"
    }, {
      "d" : "1756455874385001581",
      "t" : 1756455874385,
      "tn" : 1756455874385001581,
      "q" : "0.01",
      "p" : "14.490",
      "s" : "buy",
      "i" : "EGLDUSD-PERP",
      "m" : "4611686018431071083"
    }, {
      "d" : "1756455874312418683",
      "t" : 1756455874312,
      "tn" : 1756455874312418682,
      "q" : "0.01",
      "p" : "14.492",
      "s" : "buy",
      "i" : "EGLDUSD-PERP",
      "m" : "4611686018431071082"
    }, {
      "d" : "1756455874312418682",
      "t" : 1756455874312,
      "tn" : 1756455874312418682,
      "q" : "0.01",
      "p" : "14.492",
      "s" : "buy",
      "i" : "EGLDUSD-PERP",
      "m" : "4611686018431071082"
    }, {
      "d" : "1756455864300488546",
      "t" : 1756455864300,
      "tn" : 1756455864300488546,
      "q" : "0.01",
      "p" : "14.492",
      "s" : "buy",
      "i" : "EGLDUSD-PERP",
      "m" : "4611686018431071081"
    }, {
      "d" : "1756455818200524605",
      "t" : 1756455818200,
      "tn" : 1756455818200524605,
      "q" : "0.01",
      "p" : "14.504",
      "s" : "buy",
      "i" : "EGLDUSD-PERP",
      "m" : "4611686018431071080"
    }, {
      "d" : "1756455808191090703",
      "t" : 1756455808191,
      "tn" : 1756455808191090703,
      "q" : "0.01",
      "p" : "14.503",
      "s" : "buy",
      "i" : "EGLDUSD-PERP",
      "m" : "4611686018431071079"
    }, {
      "d" : "1756455793075169616",
      "t" : 1756455793075,
      "tn" : 1756455793075169616,
      "q" : "0.01",
      "p" : "14.503",
      "s" : "buy",
      "i" : "EGLDUSD-PERP",
      "m" : "4611686018431071078"
    }, {
      "d" : "1756455783474146166",
      "t" : 1756455783474,
      "tn" : 1756455783474146166,
      "q" : "0.01",
      "p" : "14.499",
      "s" : "buy",
      "i" : "EGLDUSD-PERP",
      "m" : "4611686018431071077"
    }, {
      "d" : "1756455775574657123",
      "t" : 1756455775574,
      "tn" : 1756455775574657123,
      "q" : "0.01",
      "p" : "14.504",
      "s" : "buy",
      "i" : "EGLDUSD-PERP",
      "m" : "4611686018431071076"
    }, {
      "d" : "1756455764990595141",
      "t" : 1756455764990,
      "tn" : 1756455764990595141,
      "q" : "0.01",
      "p" : "14.502",
      "s" : "buy",
      "i" : "EGLDUSD-PERP",
      "m" : "4611686018431071075"
    }, {
      "d" : "1756455724295116570",
      "t" : 1756455724295,
      "tn" : 1756455724295116570,
      "q" : "0.01",
      "p" : "14.503",
      "s" : "buy",
      "i" : "EGLDUSD-PERP",
      "m" : "4611686018431071074"
    }, {
      "d" : "1756455707293838439",
      "t" : 1756455707293,
      "tn" : 1756455707293838439,
      "q" : "0.01",
      "p" : "14.493",
      "s" : "buy",
      "i" : "EGLDUSD-PERP",
      "m" : "4611686018431071073"
    }, {
      "d" : "1756455707293836598",
      "t" : 1756455707293,
      "tn" : 1756455707293836598,
      "q" : "0.01",
      "p" : "14.491",
      "s" : "buy",
      "i" : "EGLDUSD-PERP",
      "m" : "4611686018431071072"
    }, {
      "d" : "1756455625706766508",
      "t" : 1756455625706,
      "tn" : 1756455625706766508,
      "q" : "0.01",
      "p" : "14.501",
      "s" : "buy",
      "i" : "EGLDUSD-PERP",
      "m" : "4611686018431071071"
    }, {
      "d" : "1756455614914788949",
      "t" : 1756455614914,
      "tn" : 1756455614914788949,
      "q" : "0.01",
      "p" : "14.514",
      "s" : "buy",
      "i" : "EGLDUSD-PERP",
      "m" : "4611686018431071070"
    }, {
      "d" : "1756455559322643758",
      "t" : 1756455559322,
      "tn" : 1756455559322643758,
      "q" : "0.01",
      "p" : "14.524",
      "s" : "buy",
      "i" : "EGLDUSD-PERP",
      "m" : "4611686018431071069"
    }, {
      "d" : "1756455546189768426",
      "t" : 1756455546189,
      "tn" : 1756455546189768426,
      "q" : "0.01",
      "p" : "14.524",
      "s" : "buy",
      "i" : "EGLDUSD-PERP",
      "m" : "4611686018431071068"
    }, {
      "d" : "1756455421166749778",
      "t" : 1756455421166,
      "tn" : 1756455421166749778,
      "q" : "0.01",
      "p" : "14.518",
      "s" : "buy",
      "i" : "EGLDUSD-PERP",
      "m" : "4611686018431071067"
    }, {
      "d" : "1756455305397040005",
      "t" : 1756455305397,
      "tn" : 1756455305397040005,
      "q" : "0.01",
      "p" : "14.522",
      "s" : "buy",
      "i" : "EGLDUSD-PERP",
      "m" : "4611686018431071066"
    }, {
      "d" : "1756455300439818188",
      "t" : 1756455300439,
      "tn" : 1756455300439818188,
      "q" : "0.01",
      "p" : "14.527",
      "s" : "buy",
      "i" : "EGLDUSD-PERP",
      "m" : "4611686018431071065"
    }, {
      "d" : "1756455300439816712",
      "t" : 1756455300439,
      "tn" : 1756455300439816712,
      "q" : "0.01",
      "p" : "14.524",
      "s" : "buy",
      "i" : "EGLDUSD-PERP",
      "m" : "4611686018431071064"
    }, {
      "d" : "1756455294283294588",
      "t" : 1756455294283,
      "tn" : 1756455294283294588,
      "q" : "0.01",
      "p" : "14.520",
      "s" : "buy",
      "i" : "EGLDUSD-PERP",
      "m" : "4611686018431071063"
    }, {
      "d" : "1756455284229530863",
      "t" : 1756455284229,
      "tn" : 1756455284229530863,
      "q" : "0.01",
      "p" : "14.519",
      "s" : "buy",
      "i" : "EGLDUSD-PERP",
      "m" : "4611686018431071062"
    }, {
      "d" : "1756455226577124207",
      "t" : 1756455226577,
      "tn" : 1756455226577124207,
      "q" : "0.01",
      "p" : "14.511",
      "s" : "buy",
      "i" : "EGLDUSD-PERP",
      "m" : "4611686018431071061"
    }, {
      "d" : "1756455226066790808",
      "t" : 1756455226066,
      "tn" : 1756455226066790808,
      "q" : "0.01",
      "p" : "14.521",
      "s" : "buy",
      "i" : "EGLDUSD-PERP",
      "m" : "4611686018431071060"
    }, {
      "d" : "1756455225896493242",
      "t" : 1756455225896,
      "tn" : 1756455225896493242,
      "q" : "0.01",
      "p" : "14.521",
      "s" : "buy",
      "i" : "EGLDUSD-PERP",
      "m" : "4611686018431071059"
    }, {
      "d" : "1756455213330612162",
      "t" : 1756455213330,
      "tn" : 1756455213330612162,
      "q" : "0.01",
      "p" : "14.534",
      "s" : "buy",
      "i" : "EGLDUSD-PERP",
      "m" : "4611686018431071058"
    }, {
      "d" : "1756455203283760024",
      "t" : 1756455203283,
      "tn" : 1756455203283760024,
      "q" : "0.01",
      "p" : "14.534",
      "s" : "buy",
      "i" : "EGLDUSD-PERP",
      "m" : "4611686018431071057"
    }, {
      "d" : "1756455172353208993",
      "t" : 1756455172353,
      "tn" : 1756455172353208993,
      "q" : "0.01",
      "p" : "14.536",
      "s" : "buy",
      "i" : "EGLDUSD-PERP",
      "m" : "4611686018431071056"
    }, {
      "d" : "1756455172353207318",
      "t" : 1756455172353,
      "tn" : 1756455172353207318,
      "q" : "0.01",
      "p" : "14.534",
      "s" : "buy",
      "i" : "EGLDUSD-PERP",
      "m" : "4611686018431071055"
    }, {
      "d" : "1756455166059651804",
      "t" : 1756455166059,
      "tn" : 1756455166059651804,
      "q" : "0.01",
      "p" : "14.538",
      "s" : "buy",
      "i" : "EGLDUSD-PERP",
      "m" : "4611686018431071054"
    }, {
      "d" : "1756455166059649398",
      "t" : 1756455166059,
      "tn" : 1756455166059649398,
      "q" : "0.01",
      "p" : "14.536",
      "s" : "buy",
      "i" : "EGLDUSD-PERP",
      "m" : "4611686018431071053"
    }, {
      "d" : "1756455162101830902",
      "t" : 1756455162101,
      "tn" : 1756455162101830902,
      "q" : "0.01",
      "p" : "14.531",
      "s" : "buy",
      "i" : "EGLDUSD-PERP",
      "m" : "4611686018431071052"
    }, {
      "d" : "1756455162101828273",
      "t" : 1756455162101,
      "tn" : 1756455162101828273,
      "q" : "0.01",
      "p" : "14.528",
      "s" : "buy",
      "i" : "EGLDUSD-PERP",
      "m" : "4611686018431071051"
    }, {
      "d" : "1756455158374546464",
      "t" : 1756455158374,
      "tn" : 1756455158374546464,
      "q" : "0.01",
      "p" : "14.526",
      "s" : "buy",
      "i" : "EGLDUSD-PERP",
      "m" : "4611686018431071050"
    }, {
      "d" : "1756455156051955825",
      "t" : 1756455156051,
      "tn" : 1756455156051955824,
      "q" : "0.01",
      "p" : "14.528",
      "s" : "buy",
      "i" : "EGLDUSD-PERP",
      "m" : "4611686018431071049"
    }, {
      "d" : "1756455156051955824",
      "t" : 1756455156051,
      "tn" : 1756455156051955824,
      "q" : "0.01",
      "p" : "14.528",
      "s" : "buy",
      "i" : "EGLDUSD-PERP",
      "m" : "4611686018431071049"
    }, {
      "d" : "1756455154043054167",
      "t" : 1756455154043,
      "tn" : 1756455154043054167,
      "q" : "0.01",
      "p" : "14.526",
      "s" : "buy",
      "i" : "EGLDUSD-PERP",
      "m" : "4611686018431071048"
    }, {
      "d" : "1756455152073549466",
      "t" : 1756455152073,
      "tn" : 1756455152073549465,
      "q" : "0.01",
      "p" : "14.528",
      "s" : "buy",
      "i" : "EGLDUSD-PERP",
      "m" : "4611686018431071047"
    }, {
      "d" : "1756455152073549465",
      "t" : 1756455152073,
      "tn" : 1756455152073549465,
      "q" : "0.01",
      "p" : "14.528",
      "s" : "buy",
      "i" : "EGLDUSD-PERP",
      "m" : "4611686018431071047"
    }, {
      "d" : "1756455087753258358",
      "t" : 1756455087753,
      "tn" : 1756455087753258358,
      "q" : "0.01",
      "p" : "14.542",
      "s" : "buy",
      "i" : "EGLDUSD-PERP",
      "m" : "4611686018431071046"
    }, {
      "d" : "1756455042467244554",
      "t" : 1756455042467,
      "tn" : 1756455042467244554,
      "q" : "0.01",
      "p" : "14.552",
      "s" : "buy",
      "i" : "EGLDUSD-PERP",
      "m" : "4611686018431071045"
    }, {
      "d" : "1756455010992499973",
      "t" : 1756455010992,
      "tn" : 1756455010992499973,
      "q" : "0.01",
      "p" : "14.555",
      "s" : "buy",
      "i" : "EGLDUSD-PERP",
      "m" : "4611686018431071044"
    }, {
      "d" : "1756455010992497960",
      "t" : 1756455010992,
      "tn" : 1756455010992497960,
      "q" : "0.01",
      "p" : "14.554",
      "s" : "buy",
      "i" : "EGLDUSD-PERP",
      "m" : "4611686018431071043"
    }, {
      "d" : "1756454895512321902",
      "t" : 1756454895512,
      "tn" : 1756454895512321902,
      "q" : "0.01",
      "p" : "14.572",
      "s" : "buy",
      "i" : "EGLDUSD-PERP",
      "m" : "4611686018431071042"
    }, {
      "d" : "1756454895111309240",
      "t" : 1756454895111,
      "tn" : 1756454895111309240,
      "q" : "0.01",
      "p" : "14.574",
      "s" : "buy",
      "i" : "EGLDUSD-PERP",
      "m" : "4611686018431071041"
    }, {
      "d" : "1756454849754344401",
      "t" : 1756454849754,
      "tn" : 1756454849754344401,
      "q" : "0.01",
      "p" : "14.584",
      "s" : "buy",
      "i" : "EGLDUSD-PERP",
      "m" : "4611686018431071040"
    }, {
      "d" : "1756454729099589634",
      "t" : 1756454729099,
      "tn" : 1756454729099589634,
      "q" : "0.01",
      "p" : "14.582",
      "s" : "buy",
      "i" : "EGLDUSD-PERP",
      "m" : "4611686018431071039"
    }, {
      "d" : "1756454719475101044",
      "t" : 1756454719475,
      "tn" : 1756454719475101044,
      "q" : "0.01",
      "p" : "14.572",
      "s" : "buy",
      "i" : "EGLDUSD-PERP",
      "m" : "4611686018431071038"
    }, {
      "d" : "1756454715907529929",
      "t" : 1756454715907,
      "tn" : 1756454715907529929,
      "q" : "0.01",
      "p" : "14.592",
      "s" : "buy",
      "i" : "EGLDUSD-PERP",
      "m" : "4611686018431071037"
    }, {
      "d" : "1756454715907528137",
      "t" : 1756454715907,
      "tn" : 1756454715907528137,
      "q" : "0.01",
      "p" : "14.590",
      "s" : "buy",
      "i" : "EGLDUSD-PERP",
      "m" : "4611686018431071036"
    }, {
      "d" : "1756454713945823625",
      "t" : 1756454713945,
      "tn" : 1756454713945823625,
      "q" : "0.01",
      "p" : "14.596",
      "s" : "buy",
      "i" : "EGLDUSD-PERP",
      "m" : "4611686018431071035"
    }, {
      "d" : "1756454702571878518",
      "t" : 1756454702571,
      "tn" : 1756454702571878518,
      "q" : "0.01",
      "p" : "14.602",
      "s" : "buy",
      "i" : "EGLDUSD-PERP",
      "m" : "4611686018431071034"
    }, {
      "d" : "1756454701644743187",
      "t" : 1756454701644,
      "tn" : 1756454701644743187,
      "q" : "0.01",
      "p" : "14.604",
      "s" : "buy",
      "i" : "EGLDUSD-PERP",
      "m" : "4611686018431071033"
    }, {
      "d" : "1756454652282066303",
      "t" : 1756454652282,
      "tn" : 1756454652282066303,
      "q" : "0.01",
      "p" : "14.604",
      "s" : "buy",
      "i" : "EGLDUSD-PERP",
      "m" : "4611686018431071032"
    }, {
      "d" : "1756454635190379467",
      "t" : 1756454635190,
      "tn" : 1756454635190379467,
      "q" : "0.01",
      "p" : "14.616",
      "s" : "buy",
      "i" : "EGLDUSD-PERP",
      "m" : "4611686018431071031"
    }, {
      "d" : "1756454625188120830",
      "t" : 1756454625188,
      "tn" : 1756454625188120830,
      "q" : "0.01",
      "p" : "14.614",
      "s" : "buy",
      "i" : "EGLDUSD-PERP",
      "m" : "4611686018431071030"
    }, {
      "d" : "1756454620121063228",
      "t" : 1756454620121,
      "tn" : 1756454620121063228,
      "q" : "0.01",
      "p" : "14.610",
      "s" : "buy",
      "i" : "EGLDUSD-PERP",
      "m" : "4611686018431071029"
    }, {
      "d" : "1756454615917586080",
      "t" : 1756454615917,
      "tn" : 1756454615917586080,
      "q" : "0.01",
      "p" : "14.620",
      "s" : "buy",
      "i" : "EGLDUSD-PERP",
      "m" : "4611686018431071028"
    }, {
      "d" : "1756454613650751991",
      "t" : 1756454613650,
      "tn" : 1756454613650751991,
      "q" : "0.01",
      "p" : "14.624",
      "s" : "buy",
      "i" : "EGLDUSD-PERP",
      "m" : "4611686018431071027"
    }, {
      "d" : "1756454612402253836",
      "t" : 1756454612402,
      "tn" : 1756454612402253836,
      "q" : "0.01",
      "p" : "14.626",
      "s" : "buy",
      "i" : "EGLDUSD-PERP",
      "m" : "4611686018431071026"
    }, {
      "d" : "1756454612402251258",
      "t" : 1756454612402,
      "tn" : 1756454612402251258,
      "q" : "0.01",
      "p" : "14.624",
      "s" : "buy",
      "i" : "EGLDUSD-PERP",
      "m" : "4611686018431071025"
    }, {
      "d" : "1756454603600802666",
      "t" : 1756454603600,
      "tn" : 1756454603600802666,
      "q" : "0.01",
      "p" : "14.622",
      "s" : "buy",
      "i" : "EGLDUSD-PERP",
      "m" : "4611686018431071024"
    }, {
      "d" : "1756454603600800237",
      "t" : 1756454603600,
      "tn" : 1756454603600800237,
      "q" : "0.01",
      "p" : "14.620",
      "s" : "buy",
      "i" : "EGLDUSD-PERP",
      "m" : "4611686018431071023"
    }, {
      "d" : "1756454602367940241",
      "t" : 1756454602367,
      "tn" : 1756454602367940241,
      "q" : "0.01",
      "p" : "14.626",
      "s" : "buy",
      "i" : "EGLDUSD-PERP",
      "m" : "4611686018431071022"
    }, {
      "d" : "1756454579779304736",
      "t" : 1756454579779,
      "tn" : 1756454579779304736,
      "q" : "0.01",
      "p" : "14.636",
      "s" : "buy",
      "i" : "EGLDUSD-PERP",
      "m" : "4611686018431071021"
    }, {
      "d" : "1756454556922506852",
      "t" : 1756454556922,
      "tn" : 1756454556922506852,
      "q" : "0.01",
      "p" : "14.637",
      "s" : "buy",
      "i" : "EGLDUSD-PERP",
      "m" : "4611686018431071020"
    }, {
      "d" : "1756454556922504388",
      "t" : 1756454556922,
      "tn" : 1756454556922504388,
      "q" : "0.01",
      "p" : "14.636",
      "s" : "buy",
      "i" : "EGLDUSD-PERP",
      "m" : "4611686018431071019"
    }, {
      "d" : "1756454546869373834",
      "t" : 1756454546869,
      "tn" : 1756454546869373834,
      "q" : "0.01",
      "p" : "14.647",
      "s" : "buy",
      "i" : "EGLDUSD-PERP",
      "m" : "4611686018431071018"
    }, {
      "d" : "1756454546869371687",
      "t" : 1756454546869,
      "tn" : 1756454546869371687,
      "q" : "0.01",
      "p" : "14.646",
      "s" : "buy",
      "i" : "EGLDUSD-PERP",
      "m" : "4611686018431071017"
    }, {
      "d" : "1756454541732256848",
      "t" : 1756454541732,
      "tn" : 1756454541732256848,
      "q" : "0.01",
      "p" : "14.642",
      "s" : "buy",
      "i" : "EGLDUSD-PERP",
      "m" : "4611686018431071016"
    } ]
  }
}