{
  "id" : -1,
  "method" : "public/get-trades",
  "code" : 0,
  "result" : {
    "data" : [ {
      "d" : "1756459970679954767",
      "t" : 1756459970679,
      "tn" : 1756459970679954767,
      "q" : "10.417",
      "p" : "14.389",
      "s" : "buy",
      "i" : "EGLD_USD",
      "m" : "4611686018430559934"
    }, {
      "d" : "1756459729333668304",
      "t" : 1756459729333,
      "tn" : 1756459729333668304,
      "q" : "10.000",
      "p" : "14.403",
      "s" : "buy",
      "i" : "EGLD_USD",
      "m" : "4611686018430559933"
    }, {
      "d" : "1756459643661787553",
      "t" : 1756459643661,
      "tn" : 1756459643661787553,
      "q" : "7.090",
      "p" : "14.412",
      "s" : "sell",
      "i" : "EGLD_USD",
      "m" : "4611686018430559932"
    }, {
      "d" : "1756459034584373360",
      "t" : 1756459034584,
      "tn" : 1756459034584373360,
      "q" : "8.014",
      "p" : "14.335",
      "s" : "buy",
      "i" : "EGLD_USD",
      "m" : "4611686018430559931"
    }, {
      "d" : "1756458517182371881",
      "t" : 1756458517182,
      "tn" : 1756458517182371881,
      "q" : "5.013",
      "p" : "14.333",
      "s" : "buy",
      "i" : "EGLD_USD",
      "m" : "4611686018430559930"
    }, {
      "d" : "1756458458525143465",
      "t" : 1756458458525,
      "tn" : 1756458458525143465,
      "q" : "9.995",
      "p" : "14.312",
      "s" : "sell",
      "i" : "EGLD_USD",
      "m" : "4611686018430559929"
    }, {
      "d" : "1756458183688268822",
      "t" : 1756458183688,
      "tn" : 1756458183688268822,
      "q" : "10.334",
      "p" : "14.269",
      "s" : "sell",
      "i" : "EGLD_USD",
      "m" : "4611686018430559928"
    }, {
      "d" : "1756458183686286206",
      "t" : 1756458183686,
      "tn" : 1756458183686286206,
      "q" : "18.620",
      "p" : "14.269",
      "s" : "sell",
      "i" : "EGLD_USD",
      "m" : "4611686018430559927"
    }, {
      "d" : "1756458182022641063",
      "t" : 1756458182022,
      "tn" : 1756458182022641063,
      "q" : "1.390",
      "p" : "14.273",
      "s" : "sell",
      "i" : "EGLD_USD",
      "m" : "4611686018430559926"
    }, {
      "d" : "1756458182011386659",
      "t" : 1756458182011,
      "tn" : 1756458182011386659,
      "q" : "0.815",
      "p" : "14.271",
      "s" : "sell",
      "i" : "EGLD_USD",
      "m" : "4611686018430559925"
    }, {
      "d" : "1756458182006362080",
      "t" : 1756458182006,
      "tn" : 1756458182006362080,
      "q" : "0.823",
      "p" : "14.271",
      "s" : "sell",
      "i" : "EGLD_USD",
      "m" : "4611686018430559924"
    }, {
      "d" : "1756458182001935139",
      "t" : 1756458182001,
      "tn" : 1756458182001935139,
      "q" : "1.391",
      "p" : "14.271",
      "s" : "sell",
      "i" : "EGLD_USD",
      "m" : "4611686018430559923"
    }, {
      "d" : "1756458181971274075",
      "t" : 1756458181971,
      "tn" : 1756458181971274075,
      "q" : "40.845",
      "p" : "14.270",
      "s" : "sell",
      "i" : "EGLD_USD",
      "m" : "4611686018430559922"
    }, {
      "d" : "1756458181941308307",
      "t" : 1756458181941,
      "tn" : 1756458181941308306,
      "q" : "42.046",
      "p" : "14.270",
      "s" : "sell",
      "i" : "EGLD_USD",
      "m" : "4611686018430559921"
    }, {
      "d" : "1756458181941308306",
      "t" : 1756458181941,
      "tn" : 1756458181941308306,
      "q" : "1.391",
      "p" : "14.270",
      "s" : "sell",
      "i" : "EGLD_USD",
      "m" : "4611686018430559921"
    }, {
      "d" : "1756458181922063838",
      "t" : 1756458181922,
      "tn" : 1756458181922063838,
      "q" : "42.043",
      "p" : "14.271",
      "s" : "sell",
      "i" : "EGLD_USD",
      "m" : "4611686018430559920"
    }, {
      "d" : "1756458179147601678",
      "t" : 1756458179147,
      "tn" : 1756458179147601678,
      "q" : "1.390",
      "p" : "14.281",
      "s" : "sell",
      "i" : "EGLD_USD",
      "m" : "4611686018430559919"
    }, {
      "d" : "1756458179137512574",
      "t" : 1756458179137,
      "tn" : 1756458179137512574,
      "q" : "3.535",
      "p" : "14.280",
      "s" : "sell",
      "i" : "EGLD_USD",
      "m" : "4611686018430559918"
    }, {
      "d" : "1756458178048736034",
      "t" : 1756458178048,
      "tn" : 1756458178048736034,
      "q" : "42.007",
      "p" : "14.283",
      "s" : "sell",
      "i" : "EGLD_USD",
      "m" : "4611686018430559917"
    }, {
      "d" : "1756458177622018230",
      "t" : 1756458177622,
      "tn" : 1756458177622018230,
      "q" : "42.007",
      "p" : "14.283",
      "s" : "sell",
      "i" : "EGLD_USD",
      "m" : "4611686018430559916"
    }, {
      "d" : "1756455454915457722",
      "t" : 1756455454915,
      "tn" : 1756455454915457722,
      "q" : "8.117",
      "p" : "14.517",
      "s" : "sell",
      "i" : "EGLD_USD",
      "m" : "4611686018430559915"
    }, {
      "d" : "1756454822790768423",
      "t" : 1756454822790,
      "tn" : 1756454822790768423,
      "q" : "10.691",
      "p" : "14.594",
      "s" : "sell",
      "i" : "EGLD_USD",
      "m" : "4611686018430559914"
    }, {
      "d" : "1756454321830431561",
      "t" : 1756454321830,
      "tn" : 1756454321830431561,
      "q" : "1.351",
      "p" : "14.639",
      "s" : "sell",
      "i" : "EGLD_USD",
      "m" : "4611686018430559913"
    }, {
      "d" : "1756454321811074260",
      "t" : 1756454321811,
      "tn" : 1756454321811074260,
      "q" : "20.339",
      "p" : "14.640",
      "s" : "buy",
      "i" : "EGLD_USD",
      "m" : "4611686018430559912"
    }, {
      "d" : "1756454321806022304",
      "t" : 1756454321806,
      "tn" : 1756454321806022304,
      "q" : "1.355",
      "p" : "14.639",
      "s" : "buy",
      "i" : "EGLD_USD",
      "m" : "4611686018430559911"
    }, {
      "d" : "1756454321791120363",
      "t" : 1756454321791,
      "tn" : 1756454321791120363,
      "q" : "3.447",
      "p" : "14.642",
      "s" : "buy",
      "i" : "EGLD_USD",
      "m" : "4611686018430559910"
    }, {
      "d" : "1756454321791118436",
      "t" : 1756454321791,
      "tn" : 1756454321791118435,
      "q" : "39.852",
      "p" : "14.641",
      "s" : "buy",
      "i" : "EGLD_USD",
      "m" : "4611686018430559909"
    }, {
      "d" : "1756454321791118435",
      "t" : 1756454321791,
      "tn" : 1756454321791118435,
      "q" : "1.355",
      "p" : "14.641",
      "s" : "buy",
      "i" : "EGLD_USD",
      "m" : "4611686018430559909"
    }, {
      "d" : "1756454318380507003",
      "t" : 1756454318380,
      "tn" : 1756454318380507003,
      "q" : "41.042",
      "p" : "14.619",
      "s" : "sell",
      "i" : "EGLD_USD",
      "m" : "4611686018430559908"
    }, {
      "d" : "1756454318370532291",
      "t" : 1756454318370,
      "tn" : 1756454318370532291,
      "q" : "21.724",
      "p" : "14.618",
      "s" : "sell",
      "i" : "EGLD_USD",
      "m" : "4611686018430559907"
    }, {
      "d" : "1756454318364120033",
      "t" : 1756454318364,
      "tn" : 1756454318364120033,
      "q" : "19.321",
      "p" : "14.618",
      "s" : "sell",
      "i" : "EGLD_USD",
      "m" : "4611686018430559906"
    }, {
      "d" : "1756454318359270541",
      "t" : 1756454318359,
      "tn" : 1756454318359270541,
      "q" : "2.741",
      "p" : "14.617",
      "s" : "sell",
      "i" : "EGLD_USD",
      "m" : "4611686018430559905"
    }, {
      "d" : "1756454318357350190",
      "t" : 1756454318357,
      "tn" : 1756454318357350190,
      "q" : "16.580",
      "p" : "14.617",
      "s" : "sell",
      "i" : "EGLD_USD",
      "m" : "4611686018430559904"
    }, {
      "d" : "1756454318356313998",
      "t" : 1756454318356,
      "tn" : 1756454318356313998,
      "q" : "16.580",
      "p" : "14.617",
      "s" : "sell",
      "i" : "EGLD_USD",
      "m" : "4611686018430559903"
    }, {
      "d" : "1756454318354431257",
      "t" : 1756454318354,
      "tn" : 1756454318354431257,
      "q" : "1.380",
      "p" : "14.617",
      "s" : "sell",
      "i" : "EGLD_USD",
      "m" : "4611686018430559902"
    }, {
      "d" : "1756454318354343419",
      "t" : 1756454318354,
      "tn" : 1756454318354343419,
      "q" : "0.167",
      "p" : "14.617",
      "s" : "sell",
      "i" : "EGLD_USD",
      "m" : "4611686018430559901"
    }, {
      "d" : "1756454318353891214",
      "t" : 1756454318353,
      "tn" : 1756454318353891214,
      "q" : "3.600",
      "p" : "14.617",
      "s" : "sell",
      "i" : "EGLD_USD",
      "m" : "4611686018430559900"
    }, {
      "d" : "1756454288829826114",
      "t" : 1756454288829,
      "tn" : 1756454288829826114,
      "q" : "12.883",
      "p" : "14.615",
      "s" : "sell",
      "i" : "EGLD_USD",
      "m" : "4611686018430559899"
    }, {
      "d" : "1756454285921777002",
      "t" : 1756454285921,
      "tn" : 1756454285921777002,
      "q" : "2.758",
      "p" : "14.631",
      "s" : "sell",
      "i" : "EGLD_USD",
      "m" : "4611686018430559898"
    }, {
      "d" : "1756454285920453748",
      "t" : 1756454285920,
      "tn" : 1756454285920453748,
      "q" : "38.250",
      "p" : "14.631",
      "s" : "sell",
      "i" : "EGLD_USD",
      "m" : "4611686018430559897"
    }, {
      "d" : "1756454247705472311",
      "t" : 1756454247705,
      "tn" : 1756454247705472311,
      "q" : "41.017",
      "p" : "14.628",
      "s" : "sell",
      "i" : "EGLD_USD",
      "m" : "4611686018430559896"
    }, {
      "d" : "1756454229570206337",
      "t" : 1756454229570,
      "tn" : 1756454229570206337,
      "q" : "37.502",
      "p" : "14.635",
      "s" : "sell",
      "i" : "EGLD_USD",
      "m" : "4611686018430559895"
    }, {
      "d" : "1756454136533582444",
      "t" : 1756454136533,
      "tn" : 1756454136533582444,
      "q" : "25.483",
      "p" : "14.634",
      "s" : "sell",
      "i" : "EGLD_USD",
      "m" : "4611686018430559894"
    }, {
      "d" : "1756454095814004578",
      "t" : 1756454095814,
      "tn" : 1756454095814004578,
      "q" : "45.841",
      "p" : "14.677",
      "s" : "sell",
      "i" : "EGLD_USD",
      "m" : "4611686018430559893"
    }, {
      "d" : "1756453318727170079",
      "t" : 1756453318727,
      "tn" : 1756453318727170079,
      "q" : "7.761",
      "p" : "14.658",
      "s" : "buy",
      "i" : "EGLD_USD",
      "m" : "4611686018430559892"
    }, {
      "d" : "1756452852519715331",
      "t" : 1756452852519,
      "tn" : 1756452852519715331,
      "q" : "16.661",
      "p" : "14.697",
      "s" : "sell",
      "i" : "EGLD_USD",
      "m" : "4611686018430559891"
    }, {
      "d" : "1756452852518469264",
      "t" : 1756452852518,
      "tn" : 1756452852518469264,
      "q" : "34.225",
      "p" : "14.697",
      "s" : "sell",
      "i" : "EGLD_USD",
      "m" : "4611686018430559890"
    }, {
      "d" : "1756452717799174704",
      "t" : 1756452717799,
      "tn" : 1756452717799174704,
      "q" : "20.115",
      "p" : "14.675",
      "s" : "sell",
      "i" : "EGLD_USD",
      "m" : "4611686018430559889"
    }, {
      "d" : "1756452273323601675",
      "t" : 1756452273323,
      "tn" : 1756452273323601675,
      "q" : "2.829",
      "p" : "14.624",
      "s" : "sell",
      "i" : "EGLD_USD",
      "m" : "4611686018430559888"
    }, {
      "d" : "1756452135551094597",
      "t" : 1756452135551,
      "tn" : 1756452135551094597,
      "q" : "0.545",
      "p" : "14.655",
      "s" : "sell",
      "i" : "EGLD_USD",
      "m" : "4611686018430559887"
    }, {
      "d" : "1756451561075594245",
      "t" : 1756451561075,
      "tn" : 1756451561075594245,
      "q" : "0.542",
      "p" : "14.745",
      "s" : "sell",
      "i" : "EGLD_USD",
      "m" : "4611686018430559886"
    }, {
      "d" : "1756450950274454224",
      "t" : 1756450950274,
      "tn" : 1756450950274454224,
      "q" : "0.330",
      "p" : "14.813",
      "s" : "sell",
      "i" : "EGLD_USD",
      "m" : "4611686018430559885"
    }, {
      "d" : "1756450950274334965",
      "t" : 1756450950274,
      "tn" : 1756450950274334965,
      "q" : "0.210",
      "p" : "14.813",
      "s" : "sell",
      "i" : "EGLD_USD",
      "m" : "4611686018430559884"
    }, {
      "d" : "1756450946899019651",
      "t" : 1756450946899,
      "tn" : 1756450946899019651,
      "q" : "3.013",
      "p" : "14.832",
      "s" : "sell",
      "i" : "EGLD_USD",
      "m" : "4611686018430559883"
    }, {
      "d" : "1756450946894008893",
      "t" : 1756450946894,
      "tn" : 1756450946894008893,
      "q" : "19.680",
      "p" : "14.832",
      "s" : "sell",
      "i" : "EGLD_USD",
      "m" : "4611686018430559882"
    }, {
      "d" : "1756450946889048272",
      "t" : 1756450946889,
      "tn" : 1756450946889048272,
      "q" : "19.680",
      "p" : "14.832",
      "s" : "sell",
      "i" : "EGLD_USD",
      "m" : "4611686018430559881"
    }, {
      "d" : "1756450946884385715",
      "t" : 1756450946884,
      "tn" : 1756450946884385715,
      "q" : "3.447",
      "p" : "14.833",
      "s" : "sell",
      "i" : "EGLD_USD",
      "m" : "4611686018430559880"
    }, {
      "d" : "1756450946884383922",
      "t" : 1756450946884,
      "tn" : 1756450946884383922,
      "q" : "5.339",
      "p" : "14.834",
      "s" : "sell",
      "i" : "EGLD_USD",
      "m" : "4611686018430559879"
    }, {
      "d" : "1756450946884381118",
      "t" : 1756450946884,
      "tn" : 1756450946884381118,
      "q" : "4.535",
      "p" : "14.836",
      "s" : "sell",
      "i" : "EGLD_USD",
      "m" : "4611686018430559878"
    }, {
      "d" : "1756450946884377868",
      "t" : 1756450946884,
      "tn" : 1756450946884377868,
      "q" : "8.405",
      "p" : "14.838",
      "s" : "sell",
      "i" : "EGLD_USD",
      "m" : "4611686018430559877"
    }, {
      "d" : "1756450945957704694",
      "t" : 1756450945957,
      "tn" : 1756450945957704694,
      "q" : "8.609",
      "p" : "14.838",
      "s" : "sell",
      "i" : "EGLD_USD",
      "m" : "4611686018430559876"
    }, {
      "d" : "1756449873592427753",
      "t" : 1756449873592,
      "tn" : 1756449873592427753,
      "q" : "4.506",
      "p" : "14.957",
      "s" : "buy",
      "i" : "EGLD_USD",
      "m" : "4611686018430559875"
    }, {
      "d" : "1756449873592425822",
      "t" : 1756449873592,
      "tn" : 1756449873592425822,
      "q" : "3.419",
      "p" : "14.956",
      "s" : "buy",
      "i" : "EGLD_USD",
      "m" : "4611686018430559874"
    }, {
      "d" : "1756449873592422989",
      "t" : 1756449873592,
      "tn" : 1756449873592422989,
      "q" : "1.329",
      "p" : "14.955",
      "s" : "buy",
      "i" : "EGLD_USD",
      "m" : "4611686018430559873"
    }, {
      "d" : "1756449873591577085",
      "t" : 1756449873591,
      "tn" : 1756449873591577085,
      "q" : "4.119",
      "p" : "14.906",
      "s" : "buy",
      "i" : "EGLD_USD",
      "m" : "4611686018430559872"
    }, {
      "d" : "1756449873588565307",
      "t" : 1756449873588,
      "tn" : 1756449873588565307,
      "q" : "6.038",
      "p" : "14.906",
      "s" : "buy",
      "i" : "EGLD_USD",
      "m" : "4611686018430559871"
    }, {
      "d" : "1756449873578618312",
      "t" : 1756449873578,
      "tn" : 1756449873578618312,
      "q" : "6.038",
      "p" : "14.906",
      "s" : "buy",
      "i" : "EGLD_USD",
      "m" : "4611686018430559870"
    }, {
      "d" : "1756449873571020197",
      "t" : 1756449873571,
      "tn" : 1756449873571020197,
      "q" : "6.010",
      "p" : "14.906",
      "s" : "buy",
      "i" : "EGLD_USD",
      "m" : "4611686018430559869"
    }, {
      "d" : "1756449873568649070",
      "t" : 1756449873568,
      "tn" : 1756449873568649070,
      "q" : "6.038",
      "p" : "14.906",
      "s" : "buy",
      "i" : "EGLD_USD",
      "m" : "4611686018430559868"
    }, {
      "d" : "1756449595781903690",
      "t" : 1756449595781,
      "tn" : 1756449595781903690,
      "q" : "1.336",
      "p" : "14.849",
      "s" : "sell",
      "i" : "EGLD_USD",
      "m" : "4611686018430559867"
    }, {
      "d" : "1756449595780186557",
      "t" : 1756449595780,
      "tn" : 1756449595780186557,
      "q" : "1.336",
      "p" : "14.849",
      "s" : "sell",
      "i" : "EGLD_USD",
      "m" : "4611686018430559866"
    }, {
      "d" : "1756449584059223154",
      "t" : 1756449584059,
      "tn" : 1756449584059223154,
      "q" : "6.019",
      "p" : "14.885",
      "s" : "sell",
      "i" : "EGLD_USD",
      "m" : "4611686018430559865"
    }, {
      "d" : "1756449430333487716",
      "t" : 1756449430333,
      "tn" : 1756449430333487716,
      "q" : "1.940",
      "p" : "14.896",
      "s" : "buy",
      "i" : "EGLD_USD",
      "m" : "4611686018430559864"
    }, {
      "d" : "1756449430271552546",
      "t" : 1756449430271,
      "tn" : 1756449430271552546,
      "q" : "3.360",
      "p" : "14.896",
      "s" : "buy",
      "i" : "EGLD_USD",
      "m" : "4611686018430559863"
    }, {
      "d" : "1756448872221814654",
      "t" : 1756448872221,
      "tn" : 1756448872221814654,
      "q" : "0.106",
      "p" : "14.890",
      "s" : "buy",
      "i" : "EGLD_USD",
      "m" : "4611686018430559862"
    }, {
      "d" : "1756448568767753947",
      "t" : 1756448568767,
      "tn" : 1756448568767753947,
      "q" : "0.083",
      "p" : "14.910",
      "s" : "buy",
      "i" : "EGLD_USD",
      "m" : "4611686018430559861"
    }, {
      "d" : "1756448560747728920",
      "t" : 1756448560747,
      "tn" : 1756448560747728920,
      "q" : "0.147",
      "p" : "14.910",
      "s" : "buy",
      "i" : "EGLD_USD",
      "m" : "4611686018430559860"
    }, {
      "d" : "1756448552732237835",
      "t" : 1756448552732,
      "tn" : 1756448552732237835,
      "q" : "0.263",
      "p" : "14.910",
      "s" : "buy",
      "i" : "EGLD_USD",
      "m" : "4611686018430559859"
    }, {
      "d" : "1756448544686029401",
      "t" : 1756448544686,
      "tn" : 1756448544686029401,
      "q" : "0.470",
      "p" : "14.910",
      "s" : "buy",
      "i" : "EGLD_USD",
      "m" : "4611686018430559858"
    }, {
      "d" : "1756448536684588519",
      "t" : 1756448536684,
      "tn" : 1756448536684588519,
      "q" : "0.841",
      "p" : "14.910",
      "s" : "buy",
      "i" : "EGLD_USD",
      "m" : "4611686018430559857"
    }, {
      "d" : "1756448528627397716",
      "t" : 1756448528627,
      "tn" : 1756448528627397716,
      "q" : "1.508",
      "p" : "14.910",
      "s" : "buy",
      "i" : "EGLD_USD",
      "m" : "4611686018430559856"
    }, {
      "d" : "1756448520568314181",
      "t" : 1756448520568,
      "tn" : 1756448520568314181,
      "q" : "2.720",
      "p" : "14.910",
      "s" : "buy",
      "i" : "EGLD_USD",
      "m" : "4611686018430559855"
    }, {
      "d" : "1756448513158287166",
      "t" : 1756448513158,
      "tn" : 1756448513158287166,
      "q" : "5.056",
      "p" : "14.910",
      "s" : "buy",
      "i" : "EGLD_USD",
      "m" : "4611686018430559854"
    }, {
      "d" : "1756448512541043306",
      "t" : 1756448512541,
      "tn" : 1756448512541043306,
      "q" : "9.221",
      "p" : "14.910",
      "s" : "buy",
      "i" : "EGLD_USD",
      "m" : "4611686018430559853"
    }, {
      "d" : "1756448506525644479",
      "t" : 1756448506525,
      "tn" : 1756448506525644479,
      "q" : "3.341",
      "p" : "14.910",
      "s" : "buy",
      "i" : "EGLD_USD",
      "m" : "4611686018430559852"
    }, {
      "d" : "1756448505538961740",
      "t" : 1756448505538,
      "tn" : 1756448505538961740,
      "q" : "3.340",
      "p" : "14.910",
      "s" : "buy",
      "i" : "EGLD_USD",
      "m" : "4611686018430559851"
    }, {
      "d" : "1756448505538638818",
      "t" : 1756448505538,
      "tn" : 1756448505538638818,
      "q" : "3.341",
      "p" : "14.910",
      "s" : "buy",
      "i" : "EGLD_USD",
      "m" : "4611686018430559850"
    }, {
      "d" : "1756448505367606066",
      "t" : 1756448505367,
      "tn" : 1756448505367606066,
      "q" : "4.595",
      "p" : "14.892",
      "s" : "buy",
      "i" : "EGLD_USD",
      "m" : "4611686018430559849"
    }, {
      "d" : "1756448505366682304",
      "t" : 1756448505366,
      "tn" : 1756448505366682304,
      "q" : "14.284",
      "p" : "14.892",
      "s" : "buy",
      "i" : "EGLD_USD",
      "m" : "4611686018430559848"
    }, {
      "d" : "1756448505012801980",
      "t" : 1756448505012,
      "tn" : 1756448505012801980,
      "q" : "3.341",
      "p" : "14.910",
      "s" : "buy",
      "i" : "EGLD_USD",
      "m" : "4611686018430559847"
    }, {
      "d" : "1756448504561062591",
      "t" : 1756448504561,
      "tn" : 1756448504561062591,
      "q" : "40.587",
      "p" : "14.910",
      "s" : "buy",
      "i" : "EGLD_USD",
      "m" : "4611686018430559846"
    }, {
      "d" : "1756448504498840949",
      "t" : 1756448504498,
      "tn" : 1756448504498840949,
      "q" : "117.480",
      "p" : "14.910",
      "s" : "buy",
      "i" : "EGLD_USD",
      "m" : "4611686018430559845"
    }, {
      "d" : "1756448504492061098",
      "t" : 1756448504492,
      "tn" : 1756448504492061098,
      "q" : "6.680",
      "p" : "14.910",
      "s" : "buy",
      "i" : "EGLD_USD",
      "m" : "4611686018430559844"
    }, {
      "d" : "1756448504491594157",
      "t" : 1756448504491,
      "tn" : 1756448504491594157,
      "q" : "13.382",
      "p" : "14.910",
      "s" : "buy",
      "i" : "EGLD_USD",
      "m" : "4611686018430559843"
    }, {
      "d" : "1756448504491541433",
      "t" : 1756448504491,
      "tn" : 1756448504491541433,
      "q" : "3.341",
      "p" : "14.910",
      "s" : "buy",
      "i" : "EGLD_USD",
      "m" : "4611686018430559842"
    }, {
      "d" : "1756448504462777745",
      "t" : 1756448504462,
      "tn" : 1756448504462777745,
      "q" : "5.998",
      "p" : "14.910",
      "s" : "buy",
      "i" : "EGLD_USD",
      "m" : "4611686018430559841"
    }, {
      "d" : "1756448504452831591",
      "t" : 1756448504452,
      "tn" : 1756448504452831591,
      "q" : "0.677",
      "p" : "14.919",
      "s" : "sell",
      "i" : "EGLD_USD",
      "m" : "4611686018430559840"
    }, {
      "d" : "1756448504452828519",
      "t" : 1756448504452,
      "tn" : 1756448504452828519,
      "q" : "0.535",
      "p" : "14.922",
      "s" : "sell",
      "i" : "EGLD_USD",
      "m" : "4611686018430559839"
    }, {
      "d" : "1756448370887511528",
      "t" : 1756448370887,
      "tn" : 1756448370887511528,
      "q" : "76.000",
      "p" : "14.920",
      "s" : "buy",
      "i" : "EGLD_USD",
      "m" : "4611686018430559838"
    }, {
      "d" : "1756448243287205168",
      "t" : 1756448243287,
      "tn" : 1756448243287205168,
      "q" : "0.535",
      "p" : "14.946",
      "s" : "sell",
      "i" : "EGLD_USD",
      "m" : "4611686018430559837"
    }, {
      "d" : "1756448230031657832",
      "t" : 1756448230031,
      "tn" : 1756448230031657832,
      "q" : "14.600",
      "p" : "14.949",
      "s" : "buy",
      "i" : "EGLD_USD",
      "m" : "4611686018430559836"
    }, {
      "d" : "1756448185217789648",
      "t" : 1756448185217,
      "tn" : 1756448185217789648,
      "q" : "4.602",
      "p" : "14.950",
      "s" : "buy",
      "i" : "EGLD_USD",
      "m" : "4611686018430559835"
    }, {
      "d" : "1756448118225016436",
      "t" : 1756448118225,
      "tn" : 1756448118225016436,
      "q" : "0.385",
      "p" : "14.977",
      "s" : "sell",
      "i" : "EGLD_USD",
      "m" : "4611686018430559834"
    }, {
      "d" : "1756448079340454810",
      "t" : 1756448079340,
      "tn" : 1756448079340454810,
      "q" : "0.534",
      "p" : "14.979",
      "s" : "sell",
      "i" : "EGLD_USD",
      "m" : "4611686018430559833"
    }, {
      "d" : "1756447393069204034",
      "t" : 1756447393069,
      "tn" : 1756447393069204034,
      "q" : "0.221",
      "p" : "15.050",
      "s" : "buy",
      "i" : "EGLD_USD",
      "m" : "4611686018430559832"
    }, {
      "d" : "1756447393056070045",
      "t" : 1756447393056,
      "tn" : 1756447393056070045,
      "q" : "2.625",
      "p" : "15.050",
      "s" : "buy",
      "i" : "EGLD_USD",
      "m" : "4611686018430559831"
    }, {
      "d" : "1756447360818796074",
      "t" : 1756447360818,
      "tn" : 1756447360818796074,
      "q" : "13.232",
      "p" : "15.050",
      "s" : "buy",
      "i" : "EGLD_USD",
      "m" : "4611686018430559830"
    }, {
      "d" : "1756447160812718624",
      "t" : 1756447160812,
      "tn" : 1756447160812718624,
      "q" : "68.555",
      "p" : "15.059",
      "s" : "sell",
      "i" : "EGLD_USD",
      "m" : "4611686018430559829"
    }, {
      "d" : "1756446234915666424",
      "t" : 1756446234915,
      "tn" : 1756446234915666424,
      "q" : "7.342",
      "p" : "15.072",
      "s" : "sell",
      "i" : "EGLD_USD",
      "m" : "4611686018430559828"
    }, {
      "d" : "1756446234898368149",
      "t" : 1756446234898,
      "tn" : 1756446234898368149,
      "q" : "13.071",
      "p" : "15.072",
      "s" : "sell",
      "i" : "EGLD_USD",
      "m" : "4611686018430559827"
    }, {
      "d" : "1756446119516810390",
      "t" : 1756446119516,
      "tn" : 1756446119516810390,
      "q" : "84.917",
      "p" : "15.015",
      "s" : "buy",
      "i" : "EGLD_USD",
      "m" : "4611686018430559826"
    }, {
      "d" : "1756446119514640851",
      "t" : 1756446119514,
      "tn" : 1756446119514640851,
      "q" : "5.994",
      "p" : "15.015",
      "s" : "buy",
      "i" : "EGLD_USD",
      "m" : "4611686018430559825"
    }, {
      "d" : "1756446119508977770",
      "t" : 1756446119508,
      "tn" : 1756446119508977770,
      "q" : "98.086",
      "p" : "15.015",
      "s" : "buy",
      "i" : "EGLD_USD",
      "m" : "4611686018430559824"
    }, {
      "d" : "1756446119508811091",
      "t" : 1756446119508,
      "tn" : 1756446119508811091,
      "q" : "12.729",
      "p" : "15.015",
      "s" : "buy",
      "i" : "EGLD_USD",
      "m" : "4611686018430559823"
    }, {
      "d" : "1756446119504763810",
      "t" : 1756446119504,
      "tn" : 1756446119504763810,
      "q" : "5.994",
      "p" : "15.015",
      "s" : "buy",
      "i" : "EGLD_USD",
      "m" : "4611686018430559822"
    }, {
      "d" : "1756446119504647310",
      "t" : 1756446119504,
      "tn" : 1756446119504647310,
      "q" : "51.569",
      "p" : "15.015",
      "s" : "buy",
      "i" : "EGLD_USD",
      "m" : "4611686018430559821"
    }, {
      "d" : "1756446119504031683",
      "t" : 1756446119504,
      "tn" : 1756446119504031683,
      "q" : "230.711",
      "p" : "15.015",
      "s" : "buy",
      "i" : "EGLD_USD",
      "m" : "4611686018430559820"
    }, {
      "d" : "1756445688644853743",
      "t" : 1756445688644,
      "tn" : 1756445688644853743,
      "q" : "13.139",
      "p" : "15.015",
      "s" : "buy",
      "i" : "EGLD_USD",
      "m" : "4611686018430559819"
    }, {
      "d" : "1756443915279414217",
      "t" : 1756443915279,
      "tn" : 1756443915279414217,
      "q" : "13.573",
      "p" : "15.009",
      "s" : "buy",
      "i" : "EGLD_USD",
      "m" : "4611686018430559818"
    }, {
      "d" : "1756443478653191959",
      "t" : 1756443478653,
      "tn" : 1756443478653191959,
      "q" : "5.392",
      "p" : "15.001",
      "s" : "buy",
      "i" : "EGLD_USD",
      "m" : "4611686018430559817"
    }, {
      "d" : "1756443478646747121",
      "t" : 1756443478646,
      "tn" : 1756443478646747121,
      "q" : "15.563",
      "p" : "15.001",
      "s" : "buy",
      "i" : "EGLD_USD",
      "m" : "4611686018430559816"
    }, {
      "d" : "1756443478606580428",
      "t" : 1756443478606,
      "tn" : 1756443478606580428,
      "q" : "3.320",
      "p" : "15.001",
      "s" : "buy",
      "i" : "EGLD_USD",
      "m" : "4611686018430559815"
    }, {
      "d" : "1756443478581888170",
      "t" : 1756443478581,
      "tn" : 1756443478581888170,
      "q" : "14.934",
      "p" : "15.001",
      "s" : "buy",
      "i" : "EGLD_USD",
      "m" : "4611686018430559814"
    }, {
      "d" : "1756443418434123016",
      "t" : 1756443418434,
      "tn" : 1756443418434123016,
      "q" : "0.532",
      "p" : "15.035",
      "s" : "sell",
      "i" : "EGLD_USD",
      "m" : "4611686018430559813"
    }, {
      "d" : "1756442502789537010",
      "t" : 1756442502789,
      "tn" : 1756442502789537010,
      "q" : "2.031",
      "p" : "15.100",
      "s" : "buy",
      "i" : "EGLD_USD",
      "m" : "4611686018430559812"
    }, {
      "d" : "1756442465461609475",
      "t" : 1756442465461,
      "tn" : 1756442465461609475,
      "q" : "7.902",
      "p" : "15.100",
      "s" : "buy",
      "i" : "EGLD_USD",
      "m" : "4611686018430559811"
    }, {
      "d" : "1756442465453758829",
      "t" : 1756442465453,
      "tn" : 1756442465453758829,
      "q" : "13.202",
      "p" : "15.099",
      "s" : "buy",
      "i" : "EGLD_USD",
      "m" : "4611686018430559810"
    }, {
      "d" : "1756442448546242358",
      "t" : 1756442448546,
      "tn" : 1756442448546242358,
      "q" : "13.202",
      "p" : "15.099",
      "s" : "buy",
      "i" : "EGLD_USD",
      "m" : "4611686018430559809"
    }, {
      "d" : "1756441980036740716",
      "t" : 1756441980036,
      "tn" : 1756441980036740716,
      "q" : "12.536",
      "p" : "15.109",
      "s" : "sell",
      "i" : "EGLD_USD",
      "m" : "4611686018430559808"
    }, {
      "d" : "1756441980035499203",
      "t" : 1756441980035,
      "tn" : 1756441980035499203,
      "q" : "47.464",
      "p" : "15.109",
      "s" : "sell",
      "i" : "EGLD_USD",
      "m" : "4611686018430559807"
    }, {
      "d" : "1756441853374770453",
      "t" : 1756441853374,
      "tn" : 1756441853374770453,
      "q" : "10.878",
      "p" : "15.133",
      "s" : "sell",
      "i" : "EGLD_USD",
      "m" : "4611686018430559806"
    }, {
      "d" : "1756441655975585543",
      "t" : 1756441655975,
      "tn" : 1756441655975585543,
      "q" : "50.000",
      "p" : "15.145",
      "s" : "sell",
      "i" : "EGLD_USD",
      "m" : "4611686018430559805"
    }, {
      "d" : "1756441576637952277",
      "t" : 1756441576637,
      "tn" : 1756441576637952277,
      "q" : "37.714",
      "p" : "15.130",
      "s" : "sell",
      "i" : "EGLD_USD",
      "m" : "4611686018430559804"
    }, {
      "d" : "1756441363138299066",
      "t" : 1756441363138,
      "tn" : 1756441363138299066,
      "q" : "13.202",
      "p" : "15.113",
      "s" : "buy",
      "i" : "EGLD_USD",
      "m" : "4611686018430559803"
    }, {
      "d" : "1756439712851861891",
      "t" : 1756439712851,
      "tn" : 1756439712851861891,
      "q" : "13.121",
      "p" : "15.165",
      "s" : "buy",
      "i" : "EGLD_USD",
      "m" : "4611686018430559802"
    }, {
      "d" : "1756439625224473170",
      "t" : 1756439625224,
      "tn" : 1756439625224473170,
      "q" : "25.000",
      "p" : "15.100",
      "s" : "sell",
      "i" : "EGLD_USD",
      "m" : "4611686018430559801"
    }, {
      "d" : "1756439621917393860",
      "t" : 1756439621917,
      "tn" : 1756439621917393860,
      "q" : "25.000",
      "p" : "15.099",
      "s" : "sell",
      "i" : "EGLD_USD",
      "m" : "4611686018430559800"
    }, {
      "d" : "1756439618409669920",
      "t" : 1756439618409,
      "tn" : 1756439618409669920,
      "q" : "7.309",
      "p" : "15.100",
      "s" : "sell",
      "i" : "EGLD_USD",
      "m" : "4611686018430559799"
    }, {
      "d" : "1756439618409666657",
      "t" : 1756439618409,
      "tn" : 1756439618409666657,
      "q" : "3.290",
      "p" : "15.102",
      "s" : "sell",
      "i" : "EGLD_USD",
      "m" : "4611686018430559798"
    }, {
      "d" : "1756439618409663852",
      "t" : 1756439618409,
      "tn" : 1756439618409663852,
      "q" : "24.103",
      "p" : "15.103",
      "s" : "sell",
      "i" : "EGLD_USD",
      "m" : "4611686018430559797"
    }, {
      "d" : "1756439613630598294",
      "t" : 1756439613630,
      "tn" : 1756439613630598294,
      "q" : "10.128",
      "p" : "15.110",
      "s" : "sell",
      "i" : "EGLD_USD",
      "m" : "4611686018430559796"
    }, {
      "d" : "1756439613630596289",
      "t" : 1756439613630,
      "tn" : 1756439613630596289,
      "q" : "28.912",
      "p" : "15.111",
      "s" : "sell",
      "i" : "EGLD_USD",
      "m" : "4611686018430559795"
    }, {
      "d" : "1756439608821129053",
      "t" : 1756439608821,
      "tn" : 1756439608821129053,
      "q" : "5.741",
      "p" : "15.100",
      "s" : "sell",
      "i" : "EGLD_USD",
      "m" : "4611686018430559794"
    }, {
      "d" : "1756439608821127277",
      "t" : 1756439608821,
      "tn" : 1756439608821127277,
      "q" : "30.904",
      "p" : "15.101",
      "s" : "sell",
      "i" : "EGLD_USD",
      "m" : "4611686018430559793"
    }, {
      "d" : "1756439607450967640",
      "t" : 1756439607450,
      "tn" : 1756439607450967640,
      "q" : "1.214",
      "p" : "15.140",
      "s" : "buy",
      "i" : "EGLD_USD",
      "m" : "4611686018430559792"
    }, {
      "d" : "1756439596864214233",
      "t" : 1756439596864,
      "tn" : 1756439596864214233,
      "q" : "4.787",
      "p" : "15.140",
      "s" : "buy",
      "i" : "EGLD_USD",
      "m" : "4611686018430559791"
    }, {
      "d" : "1756439422709822668",
      "t" : 1756439422709,
      "tn" : 1756439422709822668,
      "q" : "0.529",
      "p" : "15.116",
      "s" : "buy",
      "i" : "EGLD_USD",
      "m" : "4611686018430559790"
    }, {
      "d" : "1756437411695868231",
      "t" : 1756437411695,
      "tn" : 1756437411695868231,
      "q" : "0.531",
      "p" : "15.063",
      "s" : "sell",
      "i" : "EGLD_USD",
      "m" : "4611686018430559789"
    }, {
      "d" : "1756436788369761264",
      "t" : 1756436788369,
      "tn" : 1756436788369761264,
      "q" : "29.862",
      "p" : "15.074",
      "s" : "sell",
      "i" : "EGLD_USD",
      "m" : "4611686018430559788"
    }, {
      "d" : "1756434235386477771",
      "t" : 1756434235386,
      "tn" : 1756434235386477771,
      "q" : "0.528",
      "p" : "15.144",
      "s" : "buy",
      "i" : "EGLD_USD",
      "m" : "4611686018430559787"
    } ]
  }
}