{
  "id" : -1,
  "method" : "public/get-trades",
  "code" : 0,
  "result" : {
    "data" : [ {
      "d" : "1756458191063938478",
      "t" : 1756458191063,
      "tn" : 1756458191063938478,
      "q" : "0.622",
      "p" : "14.336",
      "s" : "buy",
      "i" : "EGLD_USDT",
      "m" : "4611686018430624755"
    }, {
      "d" : "1756458189626148425",
      "t" : 1756458189626,
      "tn" : 1756458189626148425,
      "q" : "21.362",
      "p" : "14.301",
      "s" : "buy",
      "i" : "EGLD_USDT",
      "m" : "4611686018430624754"
    }, {
      "d" : "1756458182012352139",
      "t" : 1756458182012,
      "tn" : 1756458182012352139,
      "q" : "0.815",
      "p" : "14.300",
      "s" : "sell",
      "i" : "EGLD_USDT",
      "m" : "4611686018430624753"
    }, {
      "d" : "1756458181972193381",
      "t" : 1756458181972,
      "tn" : 1756458181972193381,
      "q" : "40.847",
      "p" : "14.300",
      "s" : "sell",
      "i" : "EGLD_USDT",
      "m" : "4611686018430624752"
    }, {
      "d" : "1756458181942094869",
      "t" : 1756458181942,
      "tn" : 1756458181942094869,
      "q" : "42.048",
      "p" : "14.300",
      "s" : "sell",
      "i" : "EGLD_USDT",
      "m" : "4611686018430624751"
    }, {
      "d" : "1756458181922936816",
      "t" : 1756458181922,
      "tn" : 1756458181922936816,
      "q" : "42.045",
      "p" : "14.300",
      "s" : "sell",
      "i" : "EGLD_USDT",
      "m" : "4611686018430624750"
    }, {
      "d" : "1756458178049544692",
      "t" : 1756458178049,
      "tn" : 1756458178049544692,
      "q" : "42.009",
      "p" : "14.300",
      "s" : "sell",
      "i" : "EGLD_USDT",
      "m" : "4611686018430624749"
    }, {
      "d" : "1756458177622887180",
      "t" : 1756458177622,
      "tn" : 1756458177622887180,
      "q" : "42.009",
      "p" : "14.300",
      "s" : "sell",
      "i" : "EGLD_USDT",
      "m" : "4611686018430624748"
    }, {
      "d" : "1756454335916922276",
      "t" : 1756454335916,
      "tn" : 1756454335916922276,
      "q" : "10.157",
      "p" : "14.650",
      "s" : "sell",
      "i" : "EGLD_USDT",
      "m" : "4611686018430624747"
    }, {
      "d" : "1756454335916326060",
      "t" : 1756454335916,
      "tn" : 1756454335916326060,
      "q" : "42.387",
      "p" : "14.650",
      "s" : "sell",
      "i" : "EGLD_USDT",
      "m" : "4611686018430624746"
    }, {
      "d" : "1756454321819996570",
      "t" : 1756454321819,
      "tn" : 1756454321819996570,
      "q" : "1.355",
      "p" : "14.650",
      "s" : "sell",
      "i" : "EGLD_USDT",
      "m" : "4611686018430624745"
    }, {
      "d" : "1756454321811688018",
      "t" : 1756454321811,
      "tn" : 1756454321811688018,
      "q" : "20.333",
      "p" : "14.650",
      "s" : "sell",
      "i" : "EGLD_USDT",
      "m" : "4611686018430624744"
    }, {
      "d" : "1756454321805075468",
      "t" : 1756454321805,
      "tn" : 1756454321805075468,
      "q" : "1.355",
      "p" : "14.650",
      "s" : "sell",
      "i" : "EGLD_USDT",
      "m" : "4611686018430624743"
    }, {
      "d" : "1756454321792533015",
      "t" : 1756454321792,
      "tn" : 1756454321792533015,
      "q" : "44.642",
      "p" : "14.650",
      "s" : "sell",
      "i" : "EGLD_USDT",
      "m" : "4611686018430624742"
    }, {
      "d" : "1756454318495479865",
      "t" : 1756454318495,
      "tn" : 1756454318495479865,
      "q" : "223.464",
      "p" : "14.650",
      "s" : "sell",
      "i" : "EGLD_USDT",
      "m" : "4611686018430624741"
    }, {
      "d" : "1756454318381255973",
      "t" : 1756454318381,
      "tn" : 1756454318381255973,
      "q" : "41.044",
      "p" : "14.650",
      "s" : "sell",
      "i" : "EGLD_USDT",
      "m" : "4611686018430624740"
    }, {
      "d" : "1756454318371261085",
      "t" : 1756454318371,
      "tn" : 1756454318371261085,
      "q" : "21.725",
      "p" : "14.650",
      "s" : "sell",
      "i" : "EGLD_USDT",
      "m" : "4611686018430624739"
    }, {
      "d" : "1756454318364849300",
      "t" : 1756454318364,
      "tn" : 1756454318364849300,
      "q" : "19.322",
      "p" : "14.650",
      "s" : "sell",
      "i" : "EGLD_USDT",
      "m" : "4611686018430624738"
    }, {
      "d" : "1756454318360017556",
      "t" : 1756454318360,
      "tn" : 1756454318360017556,
      "q" : "2.741",
      "p" : "14.650",
      "s" : "sell",
      "i" : "EGLD_USDT",
      "m" : "4611686018430624737"
    }, {
      "d" : "1756454318358101041",
      "t" : 1756454318358,
      "tn" : 1756454318358101041,
      "q" : "16.581",
      "p" : "14.650",
      "s" : "sell",
      "i" : "EGLD_USDT",
      "m" : "4611686018430624736"
    }, {
      "d" : "1756454318356999473",
      "t" : 1756454318356,
      "tn" : 1756454318356999473,
      "q" : "16.581",
      "p" : "14.650",
      "s" : "sell",
      "i" : "EGLD_USDT",
      "m" : "4611686018430624735"
    }, {
      "d" : "1756454318355717541",
      "t" : 1756454318355,
      "tn" : 1756454318355717541,
      "q" : "1.380",
      "p" : "14.650",
      "s" : "sell",
      "i" : "EGLD_USDT",
      "m" : "4611686018430624734"
    }, {
      "d" : "1756454318355132804",
      "t" : 1756454318355,
      "tn" : 1756454318355132804,
      "q" : "0.167",
      "p" : "14.650",
      "s" : "sell",
      "i" : "EGLD_USDT",
      "m" : "4611686018430624733"
    }, {
      "d" : "1756454318354790166",
      "t" : 1756454318354,
      "tn" : 1756454318354790166,
      "q" : "3.600",
      "p" : "14.650",
      "s" : "sell",
      "i" : "EGLD_USDT",
      "m" : "4611686018430624732"
    }, {
      "d" : "1756454318354295087",
      "t" : 1756454318354,
      "tn" : 1756454318354295087,
      "q" : "21.509",
      "p" : "14.650",
      "s" : "sell",
      "i" : "EGLD_USDT",
      "m" : "4611686018430624731"
    }, {
      "d" : "1756454312990935397",
      "t" : 1756454312990,
      "tn" : 1756454312990935397,
      "q" : "147.781",
      "p" : "14.650",
      "s" : "sell",
      "i" : "EGLD_USDT",
      "m" : "4611686018430624730"
    }, {
      "d" : "1756454304982642203",
      "t" : 1756454304982,
      "tn" : 1756454304982642203,
      "q" : "147.781",
      "p" : "14.650",
      "s" : "sell",
      "i" : "EGLD_USDT",
      "m" : "4611686018430624729"
    }, {
      "d" : "1756454302788576912",
      "t" : 1756454302788,
      "tn" : 1756454302788576912,
      "q" : "59.722",
      "p" : "14.650",
      "s" : "sell",
      "i" : "EGLD_USDT",
      "m" : "4611686018430624728"
    }, {
      "d" : "1756454302055676201",
      "t" : 1756454302055,
      "tn" : 1756454302055676201,
      "q" : "59.722",
      "p" : "14.650",
      "s" : "sell",
      "i" : "EGLD_USDT",
      "m" : "4611686018430624727"
    }, {
      "d" : "1756454301513921194",
      "t" : 1756454301513,
      "tn" : 1756454301513921194,
      "q" : "59.722",
      "p" : "14.650",
      "s" : "sell",
      "i" : "EGLD_USDT",
      "m" : "4611686018430624726"
    }, {
      "d" : "1756454296970582194",
      "t" : 1756454296970,
      "tn" : 1756454296970582194,
      "q" : "147.778",
      "p" : "14.650",
      "s" : "sell",
      "i" : "EGLD_USDT",
      "m" : "4611686018430624725"
    }, {
      "d" : "1756454289448095121",
      "t" : 1756454289448,
      "tn" : 1756454289448095121,
      "q" : "97.619",
      "p" : "14.650",
      "s" : "sell",
      "i" : "EGLD_USDT",
      "m" : "4611686018430624724"
    }, {
      "d" : "1756454289007122033",
      "t" : 1756454289007,
      "tn" : 1756454289007122033,
      "q" : "328.397",
      "p" : "14.650",
      "s" : "sell",
      "i" : "EGLD_USDT",
      "m" : "4611686018430624723"
    }, {
      "d" : "1756454288995290442",
      "t" : 1756454288995,
      "tn" : 1756454288995290442,
      "q" : "180.310",
      "p" : "14.650",
      "s" : "sell",
      "i" : "EGLD_USDT",
      "m" : "4611686018430624722"
    }, {
      "d" : "1756454288994788391",
      "t" : 1756454288994,
      "tn" : 1756454288994788391,
      "q" : "328.397",
      "p" : "14.650",
      "s" : "sell",
      "i" : "EGLD_USDT",
      "m" : "4611686018430624721"
    }, {
      "d" : "1756454288953626952",
      "t" : 1756454288953,
      "tn" : 1756454288953626952,
      "q" : "147.682",
      "p" : "14.650",
      "s" : "sell",
      "i" : "EGLD_USDT",
      "m" : "4611686018430624720"
    }, {
      "d" : "1756454288831156452",
      "t" : 1756454288831,
      "tn" : 1756454288831156452,
      "q" : "12.883",
      "p" : "14.650",
      "s" : "sell",
      "i" : "EGLD_USDT",
      "m" : "4611686018430624719"
    }, {
      "d" : "1756454287887834133",
      "t" : 1756454287887,
      "tn" : 1756454287887834133,
      "q" : "3.400",
      "p" : "14.650",
      "s" : "sell",
      "i" : "EGLD_USDT",
      "m" : "4611686018430624718"
    }, {
      "d" : "1756454287018512043",
      "t" : 1756454287018,
      "tn" : 1756454287018512043,
      "q" : "110.758",
      "p" : "14.650",
      "s" : "sell",
      "i" : "EGLD_USDT",
      "m" : "4611686018430624717"
    }, {
      "d" : "1756454286452095801",
      "t" : 1756454286452,
      "tn" : 1756454286452095801,
      "q" : "3.400",
      "p" : "14.650",
      "s" : "sell",
      "i" : "EGLD_USDT",
      "m" : "4611686018430624716"
    }, {
      "d" : "1756454285922537748",
      "t" : 1756454285922,
      "tn" : 1756454285922537748,
      "q" : "2.758",
      "p" : "14.650",
      "s" : "sell",
      "i" : "EGLD_USDT",
      "m" : "4611686018430624715"
    }, {
      "d" : "1756454285921256065",
      "t" : 1756454285921,
      "tn" : 1756454285921256065,
      "q" : "38.252",
      "p" : "14.650",
      "s" : "sell",
      "i" : "EGLD_USDT",
      "m" : "4611686018430624714"
    }, {
      "d" : "1756454278570880179",
      "t" : 1756454278570,
      "tn" : 1756454278570880179,
      "q" : "3.399",
      "p" : "14.650",
      "s" : "sell",
      "i" : "EGLD_USDT",
      "m" : "4611686018430624713"
    }, {
      "d" : "1756454277001662371",
      "t" : 1756454277001,
      "tn" : 1756454277001662371,
      "q" : "110.760",
      "p" : "14.650",
      "s" : "sell",
      "i" : "EGLD_USDT",
      "m" : "4611686018430624712"
    }, {
      "d" : "1756454269334670056",
      "t" : 1756454269334,
      "tn" : 1756454269334670056,
      "q" : "3.500",
      "p" : "14.650",
      "s" : "sell",
      "i" : "EGLD_USDT",
      "m" : "4611686018430624711"
    }, {
      "d" : "1756454269334244117",
      "t" : 1756454269334,
      "tn" : 1756454269334244117,
      "q" : "10.100",
      "p" : "14.650",
      "s" : "sell",
      "i" : "EGLD_USDT",
      "m" : "4611686018430624710"
    }, {
      "d" : "1756454269332634583",
      "t" : 1756454269332,
      "tn" : 1756454269332634583,
      "q" : "341.500",
      "p" : "14.650",
      "s" : "sell",
      "i" : "EGLD_USDT",
      "m" : "4611686018430624709"
    }, {
      "d" : "1756454266978692213",
      "t" : 1756454266978,
      "tn" : 1756454266978692213,
      "q" : "110.762",
      "p" : "14.650",
      "s" : "sell",
      "i" : "EGLD_USDT",
      "m" : "4611686018430624708"
    }, {
      "d" : "1756454266493809183",
      "t" : 1756454266493,
      "tn" : 1756454266493809183,
      "q" : "328.189",
      "p" : "14.650",
      "s" : "sell",
      "i" : "EGLD_USDT",
      "m" : "4611686018430624707"
    }, {
      "d" : "1756454265340932892",
      "t" : 1756454265340,
      "tn" : 1756454265340932892,
      "q" : "147.680",
      "p" : "14.650",
      "s" : "sell",
      "i" : "EGLD_USDT",
      "m" : "4611686018430624706"
    }, {
      "d" : "1756454264748095115",
      "t" : 1756454264748,
      "tn" : 1756454264748095115,
      "q" : "341.500",
      "p" : "14.650",
      "s" : "sell",
      "i" : "EGLD_USDT",
      "m" : "4611686018430624705"
    }, {
      "d" : "1756454256989685757",
      "t" : 1756454256989,
      "tn" : 1756454256989685757,
      "q" : "147.680",
      "p" : "14.650",
      "s" : "sell",
      "i" : "EGLD_USDT",
      "m" : "4611686018430624704"
    }, {
      "d" : "1756454256948072353",
      "t" : 1756454256948,
      "tn" : 1756454256948072353,
      "q" : "110.760",
      "p" : "14.650",
      "s" : "sell",
      "i" : "EGLD_USDT",
      "m" : "4611686018430624703"
    }, {
      "d" : "1756454251973954155",
      "t" : 1756454251973,
      "tn" : 1756454251973954155,
      "q" : "245.379",
      "p" : "14.650",
      "s" : "sell",
      "i" : "EGLD_USDT",
      "m" : "4611686018430624702"
    }, {
      "d" : "1756454247706202882",
      "t" : 1756454247706,
      "tn" : 1756454247706202882,
      "q" : "41.019",
      "p" : "14.650",
      "s" : "sell",
      "i" : "EGLD_USDT",
      "m" : "4611686018430624701"
    }, {
      "d" : "1756454247053510132",
      "t" : 1756454247053,
      "tn" : 1756454247053510132,
      "q" : "328.178",
      "p" : "14.650",
      "s" : "sell",
      "i" : "EGLD_USDT",
      "m" : "4611686018430624700"
    }, {
      "d" : "1756454247036413953",
      "t" : 1756454247036,
      "tn" : 1756454247036413953,
      "q" : "328.178",
      "p" : "14.650",
      "s" : "sell",
      "i" : "EGLD_USDT",
      "m" : "4611686018430624699"
    }, {
      "d" : "1756454246991938582",
      "t" : 1756454246991,
      "tn" : 1756454246991938582,
      "q" : "164.089",
      "p" : "14.650",
      "s" : "sell",
      "i" : "EGLD_USDT",
      "m" : "4611686018430624698"
    }, {
      "d" : "1756454246975155612",
      "t" : 1756454246975,
      "tn" : 1756454246975155612,
      "q" : "164.089",
      "p" : "14.650",
      "s" : "sell",
      "i" : "EGLD_USDT",
      "m" : "4611686018430624697"
    }, {
      "d" : "1756454246939225521",
      "t" : 1756454246939,
      "tn" : 1756454246939225521,
      "q" : "110.688",
      "p" : "14.650",
      "s" : "sell",
      "i" : "EGLD_USDT",
      "m" : "4611686018430624696"
    }, {
      "d" : "1756454179521071979",
      "t" : 1756454179521,
      "tn" : 1756454179521071979,
      "q" : "163.977",
      "p" : "14.650",
      "s" : "sell",
      "i" : "EGLD_USDT",
      "m" : "4611686018430624695"
    }, {
      "d" : "1756454134954276818",
      "t" : 1756454134954,
      "tn" : 1756454134954276818,
      "q" : "13.620",
      "p" : "14.650",
      "s" : "sell",
      "i" : "EGLD_USDT",
      "m" : "4611686018430624694"
    }, {
      "d" : "1756454073152631211",
      "t" : 1756454073152,
      "tn" : 1756454073152631211,
      "q" : "13.618",
      "p" : "14.650",
      "s" : "sell",
      "i" : "EGLD_USDT",
      "m" : "4611686018430624693"
    }, {
      "d" : "1756446530490431588",
      "t" : 1756446530490,
      "tn" : 1756446530490431588,
      "q" : "2.000",
      "p" : "15.066",
      "s" : "sell",
      "i" : "EGLD_USDT",
      "m" : "4611686018430624692"
    }, {
      "d" : "1756445978360724308",
      "t" : 1756445978360,
      "tn" : 1756445978360724308,
      "q" : "9.336",
      "p" : "15.050",
      "s" : "buy",
      "i" : "EGLD_USDT",
      "m" : "4611686018430624691"
    }, {
      "d" : "1756445977529994362",
      "t" : 1756445977529,
      "tn" : 1756445977529994362,
      "q" : "3.300",
      "p" : "15.049",
      "s" : "buy",
      "i" : "EGLD_USDT",
      "m" : "4611686018430624690"
    }, {
      "d" : "1756445977529646200",
      "t" : 1756445977529,
      "tn" : 1756445977529646200,
      "q" : "3.311",
      "p" : "15.049",
      "s" : "buy",
      "i" : "EGLD_USDT",
      "m" : "4611686018430624689"
    }, {
      "d" : "1756445977463557827",
      "t" : 1756445977463,
      "tn" : 1756445977463557827,
      "q" : "17.542",
      "p" : "15.049",
      "s" : "buy",
      "i" : "EGLD_USDT",
      "m" : "4611686018430624688"
    }, {
      "d" : "1756445969461337834",
      "t" : 1756445969461,
      "tn" : 1756445969461337834,
      "q" : "17.544",
      "p" : "15.049",
      "s" : "buy",
      "i" : "EGLD_USDT",
      "m" : "4611686018430624687"
    }, {
      "d" : "1756445875109645469",
      "t" : 1756445875109,
      "tn" : 1756445875109645469,
      "q" : "17.541",
      "p" : "15.049",
      "s" : "buy",
      "i" : "EGLD_USDT",
      "m" : "4611686018430624686"
    }, {
      "d" : "1756444453482260484",
      "t" : 1756444453482,
      "tn" : 1756444453482260484,
      "q" : "7.702",
      "p" : "15.050",
      "s" : "buy",
      "i" : "EGLD_USDT",
      "m" : "4611686018430624685"
    }, {
      "d" : "1756444447754728429",
      "t" : 1756444447754,
      "tn" : 1756444447754728429,
      "q" : "13.201",
      "p" : "15.050",
      "s" : "buy",
      "i" : "EGLD_USDT",
      "m" : "4611686018430624684"
    }, {
      "d" : "1756444366684560561",
      "t" : 1756444366684,
      "tn" : 1756444366684560561,
      "q" : "6.519",
      "p" : "15.050",
      "s" : "buy",
      "i" : "EGLD_USDT",
      "m" : "4611686018430624683"
    }, {
      "d" : "1756441876259483585",
      "t" : 1756441876259,
      "tn" : 1756441876259483585,
      "q" : "158.667",
      "p" : "15.120",
      "s" : "buy",
      "i" : "EGLD_USDT",
      "m" : "4611686018430624682"
    }, {
      "d" : "1756441876206948251",
      "t" : 1756441876206,
      "tn" : 1756441876206948251,
      "q" : "90.490",
      "p" : "15.120",
      "s" : "buy",
      "i" : "EGLD_USDT",
      "m" : "4611686018430624681"
    }, {
      "d" : "1756432394032063669",
      "t" : 1756432394032,
      "tn" : 1756432394032063669,
      "q" : "75.980",
      "p" : "15.000",
      "s" : "sell",
      "i" : "EGLD_USDT",
      "m" : "4611686018430624680"
    }, {
      "d" : "1756432387975639499",
      "t" : 1756432387975,
      "tn" : 1756432387975639499,
      "q" : "75.981",
      "p" : "15.000",
      "s" : "sell",
      "i" : "EGLD_USDT",
      "m" : "4611686018430624679"
    }, {
      "d" : "1756432381792583762",
      "t" : 1756432381792,
      "tn" : 1756432381792583762,
      "q" : "75.981",
      "p" : "15.000",
      "s" : "sell",
      "i" : "EGLD_USDT",
      "m" : "4611686018430624678"
    }, {
      "d" : "1756432375877311146",
      "t" : 1756432375877,
      "tn" : 1756432375877311146,
      "q" : "33.333",
      "p" : "15.000",
      "s" : "sell",
      "i" : "EGLD_USDT",
      "m" : "4611686018430624677"
    }, {
      "d" : "1756432375873878059",
      "t" : 1756432375873,
      "tn" : 1756432375873878059,
      "q" : "24.640",
      "p" : "15.000",
      "s" : "sell",
      "i" : "EGLD_USDT",
      "m" : "4611686018430624676"
    }, {
      "d" : "1756432375873876200",
      "t" : 1756432375873,
      "tn" : 1756432375873876200,
      "q" : "9.051",
      "p" : "15.001",
      "s" : "sell",
      "i" : "EGLD_USDT",
      "m" : "4611686018430624675"
    }, {
      "d" : "1756432351654516396",
      "t" : 1756432351654,
      "tn" : 1756432351654516396,
      "q" : "25.094",
      "p" : "15.007",
      "s" : "sell",
      "i" : "EGLD_USDT",
      "m" : "4611686018430624674"
    }, {
      "d" : "1756432351654514850",
      "t" : 1756432351654,
      "tn" : 1756432351654514850,
      "q" : "10.499",
      "p" : "15.008",
      "s" : "sell",
      "i" : "EGLD_USDT",
      "m" : "4611686018430624673"
    }, {
      "d" : "1756431411945188819",
      "t" : 1756431411945,
      "tn" : 1756431411945188818,
      "q" : "5.380",
      "p" : "15.050",
      "s" : "sell",
      "i" : "EGLD_USDT",
      "m" : "4611686018430624672"
    }, {
      "d" : "1756431411945188818",
      "t" : 1756431411945,
      "tn" : 1756431411945188818,
      "q" : "14.620",
      "p" : "15.050",
      "s" : "sell",
      "i" : "EGLD_USDT",
      "m" : "4611686018430624672"
    }, {
      "d" : "1756431411940914832",
      "t" : 1756431411940,
      "tn" : 1756431411940914832,
      "q" : "5.380",
      "p" : "15.051",
      "s" : "buy",
      "i" : "EGLD_USDT",
      "m" : "4611686018430624671"
    }, {
      "d" : "1756431411940692501",
      "t" : 1756431411940,
      "tn" : 1756431411940692501,
      "q" : "41.490",
      "p" : "15.051",
      "s" : "buy",
      "i" : "EGLD_USDT",
      "m" : "4611686018430624670"
    }, {
      "d" : "1756431411940188240",
      "t" : 1756431411940,
      "tn" : 1756431411940188240,
      "q" : "20.000",
      "p" : "15.050",
      "s" : "buy",
      "i" : "EGLD_USDT",
      "m" : "4611686018430624669"
    }, {
      "d" : "1756431411938122217",
      "t" : 1756431411938,
      "tn" : 1756431411938122217,
      "q" : "26.170",
      "p" : "15.050",
      "s" : "buy",
      "i" : "EGLD_USDT",
      "m" : "4611686018430624668"
    }, {
      "d" : "1756431411937701931",
      "t" : 1756431411937,
      "tn" : 1756431411937701931,
      "q" : "20.000",
      "p" : "15.050",
      "s" : "buy",
      "i" : "EGLD_USDT",
      "m" : "4611686018430624667"
    }, {
      "d" : "1756431204456842714",
      "t" : 1756431204456,
      "tn" : 1756431204456842714,
      "q" : "0.008",
      "p" : "15.150",
      "s" : "sell",
      "i" : "EGLD_USDT",
      "m" : "4611686018430624666"
    }, {
      "d" : "1756429562651368933",
      "t" : 1756429562651,
      "tn" : 1756429562651368933,
      "q" : "0.326",
      "p" : "15.150",
      "s" : "sell",
      "i" : "EGLD_USDT",
      "m" : "4611686018430624665"
    }, {
      "d" : "1756429552609167942",
      "t" : 1756429552609,
      "tn" : 1756429552609167942,
      "q" : "1.650",
      "p" : "15.150",
      "s" : "sell",
      "i" : "EGLD_USDT",
      "m" : "4611686018430624664"
    }, {
      "d" : "1756429552522332173",
      "t" : 1756429552522,
      "tn" : 1756429552522332173,
      "q" : "5.281",
      "p" : "15.150",
      "s" : "sell",
      "i" : "EGLD_USDT",
      "m" : "4611686018430624663"
    }, {
      "d" : "1756429552484336866",
      "t" : 1756429552484,
      "tn" : 1756429552484336866,
      "q" : "33.003",
      "p" : "15.150",
      "s" : "sell",
      "i" : "EGLD_USDT",
      "m" : "4611686018430624662"
    }, {
      "d" : "1756429552468176614",
      "t" : 1756429552468,
      "tn" : 1756429552468176614,
      "q" : "33.003",
      "p" : "15.150",
      "s" : "sell",
      "i" : "EGLD_USDT",
      "m" : "4611686018430624661"
    }, {
      "d" : "1756429552452134489",
      "t" : 1756429552452,
      "tn" : 1756429552452134489,
      "q" : "33.003",
      "p" : "15.150",
      "s" : "sell",
      "i" : "EGLD_USDT",
      "m" : "4611686018430624660"
    }, {
      "d" : "1756429552438139790",
      "t" : 1756429552438,
      "tn" : 1756429552438139790,
      "q" : "33.003",
      "p" : "15.150",
      "s" : "sell",
      "i" : "EGLD_USDT",
      "m" : "4611686018430624659"
    }, {
      "d" : "1756429552422063987",
      "t" : 1756429552422,
      "tn" : 1756429552422063987,
      "q" : "33.003",
      "p" : "15.150",
      "s" : "sell",
      "i" : "EGLD_USDT",
      "m" : "4611686018430624658"
    }, {
      "d" : "1756429552354212427",
      "t" : 1756429552354,
      "tn" : 1756429552354212427,
      "q" : "6.741",
      "p" : "15.150",
      "s" : "sell",
      "i" : "EGLD_USDT",
      "m" : "4611686018430624657"
    }, {
      "d" : "1756429552340074320",
      "t" : 1756429552340,
      "tn" : 1756429552340074320,
      "q" : "33.003",
      "p" : "15.150",
      "s" : "sell",
      "i" : "EGLD_USDT",
      "m" : "4611686018430624656"
    }, {
      "d" : "1756429552322295581",
      "t" : 1756429552322,
      "tn" : 1756429552322295581,
      "q" : "33.003",
      "p" : "15.150",
      "s" : "sell",
      "i" : "EGLD_USDT",
      "m" : "4611686018430624655"
    }, {
      "d" : "1756429552222297114",
      "t" : 1756429552222,
      "tn" : 1756429552222297114,
      "q" : "33.003",
      "p" : "15.150",
      "s" : "sell",
      "i" : "EGLD_USDT",
      "m" : "4611686018430624654"
    }, {
      "d" : "1756429552137201596",
      "t" : 1756429552137,
      "tn" : 1756429552137201596,
      "q" : "2.407",
      "p" : "15.150",
      "s" : "sell",
      "i" : "EGLD_USDT",
      "m" : "4611686018430624653"
    }, {
      "d" : "1756429552122051438",
      "t" : 1756429552122,
      "tn" : 1756429552122051438,
      "q" : "19.802",
      "p" : "15.150",
      "s" : "sell",
      "i" : "EGLD_USDT",
      "m" : "4611686018430624652"
    }, {
      "d" : "1756429552040236630",
      "t" : 1756429552040,
      "tn" : 1756429552040236630,
      "q" : "33.003",
      "p" : "15.150",
      "s" : "sell",
      "i" : "EGLD_USDT",
      "m" : "4611686018430624651"
    }, {
      "d" : "1756429552023562083",
      "t" : 1756429552023,
      "tn" : 1756429552023562083,
      "q" : "33.003",
      "p" : "15.150",
      "s" : "sell",
      "i" : "EGLD_USDT",
      "m" : "4611686018430624650"
    }, {
      "d" : "1756429549491988272",
      "t" : 1756429549491,
      "tn" : 1756429549491988272,
      "q" : "2.607",
      "p" : "15.150",
      "s" : "sell",
      "i" : "EGLD_USDT",
      "m" : "4611686018430624649"
    }, {
      "d" : "1756429549422177773",
      "t" : 1756429549422,
      "tn" : 1756429549422177773,
      "q" : "2.640",
      "p" : "15.150",
      "s" : "sell",
      "i" : "EGLD_USDT",
      "m" : "4611686018430624648"
    }, {
      "d" : "1756429549338347104",
      "t" : 1756429549338,
      "tn" : 1756429549338347104,
      "q" : "33.003",
      "p" : "15.150",
      "s" : "sell",
      "i" : "EGLD_USDT",
      "m" : "4611686018430624647"
    }, {
      "d" : "1756429549322368159",
      "t" : 1756429549322,
      "tn" : 1756429549322368159,
      "q" : "13.201",
      "p" : "15.150",
      "s" : "sell",
      "i" : "EGLD_USDT",
      "m" : "4611686018430624646"
    }, {
      "d" : "1756429549286027641",
      "t" : 1756429549286,
      "tn" : 1756429549286027641,
      "q" : "13.200",
      "p" : "15.150",
      "s" : "sell",
      "i" : "EGLD_USDT",
      "m" : "4611686018430624645"
    }, {
      "d" : "1756429549282234012",
      "t" : 1756429549282,
      "tn" : 1756429549282234012,
      "q" : "6.132",
      "p" : "15.150",
      "s" : "sell",
      "i" : "EGLD_USDT",
      "m" : "4611686018430624644"
    }, {
      "d" : "1756429549256588156",
      "t" : 1756429549256,
      "tn" : 1756429549256588156,
      "q" : "33.003",
      "p" : "15.150",
      "s" : "sell",
      "i" : "EGLD_USDT",
      "m" : "4611686018430624643"
    }, {
      "d" : "1756429549179297537",
      "t" : 1756429549179,
      "tn" : 1756429549179297537,
      "q" : "33.003",
      "p" : "15.150",
      "s" : "sell",
      "i" : "EGLD_USDT",
      "m" : "4611686018430624642"
    }, {
      "d" : "1756429549155362394",
      "t" : 1756429549155,
      "tn" : 1756429549155362394,
      "q" : "33.003",
      "p" : "15.150",
      "s" : "sell",
      "i" : "EGLD_USDT",
      "m" : "4611686018430624641"
    }, {
      "d" : "1756429549106700610",
      "t" : 1756429549106,
      "tn" : 1756429549106700610,
      "q" : "7.001",
      "p" : "15.150",
      "s" : "sell",
      "i" : "EGLD_USDT",
      "m" : "4611686018430624640"
    }, {
      "d" : "1756429549043377851",
      "t" : 1756429549043,
      "tn" : 1756429549043377851,
      "q" : "13.180",
      "p" : "15.150",
      "s" : "sell",
      "i" : "EGLD_USDT",
      "m" : "4611686018430624639"
    }, {
      "d" : "1756429548937198998",
      "t" : 1756429548937,
      "tn" : 1756429548937198998,
      "q" : "5.992",
      "p" : "15.150",
      "s" : "sell",
      "i" : "EGLD_USDT",
      "m" : "4611686018430624638"
    }, {
      "d" : "1756429548922441744",
      "t" : 1756429548922,
      "tn" : 1756429548922441744,
      "q" : "19.802",
      "p" : "15.150",
      "s" : "sell",
      "i" : "EGLD_USDT",
      "m" : "4611686018430624637"
    }, {
      "d" : "1756429548847240733",
      "t" : 1756429548847,
      "tn" : 1756429548847240733,
      "q" : "33.003",
      "p" : "15.150",
      "s" : "sell",
      "i" : "EGLD_USDT",
      "m" : "4611686018430624636"
    }, {
      "d" : "1756429548831178069",
      "t" : 1756429548831,
      "tn" : 1756429548831178069,
      "q" : "33.003",
      "p" : "15.150",
      "s" : "sell",
      "i" : "EGLD_USDT",
      "m" : "4611686018430624635"
    }, {
      "d" : "1756429548817166293",
      "t" : 1756429548817,
      "tn" : 1756429548817166293,
      "q" : "33.003",
      "p" : "15.150",
      "s" : "sell",
      "i" : "EGLD_USDT",
      "m" : "4611686018430624634"
    }, {
      "d" : "1756429548803207106",
      "t" : 1756429548803,
      "tn" : 1756429548803207106,
      "q" : "18.356",
      "p" : "15.150",
      "s" : "sell",
      "i" : "EGLD_USDT",
      "m" : "4611686018430624633"
    }, {
      "d" : "1756429548689188864",
      "t" : 1756429548689,
      "tn" : 1756429548689188864,
      "q" : "5.283",
      "p" : "15.150",
      "s" : "sell",
      "i" : "EGLD_USDT",
      "m" : "4611686018430624632"
    }, {
      "d" : "1756429548663278473",
      "t" : 1756429548663,
      "tn" : 1756429548663278473,
      "q" : "33.003",
      "p" : "15.150",
      "s" : "sell",
      "i" : "EGLD_USDT",
      "m" : "4611686018430624631"
    }, {
      "d" : "1756429548645545914",
      "t" : 1756429548645,
      "tn" : 1756429548645545914,
      "q" : "26.585",
      "p" : "15.150",
      "s" : "sell",
      "i" : "EGLD_USDT",
      "m" : "4611686018430624630"
    }, {
      "d" : "1756429548625511515",
      "t" : 1756429548625,
      "tn" : 1756429548625511515,
      "q" : "33.003",
      "p" : "15.150",
      "s" : "sell",
      "i" : "EGLD_USDT",
      "m" : "4611686018430624629"
    }, {
      "d" : "1756429548617913126",
      "t" : 1756429548617,
      "tn" : 1756429548617913126,
      "q" : "13.200",
      "p" : "15.150",
      "s" : "sell",
      "i" : "EGLD_USDT",
      "m" : "4611686018430624628"
    }, {
      "d" : "1756429545540120662",
      "t" : 1756429545540,
      "tn" : 1756429545540120662,
      "q" : "22.960",
      "p" : "15.150",
      "s" : "sell",
      "i" : "EGLD_USDT",
      "m" : "4611686018430624627"
    }, {
      "d" : "1756429545522192908",
      "t" : 1756429545522,
      "tn" : 1756429545522192908,
      "q" : "33.003",
      "p" : "15.150",
      "s" : "sell",
      "i" : "EGLD_USDT",
      "m" : "4611686018430624626"
    }, {
      "d" : "1756429545486343246",
      "t" : 1756429545486,
      "tn" : 1756429545486343246,
      "q" : "29.621",
      "p" : "15.150",
      "s" : "sell",
      "i" : "EGLD_USDT",
      "m" : "4611686018430624625"
    }, {
      "d" : "1756429545293450463",
      "t" : 1756429545293,
      "tn" : 1756429545293450463,
      "q" : "12.074",
      "p" : "15.150",
      "s" : "sell",
      "i" : "EGLD_USDT",
      "m" : "4611686018430624624"
    }, {
      "d" : "1756429545277413300",
      "t" : 1756429545277,
      "tn" : 1756429545277413300,
      "q" : "33.003",
      "p" : "15.150",
      "s" : "sell",
      "i" : "EGLD_USDT",
      "m" : "4611686018430624623"
    }, {
      "d" : "1756429545257401691",
      "t" : 1756429545257,
      "tn" : 1756429545257401691,
      "q" : "33.003",
      "p" : "15.150",
      "s" : "sell",
      "i" : "EGLD_USDT",
      "m" : "4611686018430624622"
    }, {
      "d" : "1756429545239606714",
      "t" : 1756429545239,
      "tn" : 1756429545239606714,
      "q" : "33.003",
      "p" : "15.150",
      "s" : "sell",
      "i" : "EGLD_USDT",
      "m" : "4611686018430624621"
    }, {
      "d" : "1756429545222954677",
      "t" : 1756429545222,
      "tn" : 1756429545222954677,
      "q" : "981.844",
      "p" : "15.150",
      "s" : "sell",
      "i" : "EGLD_USDT",
      "m" : "4611686018430624620"
    }, {
      "d" : "1756429545222303070",
      "t" : 1756429545222,
      "tn" : 1756429545222303070,
      "q" : "33.003",
      "p" : "15.150",
      "s" : "sell",
      "i" : "EGLD_USDT",
      "m" : "4611686018430624619"
    }, {
      "d" : "1756429545149579791",
      "t" : 1756429545149,
      "tn" : 1756429545149579791,
      "q" : "33.003",
      "p" : "15.150",
      "s" : "sell",
      "i" : "EGLD_USDT",
      "m" : "4611686018430624618"
    }, {
      "d" : "1756429545122035857",
      "t" : 1756429545122,
      "tn" : 1756429545122035857,
      "q" : "33.003",
      "p" : "15.150",
      "s" : "sell",
      "i" : "EGLD_USDT",
      "m" : "4611686018430624617"
    }, {
      "d" : "1756429545022128869",
      "t" : 1756429545022,
      "tn" : 1756429545022128869,
      "q" : "33.003",
      "p" : "15.150",
      "s" : "sell",
      "i" : "EGLD_USDT",
      "m" : "4611686018430624616"
    }, {
      "d" : "1756429545004288491",
      "t" : 1756429545004,
      "tn" : 1756429545004288491,
      "q" : "33.003",
      "p" : "15.150",
      "s" : "sell",
      "i" : "EGLD_USDT",
      "m" : "4611686018430624615"
    }, {
      "d" : "1756429544981183277",
      "t" : 1756429544981,
      "tn" : 1756429544981183277,
      "q" : "33.003",
      "p" : "15.150",
      "s" : "sell",
      "i" : "EGLD_USDT",
      "m" : "4611686018430624614"
    }, {
      "d" : "1756429544966427709",
      "t" : 1756429544966,
      "tn" : 1756429544966427709,
      "q" : "33.003",
      "p" : "15.150",
      "s" : "sell",
      "i" : "EGLD_USDT",
      "m" : "4611686018430624613"
    }, {
      "d" : "1756429544942219530",
      "t" : 1756429544942,
      "tn" : 1756429544942219530,
      "q" : "33.003",
      "p" : "15.150",
      "s" : "sell",
      "i" : "EGLD_USDT",
      "m" : "4611686018430624612"
    }, {
      "d" : "1756429544921910412",
      "t" : 1756429544921,
      "tn" : 1756429544921910412,
      "q" : "33.003",
      "p" : "15.150",
      "s" : "sell",
      "i" : "EGLD_USDT",
      "m" : "4611686018430624611"
    }, {
      "d" : "1756429544837216158",
      "t" : 1756429544837,
      "tn" : 1756429544837216158,
      "q" : "33.003",
      "p" : "15.150",
      "s" : "sell",
      "i" : "EGLD_USDT",
      "m" : "4611686018430624610"
    }, {
      "d" : "1756429544822026972",
      "t" : 1756429544822,
      "tn" : 1756429544822026972,
      "q" : "33.003",
      "p" : "15.150",
      "s" : "sell",
      "i" : "EGLD_USDT",
      "m" : "4611686018430624609"
    }, {
      "d" : "1756429544783369308",
      "t" : 1756429544783,
      "tn" : 1756429544783369308,
      "q" : "33.003",
      "p" : "15.150",
      "s" : "sell",
      "i" : "EGLD_USDT",
      "m" : "4611686018430624608"
    }, {
      "d" : "1756429544770448320",
      "t" : 1756429544770,
      "tn" : 1756429544770448320,
      "q" : "33.003",
      "p" : "15.150",
      "s" : "sell",
      "i" : "EGLD_USDT",
      "m" : "4611686018430624607"
    } ]
  }
}