{
  "id" : -1,
  "method" : "public/get-trades",
  "code" : 0,
  "result" : {
    "data" : [ {
      "d" : "1756460613887488132",
      "t" : 1756460613887,
      "tn" : 1756460613887488132,
      "q" : "1",
      "p" : "1.1993",
      "s" : "sell",
      "i" : "EIGENUSD-PERP",
      "m" : "4611686018429657886"
    }, {
      "d" : "1756460509067491675",
      "t" : 1756460509067,
      "tn" : 1756460509067491675,
      "q" : "49",
      "p" : "1.1985",
      "s" : "sell",
      "i" : "EIGENUSD-PERP",
      "m" : "4611686018429657885"
    }, {
      "d" : "1756460509062191201",
      "t" : 1756460509062,
      "tn" : 1756460509062191201,
      "q" : "1",
      "p" : "1.1983",
      "s" : "buy",
      "i" : "EIGENUSD-PERP",
      "m" : "4611686018429657884"
    }, {
      "d" : "1756460509061279264",
      "t" : 1756460509061,
      "tn" : 1756460509061279264,
      "q" : "1",
      "p" : "1.1982",
      "s" : "buy",
      "i" : "EIGENUSD-PERP",
      "m" : "4611686018429657883"
    }, {
      "d" : "1756460509060813312",
      "t" : 1756460509060,
      "tn" : 1756460509060813312,
      "q" : "1",
      "p" : "1.1979",
      "s" : "buy",
      "i" : "EIGENUSD-PERP",
      "m" : "4611686018429657882"
    }, {
      "d" : "1756459516636560786",
      "t" : 1756459516636,
      "tn" : 1756459516636560786,
      "q" : "1",
      "p" : "1.1971",
      "s" : "sell",
      "i" : "EIGENUSD-PERP",
      "m" : "4611686018429657881"
    }, {
      "d" : "1756459251857398372",
      "t" : 1756459251857,
      "tn" : 1756459251857398372,
      "q" : "1",
      "p" : "1.1997",
      "s" : "buy",
      "i" : "EIGENUSD-PERP",
      "m" : "4611686018429657880"
    }, {
      "d" : "1756459057713134912",
      "t" : 1756459057713,
      "tn" : 1756459057713134912,
      "q" : "1",
      "p" : "1.1930",
      "s" : "sell",
      "i" : "EIGENUSD-PERP",
      "m" : "4611686018429657879"
    }, {
      "d" : "1756459008891139122",
      "t" : 1756459008891,
      "tn" : 1756459008891139122,
      "q" : "1",
      "p" : "1.1938",
      "s" : "buy",
      "i" : "EIGENUSD-PERP",
      "m" : "4611686018429657878"
    }, {
      "d" : "1756458921633792666",
      "t" : 1756458921633,
      "tn" : 1756458921633792666,
      "q" : "1",
      "p" : "1.1919",
      "s" : "sell",
      "i" : "EIGENUSD-PERP",
      "m" : "4611686018429657877"
    }, {
      "d" : "1756458902797420843",
      "t" : 1756458902797,
      "tn" : 1756458902797420843,
      "q" : "1",
      "p" : "1.1928",
      "s" : "buy",
      "i" : "EIGENUSD-PERP",
      "m" : "4611686018429657876"
    }, {
      "d" : "1756458651536177943",
      "t" : 1756458651536,
      "tn" : 1756458651536177943,
      "q" : "24",
      "p" : "1.1895",
      "s" : "buy",
      "i" : "EIGENUSD-PERP",
      "m" : "4611686018429657875"
    }, {
      "d" : "1756458505023395538",
      "t" : 1756458505023,
      "tn" : 1756458505023395538,
      "q" : "1",
      "p" : "1.1890",
      "s" : "buy",
      "i" : "EIGENUSD-PERP",
      "m" : "4611686018429657874"
    }, {
      "d" : "1756458319999140491",
      "t" : 1756458319999,
      "tn" : 1756458319999140491,
      "q" : "1",
      "p" : "1.1917",
      "s" : "buy",
      "i" : "EIGENUSD-PERP",
      "m" : "4611686018429657873"
    }, {
      "d" : "1756458306407600434",
      "t" : 1756458306407,
      "tn" : 1756458306407600434,
      "q" : "1",
      "p" : "1.1897",
      "s" : "buy",
      "i" : "EIGENUSD-PERP",
      "m" : "4611686018429657872"
    }, {
      "d" : "1756458302432603545",
      "t" : 1756458302432,
      "tn" : 1756458302432603545,
      "q" : "1",
      "p" : "1.1893",
      "s" : "buy",
      "i" : "EIGENUSD-PERP",
      "m" : "4611686018429657871"
    }, {
      "d" : "1756458300295526245",
      "t" : 1756458300295,
      "tn" : 1756458300295526245,
      "q" : "1",
      "p" : "1.1887",
      "s" : "buy",
      "i" : "EIGENUSD-PERP",
      "m" : "4611686018429657870"
    }, {
      "d" : "1756458295938321727",
      "t" : 1756458295938,
      "tn" : 1756458295938321727,
      "q" : "1",
      "p" : "1.1883",
      "s" : "buy",
      "i" : "EIGENUSD-PERP",
      "m" : "4611686018429657869"
    }, {
      "d" : "1756458290313832931",
      "t" : 1756458290313,
      "tn" : 1756458290313832931,
      "q" : "1",
      "p" : "1.1884",
      "s" : "buy",
      "i" : "EIGENUSD-PERP",
      "m" : "4611686018429657868"
    }, {
      "d" : "1756458290313829113",
      "t" : 1756458290313,
      "tn" : 1756458290313829113,
      "q" : "1",
      "p" : "1.1878",
      "s" : "buy",
      "i" : "EIGENUSD-PERP",
      "m" : "4611686018429657867"
    }, {
      "d" : "1756458261835736364",
      "t" : 1756458261835,
      "tn" : 1756458261835736364,
      "q" : "1",
      "p" : "1.1881",
      "s" : "sell",
      "i" : "EIGENUSD-PERP",
      "m" : "4611686018429657866"
    }, {
      "d" : "1756458236694917587",
      "t" : 1756458236694,
      "tn" : 1756458236694917587,
      "q" : "1",
      "p" : "1.1871",
      "s" : "buy",
      "i" : "EIGENUSD-PERP",
      "m" : "4611686018429657865"
    }, {
      "d" : "1756458183279136917",
      "t" : 1756458183279,
      "tn" : 1756458183279136917,
      "q" : "50",
      "p" : "1.1841",
      "s" : "sell",
      "i" : "EIGENUSD-PERP",
      "m" : "4611686018429657864"
    }, {
      "d" : "1756458180579367866",
      "t" : 1756458180579,
      "tn" : 1756458180579367866,
      "q" : "1",
      "p" : "1.1853",
      "s" : "sell",
      "i" : "EIGENUSD-PERP",
      "m" : "4611686018429657863"
    }, {
      "d" : "1756458180579364325",
      "t" : 1756458180579,
      "tn" : 1756458180579364325,
      "q" : "1",
      "p" : "1.1854",
      "s" : "sell",
      "i" : "EIGENUSD-PERP",
      "m" : "4611686018429657862"
    }, {
      "d" : "1756458177358166438",
      "t" : 1756458177358,
      "tn" : 1756458177358166438,
      "q" : "1",
      "p" : "1.1875",
      "s" : "sell",
      "i" : "EIGENUSD-PERP",
      "m" : "4611686018429657861"
    }, {
      "d" : "1756458172059152497",
      "t" : 1756458172059,
      "tn" : 1756458172059152497,
      "q" : "1",
      "p" : "1.1882",
      "s" : "sell",
      "i" : "EIGENUSD-PERP",
      "m" : "4611686018429657860"
    }, {
      "d" : "1756458171544541165",
      "t" : 1756458171544,
      "tn" : 1756458171544541165,
      "q" : "1",
      "p" : "1.1885",
      "s" : "sell",
      "i" : "EIGENUSD-PERP",
      "m" : "4611686018429657859"
    }, {
      "d" : "1756458171544537193",
      "t" : 1756458171544,
      "tn" : 1756458171544537193,
      "q" : "1",
      "p" : "1.1886",
      "s" : "sell",
      "i" : "EIGENUSD-PERP",
      "m" : "4611686018429657858"
    }, {
      "d" : "1756458165374999963",
      "t" : 1756458165374,
      "tn" : 1756458165374999963,
      "q" : "1",
      "p" : "1.1887",
      "s" : "sell",
      "i" : "EIGENUSD-PERP",
      "m" : "4611686018429657857"
    }, {
      "d" : "1756458165374997466",
      "t" : 1756458165374,
      "tn" : 1756458165374997466,
      "q" : "1",
      "p" : "1.1888",
      "s" : "sell",
      "i" : "EIGENUSD-PERP",
      "m" : "4611686018429657856"
    }, {
      "d" : "1756458164147917073",
      "t" : 1756458164147,
      "tn" : 1756458164147917073,
      "q" : "1",
      "p" : "1.1896",
      "s" : "sell",
      "i" : "EIGENUSD-PERP",
      "m" : "4611686018429657855"
    }, {
      "d" : "1756458103000892594",
      "t" : 1756458103000,
      "tn" : 1756458103000892594,
      "q" : "1",
      "p" : "1.1936",
      "s" : "sell",
      "i" : "EIGENUSD-PERP",
      "m" : "4611686018429657854"
    }, {
      "d" : "1756458005017733651",
      "t" : 1756458005017,
      "tn" : 1756458005017733650,
      "q" : "1",
      "p" : "1.1952",
      "s" : "sell",
      "i" : "EIGENUSD-PERP",
      "m" : "4611686018429657853"
    }, {
      "d" : "1756458005017733650",
      "t" : 1756458005017,
      "tn" : 1756458005017733650,
      "q" : "1",
      "p" : "1.1952",
      "s" : "sell",
      "i" : "EIGENUSD-PERP",
      "m" : "4611686018429657853"
    }, {
      "d" : "1756457995184465895",
      "t" : 1756457995184,
      "tn" : 1756457995184465895,
      "q" : "1",
      "p" : "1.1956",
      "s" : "buy",
      "i" : "EIGENUSD-PERP",
      "m" : "4611686018429657852"
    }, {
      "d" : "1756457863014470645",
      "t" : 1756457863014,
      "tn" : 1756457863014470645,
      "q" : "1",
      "p" : "1.1945",
      "s" : "sell",
      "i" : "EIGENUSD-PERP",
      "m" : "4611686018429657851"
    }, {
      "d" : "1756457862955662807",
      "t" : 1756457862955,
      "tn" : 1756457862955662807,
      "q" : "190",
      "p" : "1.1945",
      "s" : "sell",
      "i" : "EIGENUSD-PERP",
      "m" : "4611686018429657850"
    }, {
      "d" : "1756457862955659814",
      "t" : 1756457862955,
      "tn" : 1756457862955659813,
      "q" : "1",
      "p" : "1.1949",
      "s" : "sell",
      "i" : "EIGENUSD-PERP",
      "m" : "4611686018429657849"
    }, {
      "d" : "1756457862955659813",
      "t" : 1756457862955,
      "tn" : 1756457862955659813,
      "q" : "1",
      "p" : "1.1949",
      "s" : "sell",
      "i" : "EIGENUSD-PERP",
      "m" : "4611686018429657849"
    }, {
      "d" : "1756457829404750921",
      "t" : 1756457829404,
      "tn" : 1756457829404750921,
      "q" : "139",
      "p" : "1.1962",
      "s" : "sell",
      "i" : "EIGENUSD-PERP",
      "m" : "4611686018429657848"
    }, {
      "d" : "1756457817689271406",
      "t" : 1756457817689,
      "tn" : 1756457817689271405,
      "q" : "1",
      "p" : "1.1971",
      "s" : "sell",
      "i" : "EIGENUSD-PERP",
      "m" : "4611686018429657847"
    }, {
      "d" : "1756457817689271405",
      "t" : 1756457817689,
      "tn" : 1756457817689271405,
      "q" : "1",
      "p" : "1.1971",
      "s" : "sell",
      "i" : "EIGENUSD-PERP",
      "m" : "4611686018429657847"
    }, {
      "d" : "1756457761632374986",
      "t" : 1756457761632,
      "tn" : 1756457761632374985,
      "q" : "1",
      "p" : "1.1973",
      "s" : "sell",
      "i" : "EIGENUSD-PERP",
      "m" : "4611686018429657846"
    }, {
      "d" : "1756457761632374985",
      "t" : 1756457761632,
      "tn" : 1756457761632374985,
      "q" : "1",
      "p" : "1.1973",
      "s" : "sell",
      "i" : "EIGENUSD-PERP",
      "m" : "4611686018429657846"
    }, {
      "d" : "1756457734049538008",
      "t" : 1756457734049,
      "tn" : 1756457734049538007,
      "q" : "1",
      "p" : "1.1967",
      "s" : "sell",
      "i" : "EIGENUSD-PERP",
      "m" : "4611686018429657845"
    }, {
      "d" : "1756457734049538007",
      "t" : 1756457734049,
      "tn" : 1756457734049538007,
      "q" : "1",
      "p" : "1.1967",
      "s" : "sell",
      "i" : "EIGENUSD-PERP",
      "m" : "4611686018429657845"
    }, {
      "d" : "1756457664031162999",
      "t" : 1756457664031,
      "tn" : 1756457664031162999,
      "q" : "1",
      "p" : "1.1983",
      "s" : "sell",
      "i" : "EIGENUSD-PERP",
      "m" : "4611686018429657844"
    }, {
      "d" : "1756457664031159489",
      "t" : 1756457664031,
      "tn" : 1756457664031159489,
      "q" : "1",
      "p" : "1.1984",
      "s" : "sell",
      "i" : "EIGENUSD-PERP",
      "m" : "4611686018429657843"
    }, {
      "d" : "1756457633835741714",
      "t" : 1756457633835,
      "tn" : 1756457633835741714,
      "q" : "24",
      "p" : "1.1994",
      "s" : "buy",
      "i" : "EIGENUSD-PERP",
      "m" : "4611686018429657842"
    }, {
      "d" : "1756457610441586734",
      "t" : 1756457610441,
      "tn" : 1756457610441586734,
      "q" : "1",
      "p" : "1.2000",
      "s" : "buy",
      "i" : "EIGENUSD-PERP",
      "m" : "4611686018429657841"
    }, {
      "d" : "1756457579034359523",
      "t" : 1756457579034,
      "tn" : 1756457579034359523,
      "q" : "1",
      "p" : "1.1993",
      "s" : "sell",
      "i" : "EIGENUSD-PERP",
      "m" : "4611686018429657840"
    }, {
      "d" : "1756457579034325150",
      "t" : 1756457579034,
      "tn" : 1756457579034325150,
      "q" : "1",
      "p" : "1.1996",
      "s" : "sell",
      "i" : "EIGENUSD-PERP",
      "m" : "4611686018429657839"
    }, {
      "d" : "1756457577194992718",
      "t" : 1756457577194,
      "tn" : 1756457577194992718,
      "q" : "199",
      "p" : "1.1990",
      "s" : "buy",
      "i" : "EIGENUSD-PERP",
      "m" : "4611686018429657838"
    }, {
      "d" : "1756457577189940922",
      "t" : 1756457577189,
      "tn" : 1756457577189940922,
      "q" : "195",
      "p" : "1.1987",
      "s" : "buy",
      "i" : "EIGENUSD-PERP",
      "m" : "4611686018429657837"
    }, {
      "d" : "1756457577179598786",
      "t" : 1756457577179,
      "tn" : 1756457577179598786,
      "q" : "8",
      "p" : "1.1999",
      "s" : "sell",
      "i" : "EIGENUSD-PERP",
      "m" : "4611686018429657836"
    }, {
      "d" : "1756457577179596741",
      "t" : 1756457577179,
      "tn" : 1756457577179596741,
      "q" : "1",
      "p" : "1.2009",
      "s" : "sell",
      "i" : "EIGENUSD-PERP",
      "m" : "4611686018429657835"
    }, {
      "d" : "1756457577173947912",
      "t" : 1756457577173,
      "tn" : 1756457577173947912,
      "q" : "178",
      "p" : "1.2002",
      "s" : "sell",
      "i" : "EIGENUSD-PERP",
      "m" : "4611686018429657834"
    }, {
      "d" : "1756457577173945720",
      "t" : 1756457577173,
      "tn" : 1756457577173945720,
      "q" : "50",
      "p" : "1.2003",
      "s" : "sell",
      "i" : "EIGENUSD-PERP",
      "m" : "4611686018429657833"
    }, {
      "d" : "1756457577173943163",
      "t" : 1756457577173,
      "tn" : 1756457577173943163,
      "q" : "1",
      "p" : "1.2007",
      "s" : "sell",
      "i" : "EIGENUSD-PERP",
      "m" : "4611686018429657832"
    }, {
      "d" : "1756457142785401332",
      "t" : 1756457142785,
      "tn" : 1756457142785401332,
      "q" : "1",
      "p" : "1.2068",
      "s" : "buy",
      "i" : "EIGENUSD-PERP",
      "m" : "4611686018429657831"
    }, {
      "d" : "1756456329998993096",
      "t" : 1756456329998,
      "tn" : 1756456329998993096,
      "q" : "22",
      "p" : "1.2099",
      "s" : "buy",
      "i" : "EIGENUSD-PERP",
      "m" : "4611686018429657830"
    }, {
      "d" : "1756456329998831445",
      "t" : 1756456329998,
      "tn" : 1756456329998831445,
      "q" : "1",
      "p" : "1.2099",
      "s" : "buy",
      "i" : "EIGENUSD-PERP",
      "m" : "4611686018429657829"
    }, {
      "d" : "1756456329982307801",
      "t" : 1756456329982,
      "tn" : 1756456329982307801,
      "q" : "202",
      "p" : "1.2099",
      "s" : "buy",
      "i" : "EIGENUSD-PERP",
      "m" : "4611686018429657828"
    }, {
      "d" : "1756456329976449036",
      "t" : 1756456329976,
      "tn" : 1756456329976449036,
      "q" : "45",
      "p" : "1.2099",
      "s" : "buy",
      "i" : "EIGENUSD-PERP",
      "m" : "4611686018429657827"
    }, {
      "d" : "1756456329976445861",
      "t" : 1756456329976,
      "tn" : 1756456329976445861,
      "q" : "1",
      "p" : "1.2095",
      "s" : "buy",
      "i" : "EIGENUSD-PERP",
      "m" : "4611686018429657826"
    }, {
      "d" : "1756456151845022707",
      "t" : 1756456151845,
      "tn" : 1756456151845022707,
      "q" : "1",
      "p" : "1.2055",
      "s" : "buy",
      "i" : "EIGENUSD-PERP",
      "m" : "4611686018429657825"
    }, {
      "d" : "1756456081539577868",
      "t" : 1756456081539,
      "tn" : 1756456081539577867,
      "q" : "1",
      "p" : "1.2073",
      "s" : "sell",
      "i" : "EIGENUSD-PERP",
      "m" : "4611686018429657824"
    }, {
      "d" : "1756456081539577867",
      "t" : 1756456081539,
      "tn" : 1756456081539577867,
      "q" : "1",
      "p" : "1.2073",
      "s" : "sell",
      "i" : "EIGENUSD-PERP",
      "m" : "4611686018429657824"
    }, {
      "d" : "1756455940858373112",
      "t" : 1756455940858,
      "tn" : 1756455940858373112,
      "q" : "1",
      "p" : "1.2074",
      "s" : "buy",
      "i" : "EIGENUSD-PERP",
      "m" : "4611686018429657823"
    }, {
      "d" : "1756455674825337979",
      "t" : 1756455674825,
      "tn" : 1756455674825337978,
      "q" : "1",
      "p" : "1.2040",
      "s" : "sell",
      "i" : "EIGENUSD-PERP",
      "m" : "4611686018429657822"
    }, {
      "d" : "1756455674825337978",
      "t" : 1756455674825,
      "tn" : 1756455674825337978,
      "q" : "1",
      "p" : "1.2040",
      "s" : "sell",
      "i" : "EIGENUSD-PERP",
      "m" : "4611686018429657822"
    }, {
      "d" : "1756455635140033258",
      "t" : 1756455635140,
      "tn" : 1756455635140033257,
      "q" : "1",
      "p" : "1.2062",
      "s" : "buy",
      "i" : "EIGENUSD-PERP",
      "m" : "4611686018429657821"
    }, {
      "d" : "1756455635140033257",
      "t" : 1756455635140,
      "tn" : 1756455635140033257,
      "q" : "194",
      "p" : "1.2062",
      "s" : "buy",
      "i" : "EIGENUSD-PERP",
      "m" : "4611686018429657821"
    }, {
      "d" : "1756455628252040001",
      "t" : 1756455628252,
      "tn" : 1756455628252040001,
      "q" : "50",
      "p" : "1.2039",
      "s" : "sell",
      "i" : "EIGENUSD-PERP",
      "m" : "4611686018429657820"
    }, {
      "d" : "1756455628252036165",
      "t" : 1756455628252,
      "tn" : 1756455628252036165,
      "q" : "1",
      "p" : "1.2044",
      "s" : "sell",
      "i" : "EIGENUSD-PERP",
      "m" : "4611686018429657819"
    }, {
      "d" : "1756455516343949329",
      "t" : 1756455516343,
      "tn" : 1756455516343949328,
      "q" : "1",
      "p" : "1.2079",
      "s" : "sell",
      "i" : "EIGENUSD-PERP",
      "m" : "4611686018429657818"
    }, {
      "d" : "1756455516343949328",
      "t" : 1756455516343,
      "tn" : 1756455516343949328,
      "q" : "1",
      "p" : "1.2079",
      "s" : "sell",
      "i" : "EIGENUSD-PERP",
      "m" : "4611686018429657818"
    }, {
      "d" : "1756455460397407161",
      "t" : 1756455460397,
      "tn" : 1756455460397407160,
      "q" : "1",
      "p" : "1.2077",
      "s" : "sell",
      "i" : "EIGENUSD-PERP",
      "m" : "4611686018429657817"
    }, {
      "d" : "1756455460397407160",
      "t" : 1756455460397,
      "tn" : 1756455460397407160,
      "q" : "1",
      "p" : "1.2077",
      "s" : "sell",
      "i" : "EIGENUSD-PERP",
      "m" : "4611686018429657817"
    }, {
      "d" : "1756455448758294457",
      "t" : 1756455448758,
      "tn" : 1756455448758294457,
      "q" : "186",
      "p" : "1.2063",
      "s" : "buy",
      "i" : "EIGENUSD-PERP",
      "m" : "4611686018429657816"
    }, {
      "d" : "1756455446429335858",
      "t" : 1756455446429,
      "tn" : 1756455446429335858,
      "q" : "13",
      "p" : "1.2057",
      "s" : "buy",
      "i" : "EIGENUSD-PERP",
      "m" : "4611686018429657815"
    }, {
      "d" : "1756455446429333348",
      "t" : 1756455446429,
      "tn" : 1756455446429333348,
      "q" : "1",
      "p" : "1.2054",
      "s" : "buy",
      "i" : "EIGENUSD-PERP",
      "m" : "4611686018429657814"
    }, {
      "d" : "1756455443030910656",
      "t" : 1756455443030,
      "tn" : 1756455443030910656,
      "q" : "15",
      "p" : "1.2056",
      "s" : "buy",
      "i" : "EIGENUSD-PERP",
      "m" : "4611686018429657813"
    }, {
      "d" : "1756455443030907498",
      "t" : 1756455443030,
      "tn" : 1756455443030907498,
      "q" : "1",
      "p" : "1.2055",
      "s" : "buy",
      "i" : "EIGENUSD-PERP",
      "m" : "4611686018429657812"
    }, {
      "d" : "1756455437239372284",
      "t" : 1756455437239,
      "tn" : 1756455437239372284,
      "q" : "50",
      "p" : "1.2060",
      "s" : "sell",
      "i" : "EIGENUSD-PERP",
      "m" : "4611686018429657811"
    }, {
      "d" : "1756455437239368814",
      "t" : 1756455437239,
      "tn" : 1756455437239368813,
      "q" : "495",
      "p" : "1.2060",
      "s" : "sell",
      "i" : "EIGENUSD-PERP",
      "m" : "4611686018429657810"
    }, {
      "d" : "1756455437239368813",
      "t" : 1756455437239,
      "tn" : 1756455437239368813,
      "q" : "196",
      "p" : "1.2060",
      "s" : "sell",
      "i" : "EIGENUSD-PERP",
      "m" : "4611686018429657810"
    }, {
      "d" : "1756455437239365008",
      "t" : 1756455437239,
      "tn" : 1756455437239365008,
      "q" : "50",
      "p" : "1.2061",
      "s" : "sell",
      "i" : "EIGENUSD-PERP",
      "m" : "4611686018429657809"
    }, {
      "d" : "1756455437239362003",
      "t" : 1756455437239,
      "tn" : 1756455437239362002,
      "q" : "1",
      "p" : "1.2068",
      "s" : "sell",
      "i" : "EIGENUSD-PERP",
      "m" : "4611686018429657808"
    }, {
      "d" : "1756455437239362002",
      "t" : 1756455437239,
      "tn" : 1756455437239362002,
      "q" : "1",
      "p" : "1.2068",
      "s" : "sell",
      "i" : "EIGENUSD-PERP",
      "m" : "4611686018429657808"
    }, {
      "d" : "1756455212045587318",
      "t" : 1756455212045,
      "tn" : 1756455212045587318,
      "q" : "13",
      "p" : "1.2102",
      "s" : "buy",
      "i" : "EIGENUSD-PERP",
      "m" : "4611686018429657807"
    }, {
      "d" : "1756455212045582892",
      "t" : 1756455212045,
      "tn" : 1756455212045582892,
      "q" : "1",
      "p" : "1.2100",
      "s" : "buy",
      "i" : "EIGENUSD-PERP",
      "m" : "4611686018429657806"
    }, {
      "d" : "1756455046928105724",
      "t" : 1756455046928,
      "tn" : 1756455046928105722,
      "q" : "1",
      "p" : "1.2089",
      "s" : "sell",
      "i" : "EIGENUSD-PERP",
      "m" : "4611686018429657805"
    }, {
      "d" : "1756455046928105723",
      "t" : 1756455046928,
      "tn" : 1756455046928105722,
      "q" : "1",
      "p" : "1.2089",
      "s" : "sell",
      "i" : "EIGENUSD-PERP",
      "m" : "4611686018429657805"
    }, {
      "d" : "1756455046928105722",
      "t" : 1756455046928,
      "tn" : 1756455046928105722,
      "q" : "179",
      "p" : "1.2089",
      "s" : "sell",
      "i" : "EIGENUSD-PERP",
      "m" : "4611686018429657805"
    }, {
      "d" : "1756455046927510934",
      "t" : 1756455046927,
      "tn" : 1756455046927510934,
      "q" : "20",
      "p" : "1.2089",
      "s" : "sell",
      "i" : "EIGENUSD-PERP",
      "m" : "4611686018429657804"
    }, {
      "d" : "1756455030034261721",
      "t" : 1756455030034,
      "tn" : 1756455030034261720,
      "q" : "1",
      "p" : "1.2104",
      "s" : "sell",
      "i" : "EIGENUSD-PERP",
      "m" : "4611686018429657803"
    }, {
      "d" : "1756455030034261720",
      "t" : 1756455030034,
      "tn" : 1756455030034261720,
      "q" : "1",
      "p" : "1.2104",
      "s" : "sell",
      "i" : "EIGENUSD-PERP",
      "m" : "4611686018429657803"
    }, {
      "d" : "1756454864862378748",
      "t" : 1756454864862,
      "tn" : 1756454864862378748,
      "q" : "1",
      "p" : "1.2170",
      "s" : "sell",
      "i" : "EIGENUSD-PERP",
      "m" : "4611686018429657802"
    }, {
      "d" : "1756454860599829472",
      "t" : 1756454860599,
      "tn" : 1756454860599829472,
      "q" : "1",
      "p" : "1.2163",
      "s" : "buy",
      "i" : "EIGENUSD-PERP",
      "m" : "4611686018429657801"
    }, {
      "d" : "1756454860599825474",
      "t" : 1756454860599,
      "tn" : 1756454860599825474,
      "q" : "50",
      "p" : "1.2162",
      "s" : "buy",
      "i" : "EIGENUSD-PERP",
      "m" : "4611686018429657800"
    }, {
      "d" : "1756454671832146849",
      "t" : 1756454671832,
      "tn" : 1756454671832146848,
      "q" : "50",
      "p" : "1.2149",
      "s" : "buy",
      "i" : "EIGENUSD-PERP",
      "m" : "4611686018429657799"
    }, {
      "d" : "1756454671832146848",
      "t" : 1756454671832,
      "tn" : 1756454671832146848,
      "q" : "1",
      "p" : "1.2149",
      "s" : "buy",
      "i" : "EIGENUSD-PERP",
      "m" : "4611686018429657799"
    }, {
      "d" : "1756454652151217449",
      "t" : 1756454652151,
      "tn" : 1756454652151217449,
      "q" : "1",
      "p" : "1.2154",
      "s" : "buy",
      "i" : "EIGENUSD-PERP",
      "m" : "4611686018429657798"
    }, {
      "d" : "1756454551468791581",
      "t" : 1756454551468,
      "tn" : 1756454551468791581,
      "q" : "1",
      "p" : "1.2196",
      "s" : "buy",
      "i" : "EIGENUSD-PERP",
      "m" : "4611686018429657797"
    }, {
      "d" : "1756454458371439497",
      "t" : 1756454458371,
      "tn" : 1756454458371439496,
      "q" : "50",
      "p" : "1.2182",
      "s" : "buy",
      "i" : "EIGENUSD-PERP",
      "m" : "4611686018429657796"
    }, {
      "d" : "1756454458371439496",
      "t" : 1756454458371,
      "tn" : 1756454458371439496,
      "q" : "176",
      "p" : "1.2182",
      "s" : "buy",
      "i" : "EIGENUSD-PERP",
      "m" : "4611686018429657796"
    }, {
      "d" : "1756454458370769073",
      "t" : 1756454458370,
      "tn" : 1756454458370769073,
      "q" : "1",
      "p" : "1.2175",
      "s" : "buy",
      "i" : "EIGENUSD-PERP",
      "m" : "4611686018429657795"
    }, {
      "d" : "1756454458370766029",
      "t" : 1756454458370,
      "tn" : 1756454458370766029,
      "q" : "1",
      "p" : "1.2171",
      "s" : "buy",
      "i" : "EIGENUSD-PERP",
      "m" : "4611686018429657794"
    }, {
      "d" : "1756454448980768538",
      "t" : 1756454448980,
      "tn" : 1756454448980768537,
      "q" : "1",
      "p" : "1.2170",
      "s" : "sell",
      "i" : "EIGENUSD-PERP",
      "m" : "4611686018429657793"
    }, {
      "d" : "1756454448980768537",
      "t" : 1756454448980,
      "tn" : 1756454448980768537,
      "q" : "1",
      "p" : "1.2170",
      "s" : "sell",
      "i" : "EIGENUSD-PERP",
      "m" : "4611686018429657793"
    }, {
      "d" : "1756454436847902710",
      "t" : 1756454436847,
      "tn" : 1756454436847902710,
      "q" : "1",
      "p" : "1.2143",
      "s" : "buy",
      "i" : "EIGENUSD-PERP",
      "m" : "4611686018429657792"
    }, {
      "d" : "1756454332438215765",
      "t" : 1756454332438,
      "tn" : 1756454332438215765,
      "q" : "1",
      "p" : "1.2123",
      "s" : "sell",
      "i" : "EIGENUSD-PERP",
      "m" : "4611686018429657791"
    }, {
      "d" : "1756454332438212238",
      "t" : 1756454332438,
      "tn" : 1756454332438212238,
      "q" : "1",
      "p" : "1.2124",
      "s" : "sell",
      "i" : "EIGENUSD-PERP",
      "m" : "4611686018429657790"
    }, {
      "d" : "1756454318737954151",
      "t" : 1756454318737,
      "tn" : 1756454318737954151,
      "q" : "1",
      "p" : "1.2121",
      "s" : "sell",
      "i" : "EIGENUSD-PERP",
      "m" : "4611686018429657789"
    }, {
      "d" : "1756454299225181414",
      "t" : 1756454299225,
      "tn" : 1756454299225181414,
      "q" : "1",
      "p" : "1.2129",
      "s" : "sell",
      "i" : "EIGENUSD-PERP",
      "m" : "4611686018429657788"
    }, {
      "d" : "1756454299224942600",
      "t" : 1756454299224,
      "tn" : 1756454299224942600,
      "q" : "1",
      "p" : "1.2130",
      "s" : "sell",
      "i" : "EIGENUSD-PERP",
      "m" : "4611686018429657787"
    }, {
      "d" : "1756454232345716519",
      "t" : 1756454232345,
      "tn" : 1756454232345716519,
      "q" : "182",
      "p" : "1.2141",
      "s" : "sell",
      "i" : "EIGENUSD-PERP",
      "m" : "4611686018429657786"
    }, {
      "d" : "1756454232345452330",
      "t" : 1756454232345,
      "tn" : 1756454232345452330,
      "q" : "532",
      "p" : "1.2143",
      "s" : "sell",
      "i" : "EIGENUSD-PERP",
      "m" : "4611686018429657785"
    }, {
      "d" : "1756454232343987612",
      "t" : 1756454232343,
      "tn" : 1756454232343987612,
      "q" : "62",
      "p" : "1.2144",
      "s" : "sell",
      "i" : "EIGENUSD-PERP",
      "m" : "4611686018429657784"
    }, {
      "d" : "1756454232343979199",
      "t" : 1756454232343,
      "tn" : 1756454232343979199,
      "q" : "349",
      "p" : "1.2144",
      "s" : "sell",
      "i" : "EIGENUSD-PERP",
      "m" : "4611686018429657783"
    }, {
      "d" : "1756454173919486532",
      "t" : 1756454173919,
      "tn" : 1756454173919486532,
      "q" : "1",
      "p" : "1.2155",
      "s" : "sell",
      "i" : "EIGENUSD-PERP",
      "m" : "4611686018429657782"
    }, {
      "d" : "1756454021273797081",
      "t" : 1756454021273,
      "tn" : 1756454021273797080,
      "q" : "1",
      "p" : "1.2161",
      "s" : "sell",
      "i" : "EIGENUSD-PERP",
      "m" : "4611686018429657781"
    }, {
      "d" : "1756454021273797080",
      "t" : 1756454021273,
      "tn" : 1756454021273797080,
      "q" : "1",
      "p" : "1.2161",
      "s" : "sell",
      "i" : "EIGENUSD-PERP",
      "m" : "4611686018429657781"
    }, {
      "d" : "1756453801686815532",
      "t" : 1756453801686,
      "tn" : 1756453801686815532,
      "q" : "1",
      "p" : "1.2181",
      "s" : "buy",
      "i" : "EIGENUSD-PERP",
      "m" : "4611686018429657780"
    }, {
      "d" : "1756453801686813186",
      "t" : 1756453801686,
      "tn" : 1756453801686813186,
      "q" : "198",
      "p" : "1.2179",
      "s" : "buy",
      "i" : "EIGENUSD-PERP",
      "m" : "4611686018429657779"
    }, {
      "d" : "1756453801686613690",
      "t" : 1756453801686,
      "tn" : 1756453801686613689,
      "q" : "50",
      "p" : "1.2176",
      "s" : "buy",
      "i" : "EIGENUSD-PERP",
      "m" : "4611686018429657778"
    }, {
      "d" : "1756453801686613689",
      "t" : 1756453801686,
      "tn" : 1756453801686613689,
      "q" : "1",
      "p" : "1.2176",
      "s" : "buy",
      "i" : "EIGENUSD-PERP",
      "m" : "4611686018429657778"
    }, {
      "d" : "1756453743486548253",
      "t" : 1756453743486,
      "tn" : 1756453743486548253,
      "q" : "1",
      "p" : "1.2182",
      "s" : "buy",
      "i" : "EIGENUSD-PERP",
      "m" : "4611686018429657777"
    }, {
      "d" : "1756453530340322143",
      "t" : 1756453530340,
      "tn" : 1756453530340322143,
      "q" : "1",
      "p" : "1.2162",
      "s" : "sell",
      "i" : "EIGENUSD-PERP",
      "m" : "4611686018429657776"
    }, {
      "d" : "1756453358082760430",
      "t" : 1756453358082,
      "tn" : 1756453358082760430,
      "q" : "1",
      "p" : "1.2174",
      "s" : "buy",
      "i" : "EIGENUSD-PERP",
      "m" : "4611686018429657775"
    }, {
      "d" : "1756453091975495771",
      "t" : 1756453091975,
      "tn" : 1756453091975495771,
      "q" : "44",
      "p" : "1.2186",
      "s" : "buy",
      "i" : "EIGENUSD-PERP",
      "m" : "4611686018429657774"
    }, {
      "d" : "1756453091969376971",
      "t" : 1756453091969,
      "tn" : 1756453091969376971,
      "q" : "1",
      "p" : "1.2186",
      "s" : "buy",
      "i" : "EIGENUSD-PERP",
      "m" : "4611686018429657773"
    }, {
      "d" : "1756453091969371216",
      "t" : 1756453091969,
      "tn" : 1756453091969371216,
      "q" : "512",
      "p" : "1.2186",
      "s" : "buy",
      "i" : "EIGENUSD-PERP",
      "m" : "4611686018429657772"
    }, {
      "d" : "1756453091968646698",
      "t" : 1756453091968,
      "tn" : 1756453091968646698,
      "q" : "1",
      "p" : "1.2185",
      "s" : "buy",
      "i" : "EIGENUSD-PERP",
      "m" : "4611686018429657771"
    }, {
      "d" : "1756453091968642978",
      "t" : 1756453091968,
      "tn" : 1756453091968642978,
      "q" : "166",
      "p" : "1.2185",
      "s" : "buy",
      "i" : "EIGENUSD-PERP",
      "m" : "4611686018429657770"
    }, {
      "d" : "1756453091968578638",
      "t" : 1756453091968,
      "tn" : 1756453091968578638,
      "q" : "1",
      "p" : "1.2184",
      "s" : "buy",
      "i" : "EIGENUSD-PERP",
      "m" : "4611686018429657769"
    }, {
      "d" : "1756453091572985357",
      "t" : 1756453091572,
      "tn" : 1756453091572985356,
      "q" : "557",
      "p" : "1.2182",
      "s" : "buy",
      "i" : "EIGENUSD-PERP",
      "m" : "4611686018429657768"
    }, {
      "d" : "1756453091572985356",
      "t" : 1756453091572,
      "tn" : 1756453091572985356,
      "q" : "1",
      "p" : "1.2182",
      "s" : "buy",
      "i" : "EIGENUSD-PERP",
      "m" : "4611686018429657768"
    }, {
      "d" : "1756453090444678569",
      "t" : 1756453090444,
      "tn" : 1756453090444678569,
      "q" : "557",
      "p" : "1.2180",
      "s" : "buy",
      "i" : "EIGENUSD-PERP",
      "m" : "4611686018429657767"
    }, {
      "d" : "1756453090395133756",
      "t" : 1756453090395,
      "tn" : 1756453090395133756,
      "q" : "557",
      "p" : "1.2178",
      "s" : "buy",
      "i" : "EIGENUSD-PERP",
      "m" : "4611686018429657766"
    }, {
      "d" : "1756453090392017687",
      "t" : 1756453090392,
      "tn" : 1756453090392017687,
      "q" : "557",
      "p" : "1.2176",
      "s" : "buy",
      "i" : "EIGENUSD-PERP",
      "m" : "4611686018429657765"
    }, {
      "d" : "1756453090392014134",
      "t" : 1756453090392,
      "tn" : 1756453090392014134,
      "q" : "1",
      "p" : "1.2174",
      "s" : "buy",
      "i" : "EIGENUSD-PERP",
      "m" : "4611686018429657764"
    }, {
      "d" : "1756453087703093754",
      "t" : 1756453087703,
      "tn" : 1756453087703093754,
      "q" : "557",
      "p" : "1.2176",
      "s" : "buy",
      "i" : "EIGENUSD-PERP",
      "m" : "4611686018429657763"
    }, {
      "d" : "1756453087703090715",
      "t" : 1756453087703,
      "tn" : 1756453087703090715,
      "q" : "1",
      "p" : "1.2176",
      "s" : "buy",
      "i" : "EIGENUSD-PERP",
      "m" : "4611686018429657762"
    }, {
      "d" : "1756453087703087366",
      "t" : 1756453087703,
      "tn" : 1756453087703087366,
      "q" : "1",
      "p" : "1.2175",
      "s" : "buy",
      "i" : "EIGENUSD-PERP",
      "m" : "4611686018429657761"
    }, {
      "d" : "1756452999657352810",
      "t" : 1756452999657,
      "tn" : 1756452999657352810,
      "q" : "14",
      "p" : "1.2171",
      "s" : "sell",
      "i" : "EIGENUSD-PERP",
      "m" : "4611686018429657760"
    }, {
      "d" : "1756452999657349702",
      "t" : 1756452999657,
      "tn" : 1756452999657349702,
      "q" : "1",
      "p" : "1.2172",
      "s" : "sell",
      "i" : "EIGENUSD-PERP",
      "m" : "4611686018429657759"
    }, {
      "d" : "1756452999657347598",
      "t" : 1756452999657,
      "tn" : 1756452999657347598,
      "q" : "1",
      "p" : "1.2174",
      "s" : "sell",
      "i" : "EIGENUSD-PERP",
      "m" : "4611686018429657758"
    } ]
  }
}