{
  "id" : -1,
  "method" : "public/get-trades",
  "code" : 0,
  "result" : {
    "data" : [ {
      "d" : "1756460499732107597",
      "t" : 1756460499732,
      "tn" : 1756460499732107597,
      "q" : "19.6",
      "p" : "1.2002",
      "s" : "buy",
      "i" : "EIGEN_USD",
      "m" : "4611686018427717587"
    }, {
      "d" : "1756459321197598652",
      "t" : 1756459321197,
      "tn" : 1756459321197598652,
      "q" : "16.7",
      "p" : "1.2027",
      "s" : "buy",
      "i" : "EIGEN_USD",
      "m" : "4611686018427717586"
    }, {
      "d" : "1756459211293265595",
      "t" : 1756459211293,
      "tn" : 1756459211293265595,
      "q" : "403.6",
      "p" : "1.2000",
      "s" : "buy",
      "i" : "EIGEN_USD",
      "m" : "4611686018427717585"
    }, {
      "d" : "1756458163960090484",
      "t" : 1756458163960,
      "tn" : 1756458163960090484,
      "q" : "9.6",
      "p" : "1.1915",
      "s" : "sell",
      "i" : "EIGEN_USD",
      "m" : "4611686018427717584"
    }, {
      "d" : "1756457577180921580",
      "t" : 1756457577180,
      "tn" : 1756457577180921580,
      "q" : "9.6",
      "p" : "1.1987",
      "s" : "sell",
      "i" : "EIGEN_USD",
      "m" : "4611686018427717583"
    }, {
      "d" : "1756457577173819258",
      "t" : 1756457577173,
      "tn" : 1756457577173819258,
      "q" : "383.6",
      "p" : "1.2008",
      "s" : "sell",
      "i" : "EIGEN_USD",
      "m" : "4611686018427717582"
    }, {
      "d" : "1756457288361349782",
      "t" : 1756457288361,
      "tn" : 1756457288361349782,
      "q" : "29.5",
      "p" : "1.2065",
      "s" : "buy",
      "i" : "EIGEN_USD",
      "m" : "4611686018427717581"
    }, {
      "d" : "1756457151049216063",
      "t" : 1756457151049,
      "tn" : 1756457151049216063,
      "q" : "203.3",
      "p" : "1.2080",
      "s" : "buy",
      "i" : "EIGEN_USD",
      "m" : "4611686018427717580"
    }, {
      "d" : "1756456561380529144",
      "t" : 1756456561380,
      "tn" : 1756456561380529144,
      "q" : "9.9",
      "p" : "1.2080",
      "s" : "sell",
      "i" : "EIGEN_USD",
      "m" : "4611686018427717579"
    }, {
      "d" : "1756456171150582427",
      "t" : 1756456171150,
      "tn" : 1756456171150582427,
      "q" : "392.9",
      "p" : "1.2085",
      "s" : "buy",
      "i" : "EIGEN_USD",
      "m" : "4611686018427717578"
    }, {
      "d" : "1756456171150579305",
      "t" : 1756456171150,
      "tn" : 1756456171150579305,
      "q" : "207.1",
      "p" : "1.2082",
      "s" : "buy",
      "i" : "EIGEN_USD",
      "m" : "4611686018427717577"
    }, {
      "d" : "1756452747374922463",
      "t" : 1756452747374,
      "tn" : 1756452747374922463,
      "q" : "81.0",
      "p" : "1.2252",
      "s" : "buy",
      "i" : "EIGEN_USD",
      "m" : "4611686018427717576"
    }, {
      "d" : "1756452747374373362",
      "t" : 1756452747374,
      "tn" : 1756452747374373362,
      "q" : "39.9",
      "p" : "1.2252",
      "s" : "buy",
      "i" : "EIGEN_USD",
      "m" : "4611686018427717575"
    }, {
      "d" : "1756452747365007181",
      "t" : 1756452747365,
      "tn" : 1756452747365007181,
      "q" : "163.9",
      "p" : "1.2219",
      "s" : "buy",
      "i" : "EIGEN_USD",
      "m" : "4611686018427717574"
    }, {
      "d" : "1756450899145163275",
      "t" : 1756450899145,
      "tn" : 1756450899145163275,
      "q" : "113.9",
      "p" : "1.2346",
      "s" : "sell",
      "i" : "EIGEN_USD",
      "m" : "4611686018427717573"
    }, {
      "d" : "1756450898289071640",
      "t" : 1756450898289,
      "tn" : 1756450898289071639,
      "q" : "121.2",
      "p" : "1.2346",
      "s" : "sell",
      "i" : "EIGEN_USD",
      "m" : "4611686018427717572"
    }, {
      "d" : "1756450898289071639",
      "t" : 1756450898289,
      "tn" : 1756450898289071639,
      "q" : "205.7",
      "p" : "1.2346",
      "s" : "sell",
      "i" : "EIGEN_USD",
      "m" : "4611686018427717572"
    }, {
      "d" : "1756450897690005919",
      "t" : 1756450897690,
      "tn" : 1756450897690005919,
      "q" : "95.5",
      "p" : "1.2346",
      "s" : "sell",
      "i" : "EIGEN_USD",
      "m" : "4611686018427717571"
    }, {
      "d" : "1756450897690003632",
      "t" : 1756450897690,
      "tn" : 1756450897690003632,
      "q" : "0.1",
      "p" : "1.2359",
      "s" : "sell",
      "i" : "EIGEN_USD",
      "m" : "4611686018427717570"
    }, {
      "d" : "1756450897603360713",
      "t" : 1756450897603,
      "tn" : 1756450897603360713,
      "q" : "137.6",
      "p" : "1.2359",
      "s" : "sell",
      "i" : "EIGEN_USD",
      "m" : "4611686018427717569"
    }, {
      "d" : "1756450897294083034",
      "t" : 1756450897294,
      "tn" : 1756450897294083034,
      "q" : "326.6",
      "p" : "1.2359",
      "s" : "sell",
      "i" : "EIGEN_USD",
      "m" : "4611686018427717568"
    }, {
      "d" : "1756450897103136942",
      "t" : 1756450897103,
      "tn" : 1756450897103136942,
      "q" : "270.4",
      "p" : "1.2359",
      "s" : "sell",
      "i" : "EIGEN_USD",
      "m" : "4611686018427717567"
    }, {
      "d" : "1756450073626336656",
      "t" : 1756450073626,
      "tn" : 1756450073626336656,
      "q" : "18.9",
      "p" : "1.2489",
      "s" : "sell",
      "i" : "EIGEN_USD",
      "m" : "4611686018427717566"
    }, {
      "d" : "1756450073626332482",
      "t" : 1756450073626,
      "tn" : 1756450073626332482,
      "q" : "81.5",
      "p" : "1.2489",
      "s" : "sell",
      "i" : "EIGEN_USD",
      "m" : "4611686018427717565"
    }, {
      "d" : "1756450073626236451",
      "t" : 1756450073626,
      "tn" : 1756450073626236451,
      "q" : "400.4",
      "p" : "1.2489",
      "s" : "sell",
      "i" : "EIGEN_USD",
      "m" : "4611686018427717564"
    }, {
      "d" : "1756450073617276692",
      "t" : 1756450073617,
      "tn" : 1756450073617276692,
      "q" : "8.9",
      "p" : "1.2489",
      "s" : "buy",
      "i" : "EIGEN_USD",
      "m" : "4611686018427717563"
    }, {
      "d" : "1756449602139175559",
      "t" : 1756449602139,
      "tn" : 1756449602139175559,
      "q" : "9.3",
      "p" : "1.2369",
      "s" : "sell",
      "i" : "EIGEN_USD",
      "m" : "4611686018427717562"
    }, {
      "d" : "1756449547806896005",
      "t" : 1756449547806,
      "tn" : 1756449547806896005,
      "q" : "10.1",
      "p" : "1.2385",
      "s" : "sell",
      "i" : "EIGEN_USD",
      "m" : "4611686018427717561"
    }, {
      "d" : "1756448781067382022",
      "t" : 1756448781067,
      "tn" : 1756448781067382022,
      "q" : "16.3",
      "p" : "1.2429",
      "s" : "sell",
      "i" : "EIGEN_USD",
      "m" : "4611686018427717560"
    }, {
      "d" : "1756447585243285558",
      "t" : 1756447585243,
      "tn" : 1756447585243285558,
      "q" : "184.4",
      "p" : "1.2511",
      "s" : "sell",
      "i" : "EIGEN_USD",
      "m" : "4611686018427717559"
    }, {
      "d" : "1756445688754890649",
      "t" : 1756445688754,
      "tn" : 1756445688754890649,
      "q" : "31.0",
      "p" : "1.2555",
      "s" : "sell",
      "i" : "EIGEN_USD",
      "m" : "4611686018427717558"
    }, {
      "d" : "1756441119170889632",
      "t" : 1756441119170,
      "tn" : 1756441119170889632,
      "q" : "10.3",
      "p" : "1.2627",
      "s" : "buy",
      "i" : "EIGEN_USD",
      "m" : "4611686018427717557"
    }, {
      "d" : "1756440429709224553",
      "t" : 1756440429709,
      "tn" : 1756440429709224553,
      "q" : "8.8",
      "p" : "1.2602",
      "s" : "sell",
      "i" : "EIGEN_USD",
      "m" : "4611686018427717556"
    }, {
      "d" : "1756440082426035095",
      "t" : 1756440082426,
      "tn" : 1756440082426035095,
      "q" : "181.5",
      "p" : "1.2640",
      "s" : "sell",
      "i" : "EIGEN_USD",
      "m" : "4611686018427717555"
    }, {
      "d" : "1756439711799978115",
      "t" : 1756439711799,
      "tn" : 1756439711799978115,
      "q" : "12.9",
      "p" : "1.2682",
      "s" : "buy",
      "i" : "EIGEN_USD",
      "m" : "4611686018427717554"
    }, {
      "d" : "1756439384746060878",
      "t" : 1756439384746,
      "tn" : 1756439384746060878,
      "q" : "198.2",
      "p" : "1.2600",
      "s" : "sell",
      "i" : "EIGEN_USD",
      "m" : "4611686018427717553"
    }, {
      "d" : "1756439122607223245",
      "t" : 1756439122607,
      "tn" : 1756439122607223245,
      "q" : "198.4",
      "p" : "1.2589",
      "s" : "sell",
      "i" : "EIGEN_USD",
      "m" : "4611686018427717552"
    }, {
      "d" : "1756439049117139095",
      "t" : 1756439049117,
      "tn" : 1756439049117139095,
      "q" : "198.2",
      "p" : "1.2600",
      "s" : "sell",
      "i" : "EIGEN_USD",
      "m" : "4611686018427717551"
    }, {
      "d" : "1756438890842696845",
      "t" : 1756438890842,
      "tn" : 1756438890842696845,
      "q" : "203.7",
      "p" : "1.2618",
      "s" : "buy",
      "i" : "EIGEN_USD",
      "m" : "4611686018427717550"
    }, {
      "d" : "1756438890842628391",
      "t" : 1756438890842,
      "tn" : 1756438890842628391,
      "q" : "792.5",
      "p" : "1.2618",
      "s" : "buy",
      "i" : "EIGEN_USD",
      "m" : "4611686018427717549"
    }, {
      "d" : "1756438890840889757",
      "t" : 1756438890840,
      "tn" : 1756438890840889757,
      "q" : "197.9",
      "p" : "1.2618",
      "s" : "sell",
      "i" : "EIGEN_USD",
      "m" : "4611686018427717548"
    }, {
      "d" : "1756434273101423348",
      "t" : 1756434273101,
      "tn" : 1756434273101423348,
      "q" : "16.1",
      "p" : "1.2683",
      "s" : "buy",
      "i" : "EIGEN_USD",
      "m" : "4611686018427717547"
    }, {
      "d" : "1756432873092157412",
      "t" : 1756432873092,
      "tn" : 1756432873092157412,
      "q" : "32.2",
      "p" : "1.2501",
      "s" : "sell",
      "i" : "EIGEN_USD",
      "m" : "4611686018427717546"
    }, {
      "d" : "1756430875989850788",
      "t" : 1756430875989,
      "tn" : 1756430875989850788,
      "q" : "2.0",
      "p" : "1.2507",
      "s" : "sell",
      "i" : "EIGEN_USD",
      "m" : "4611686018427717545"
    }, {
      "d" : "1756427413961277526",
      "t" : 1756427413961,
      "tn" : 1756427413961277526,
      "q" : "9.3",
      "p" : "1.2747",
      "s" : "sell",
      "i" : "EIGEN_USD",
      "m" : "4611686018427717544"
    }, {
      "d" : "1756425678078566136",
      "t" : 1756425678078,
      "tn" : 1756425678078566136,
      "q" : "9.3",
      "p" : "1.2750",
      "s" : "buy",
      "i" : "EIGEN_USD",
      "m" : "4611686018427717543"
    }, {
      "d" : "1756422762687252456",
      "t" : 1756422762687,
      "tn" : 1756422762687252456,
      "q" : "637.1",
      "p" : "1.2658",
      "s" : "sell",
      "i" : "EIGEN_USD",
      "m" : "4611686018427717542"
    }, {
      "d" : "1756421028440193412",
      "t" : 1756421028440,
      "tn" : 1756421028440193412,
      "q" : "180.2",
      "p" : "1.2680",
      "s" : "sell",
      "i" : "EIGEN_USD",
      "m" : "4611686018427717541"
    }, {
      "d" : "1756419315999291721",
      "t" : 1756419315999,
      "tn" : 1756419315999291721,
      "q" : "632.7",
      "p" : "1.2642",
      "s" : "buy",
      "i" : "EIGEN_USD",
      "m" : "4611686018427717540"
    }, {
      "d" : "1756419315998446895",
      "t" : 1756419315998,
      "tn" : 1756419315998446895,
      "q" : "173.1",
      "p" : "1.2634",
      "s" : "buy",
      "i" : "EIGEN_USD",
      "m" : "4611686018427717539"
    }, {
      "d" : "1756416839195679902",
      "t" : 1756416839195,
      "tn" : 1756416839195679902,
      "q" : "45.7",
      "p" : "1.2477",
      "s" : "sell",
      "i" : "EIGEN_USD",
      "m" : "4611686018427717538"
    }, {
      "d" : "1756416839190318668",
      "t" : 1756416839190,
      "tn" : 1756416839190318668,
      "q" : "33.6",
      "p" : "1.2477",
      "s" : "buy",
      "i" : "EIGEN_USD",
      "m" : "4611686018427717537"
    }, {
      "d" : "1756416488841335097",
      "t" : 1756416488841,
      "tn" : 1756416488841335097,
      "q" : "24.2",
      "p" : "1.2461",
      "s" : "buy",
      "i" : "EIGEN_USD",
      "m" : "4611686018427717536"
    }, {
      "d" : "1756413720408268269",
      "t" : 1756413720408,
      "tn" : 1756413720408268269,
      "q" : "6.4",
      "p" : "1.2380",
      "s" : "sell",
      "i" : "EIGEN_USD",
      "m" : "4611686018427717535"
    }, {
      "d" : "1756412436740347622",
      "t" : 1756412436740,
      "tn" : 1756412436740347622,
      "q" : "8.9",
      "p" : "1.2384",
      "s" : "buy",
      "i" : "EIGEN_USD",
      "m" : "4611686018427717534"
    }, {
      "d" : "1756410425843056055",
      "t" : 1756410425843,
      "tn" : 1756410425843056055,
      "q" : "26.0",
      "p" : "1.2431",
      "s" : "buy",
      "i" : "EIGEN_USD",
      "m" : "4611686018427717533"
    }, {
      "d" : "1756410203640485880",
      "t" : 1756410203640,
      "tn" : 1756410203640485880,
      "q" : "16.3",
      "p" : "1.2366",
      "s" : "sell",
      "i" : "EIGEN_USD",
      "m" : "4611686018427717532"
    }, {
      "d" : "1756408275257772264",
      "t" : 1756408275257,
      "tn" : 1756408275257772264,
      "q" : "1.4",
      "p" : "1.2548",
      "s" : "sell",
      "i" : "EIGEN_USD",
      "m" : "4611686018427717531"
    }, {
      "d" : "1756408233610592200",
      "t" : 1756408233610,
      "tn" : 1756408233610592200,
      "q" : "102.0",
      "p" : "1.2586",
      "s" : "buy",
      "i" : "EIGEN_USD",
      "m" : "4611686018427717530"
    }, {
      "d" : "1756406126571705891",
      "t" : 1756406126571,
      "tn" : 1756406126571705891,
      "q" : "14.0",
      "p" : "1.2508",
      "s" : "sell",
      "i" : "EIGEN_USD",
      "m" : "4611686018427717529"
    }, {
      "d" : "1756401405685451802",
      "t" : 1756401405685,
      "tn" : 1756401405685451802,
      "q" : "60.4",
      "p" : "1.2409",
      "s" : "sell",
      "i" : "EIGEN_USD",
      "m" : "4611686018427717528"
    }, {
      "d" : "1756400375047620916",
      "t" : 1756400375047,
      "tn" : 1756400375047620916,
      "q" : "9.3",
      "p" : "1.2369",
      "s" : "sell",
      "i" : "EIGEN_USD",
      "m" : "4611686018427717527"
    }, {
      "d" : "1756400365123122944",
      "t" : 1756400365123,
      "tn" : 1756400365123122944,
      "q" : "256.1",
      "p" : "1.2385",
      "s" : "buy",
      "i" : "EIGEN_USD",
      "m" : "4611686018427717526"
    }, {
      "d" : "1756400365122006810",
      "t" : 1756400365122,
      "tn" : 1756400365122006810,
      "q" : "8.9",
      "p" : "1.2385",
      "s" : "sell",
      "i" : "EIGEN_USD",
      "m" : "4611686018427717525"
    }, {
      "d" : "1756391189082782784",
      "t" : 1756391189082,
      "tn" : 1756391189082782784,
      "q" : "312.2",
      "p" : "1.2653",
      "s" : "sell",
      "i" : "EIGEN_USD",
      "m" : "4611686018427717524"
    }, {
      "d" : "1756391185450848608",
      "t" : 1756391185450,
      "tn" : 1756391185450848608,
      "q" : "392.8",
      "p" : "1.2654",
      "s" : "sell",
      "i" : "EIGEN_USD",
      "m" : "4611686018427717523"
    }, {
      "d" : "1756391185450847026",
      "t" : 1756391185450,
      "tn" : 1756391185450847026,
      "q" : "53.0",
      "p" : "1.2657",
      "s" : "sell",
      "i" : "EIGEN_USD",
      "m" : "4611686018427717522"
    }, {
      "d" : "1756391185358850330",
      "t" : 1756391185358,
      "tn" : 1756391185358850330,
      "q" : "420.3",
      "p" : "1.2657",
      "s" : "sell",
      "i" : "EIGEN_USD",
      "m" : "4611686018427717521"
    }, {
      "d" : "1756391185358418773",
      "t" : 1756391185358,
      "tn" : 1756391185358418773,
      "q" : "302.9",
      "p" : "1.2657",
      "s" : "sell",
      "i" : "EIGEN_USD",
      "m" : "4611686018427717520"
    }, {
      "d" : "1756390747516765894",
      "t" : 1756390747516,
      "tn" : 1756390747516765894,
      "q" : "52.2",
      "p" : "1.2822",
      "s" : "sell",
      "i" : "EIGEN_USD",
      "m" : "4611686018427717519"
    }, {
      "d" : "1756390598296240965",
      "t" : 1756390598296,
      "tn" : 1756390598296240965,
      "q" : "462.8",
      "p" : "1.2854",
      "s" : "buy",
      "i" : "EIGEN_USD",
      "m" : "4611686018427717518"
    }, {
      "d" : "1756390596924572706",
      "t" : 1756390596924,
      "tn" : 1756390596924572706,
      "q" : "216.5",
      "p" : "1.2854",
      "s" : "buy",
      "i" : "EIGEN_USD",
      "m" : "4611686018427717517"
    }, {
      "d" : "1756390596768259114",
      "t" : 1756390596768,
      "tn" : 1756390596768259114,
      "q" : "89.9",
      "p" : "1.2854",
      "s" : "buy",
      "i" : "EIGEN_USD",
      "m" : "4611686018427717516"
    }, {
      "d" : "1756390475263222858",
      "t" : 1756390475263,
      "tn" : 1756390475263222858,
      "q" : "60.7",
      "p" : "1.2749",
      "s" : "sell",
      "i" : "EIGEN_USD",
      "m" : "4611686018427717515"
    }, {
      "d" : "1756389686777167013",
      "t" : 1756389686777,
      "tn" : 1756389686777167013,
      "q" : "758.8",
      "p" : "1.2682",
      "s" : "sell",
      "i" : "EIGEN_USD",
      "m" : "4611686018427717514"
    }, {
      "d" : "1756389278504618802",
      "t" : 1756389278504,
      "tn" : 1756389278504618802,
      "q" : "12.2",
      "p" : "1.2699",
      "s" : "buy",
      "i" : "EIGEN_USD",
      "m" : "4611686018427717513"
    }, {
      "d" : "1756389063987168791",
      "t" : 1756389063987,
      "tn" : 1756389063987168791,
      "q" : "781.6",
      "p" : "1.2728",
      "s" : "buy",
      "i" : "EIGEN_USD",
      "m" : "4611686018427717512"
    }, {
      "d" : "1756388164354598600",
      "t" : 1756388164354,
      "tn" : 1756388164354598600,
      "q" : "396.5",
      "p" : "1.2755",
      "s" : "buy",
      "i" : "EIGEN_USD",
      "m" : "4611686018427717511"
    }, {
      "d" : "1756387615130433650",
      "t" : 1756387615130,
      "tn" : 1756387615130433650,
      "q" : "75.7",
      "p" : "1.2735",
      "s" : "buy",
      "i" : "EIGEN_USD",
      "m" : "4611686018427717510"
    }, {
      "d" : "1756387491747063952",
      "t" : 1756387491747,
      "tn" : 1756387491747063952,
      "q" : "22.3",
      "p" : "1.2722",
      "s" : "sell",
      "i" : "EIGEN_USD",
      "m" : "4611686018427717509"
    }, {
      "d" : "1756385021519447159",
      "t" : 1756385021519,
      "tn" : 1756385021519447159,
      "q" : "19.9",
      "p" : "1.2772",
      "s" : "buy",
      "i" : "EIGEN_USD",
      "m" : "4611686018427717508"
    }, {
      "d" : "1756384840555632207",
      "t" : 1756384840555,
      "tn" : 1756384840555632207,
      "q" : "9.3",
      "p" : "1.2750",
      "s" : "buy",
      "i" : "EIGEN_USD",
      "m" : "4611686018427717507"
    }, {
      "d" : "1756384294505318842",
      "t" : 1756384294505,
      "tn" : 1756384294505318842,
      "q" : "0.1",
      "p" : "1.2717",
      "s" : "buy",
      "i" : "EIGEN_USD",
      "m" : "4611686018427717506"
    }, {
      "d" : "1756384293935837063",
      "t" : 1756384293935,
      "tn" : 1756384293935837063,
      "q" : "809.3",
      "p" : "1.2717",
      "s" : "buy",
      "i" : "EIGEN_USD",
      "m" : "4611686018427717505"
    }, {
      "d" : "1756384293321989022",
      "t" : 1756384293321,
      "tn" : 1756384293321989022,
      "q" : "709.2",
      "p" : "1.2716",
      "s" : "buy",
      "i" : "EIGEN_USD",
      "m" : "4611686018427717504"
    }, {
      "d" : "1756384263562507345",
      "t" : 1756384263562,
      "tn" : 1756384263562507345,
      "q" : "178.5",
      "p" : "1.2674",
      "s" : "sell",
      "i" : "EIGEN_USD",
      "m" : "4611686018427717503"
    }, {
      "d" : "1756384262516572316",
      "t" : 1756384262516,
      "tn" : 1756384262516572316,
      "q" : "668.2",
      "p" : "1.2674",
      "s" : "sell",
      "i" : "EIGEN_USD",
      "m" : "4611686018427717502"
    }, {
      "d" : "1756382945046897324",
      "t" : 1756382945046,
      "tn" : 1756382945046897324,
      "q" : "0.1",
      "p" : "1.2681",
      "s" : "buy",
      "i" : "EIGEN_USD",
      "m" : "4611686018427717501"
    }, {
      "d" : "1756382895918915305",
      "t" : 1756382895918,
      "tn" : 1756382895918915305,
      "q" : "315.3",
      "p" : "1.2681",
      "s" : "buy",
      "i" : "EIGEN_USD",
      "m" : "4611686018427717500"
    }, {
      "d" : "1756382888422109573",
      "t" : 1756382888422,
      "tn" : 1756382888422109573,
      "q" : "448.5",
      "p" : "1.2681",
      "s" : "buy",
      "i" : "EIGEN_USD",
      "m" : "4611686018427717499"
    }, {
      "d" : "1756378083041530580",
      "t" : 1756378083041,
      "tn" : 1756378083041530580,
      "q" : "10.4",
      "p" : "1.2601",
      "s" : "buy",
      "i" : "EIGEN_USD",
      "m" : "4611686018427717498"
    } ]
  }
}