{
  "id" : -1,
  "method" : "public/get-trades",
  "code" : 0,
  "result" : {
    "data" : [ {
      "d" : "1756460584136930876",
      "t" : 1756460584136,
      "tn" : 1756460584136930876,
      "q" : "609000000",
      "p" : "0.00000009854",
      "s" : "sell",
      "i" : "ELON_USD",
      "m" : "4611686018431086466"
    }, {
      "d" : "1756460576578314679",
      "t" : 1756460576578,
      "tn" : 1756460576578314679,
      "q" : "492000000",
      "p" : "0.00000009977",
      "s" : "sell",
      "i" : "ELON_USD",
      "m" : "4611686018431086465"
    }, {
      "d" : "1756460576565045012",
      "t" : 1756460576565,
      "tn" : 1756460576565045012,
      "q" : "2005000000",
      "p" : "0.00000009977",
      "s" : "sell",
      "i" : "ELON_USD",
      "m" : "4611686018431086464"
    }, {
      "d" : "1756460111748205805",
      "t" : 1756460111748,
      "tn" : 1756460111748205805,
      "q" : "1810000000",
      "p" : "0.00000009935",
      "s" : "buy",
      "i" : "ELON_USD",
      "m" : "4611686018431086463"
    }, {
      "d" : "1756460100809006813",
      "t" : 1756460100809,
      "tn" : 1756460100809006813,
      "q" : "742000000",
      "p" : "0.00000009895",
      "s" : "sell",
      "i" : "ELON_USD",
      "m" : "4611686018431086462"
    }, {
      "d" : "1756460100752005538",
      "t" : 1756460100752,
      "tn" : 1756460100752005538,
      "q" : "742000000",
      "p" : "0.00000009894",
      "s" : "sell",
      "i" : "ELON_USD",
      "m" : "4611686018431086461"
    }, {
      "d" : "1756459908920989305",
      "t" : 1756459908920,
      "tn" : 1756459908920989305,
      "q" : "712000000",
      "p" : "0.00000009923",
      "s" : "sell",
      "i" : "ELON_USD",
      "m" : "4611686018431086460"
    }, {
      "d" : "1756459908900689852",
      "t" : 1756459908900,
      "tn" : 1756459908900689852,
      "q" : "363000000",
      "p" : "0.00000009923",
      "s" : "sell",
      "i" : "ELON_USD",
      "m" : "4611686018431086459"
    }, {
      "d" : "1756459875155021009",
      "t" : 1756459875155,
      "tn" : 1756459875155021009,
      "q" : "1074000000",
      "p" : "0.00000009903",
      "s" : "sell",
      "i" : "ELON_USD",
      "m" : "4611686018431086458"
    }, {
      "d" : "1756459795980315914",
      "t" : 1756459795980,
      "tn" : 1756459795980315914,
      "q" : "1072000000",
      "p" : "0.00000009923",
      "s" : "buy",
      "i" : "ELON_USD",
      "m" : "4611686018431086457"
    }, {
      "d" : "1756459154631404265",
      "t" : 1756459154631,
      "tn" : 1756459154631404265,
      "q" : "797000000",
      "p" : "0.00000009928",
      "s" : "sell",
      "i" : "ELON_USD",
      "m" : "4611686018431086456"
    }, {
      "d" : "1756459154611257765",
      "t" : 1756459154611,
      "tn" : 1756459154611257765,
      "q" : "1364000000",
      "p" : "0.00000009928",
      "s" : "sell",
      "i" : "ELON_USD",
      "m" : "4611686018431086455"
    }, {
      "d" : "1756459154611205874",
      "t" : 1756459154611,
      "tn" : 1756459154611205874,
      "q" : "582000000",
      "p" : "0.00000009928",
      "s" : "sell",
      "i" : "ELON_USD",
      "m" : "4611686018431086454"
    }, {
      "d" : "1756459154608320268",
      "t" : 1756459154608,
      "tn" : 1756459154608320268,
      "q" : "1148000000",
      "p" : "0.00000009928",
      "s" : "sell",
      "i" : "ELON_USD",
      "m" : "4611686018431086453"
    }, {
      "d" : "1756459154606187949",
      "t" : 1756459154606,
      "tn" : 1756459154606187949,
      "q" : "582000000",
      "p" : "0.00000009928",
      "s" : "sell",
      "i" : "ELON_USD",
      "m" : "4611686018431086452"
    }, {
      "d" : "1756458786401708760",
      "t" : 1756458786401,
      "tn" : 1756458786401708760,
      "q" : "231000000",
      "p" : "0.00000009857",
      "s" : "buy",
      "i" : "ELON_USD",
      "m" : "4611686018431086451"
    }, {
      "d" : "1756458786338576170",
      "t" : 1756458786338,
      "tn" : 1756458786338576170,
      "q" : "913000000",
      "p" : "0.00000009857",
      "s" : "buy",
      "i" : "ELON_USD",
      "m" : "4611686018431086450"
    }, {
      "d" : "1756458786267329693",
      "t" : 1756458786267,
      "tn" : 1756458786267329693,
      "q" : "739000000",
      "p" : "0.00000009857",
      "s" : "buy",
      "i" : "ELON_USD",
      "m" : "4611686018431086449"
    }, {
      "d" : "1756458676596217316",
      "t" : 1756458676596,
      "tn" : 1756458676596217316,
      "q" : "2143000000",
      "p" : "0.00000009947",
      "s" : "buy",
      "i" : "ELON_USD",
      "m" : "4611686018431086448"
    }, {
      "d" : "1756458467036521053",
      "t" : 1756458467036,
      "tn" : 1756458467036521053,
      "q" : "98000000",
      "p" : "0.00000009859",
      "s" : "sell",
      "i" : "ELON_USD",
      "m" : "4611686018431086447"
    }, {
      "d" : "1756458466977889963",
      "t" : 1756458466977,
      "tn" : 1756458466977889963,
      "q" : "2048000000",
      "p" : "0.00000009859",
      "s" : "sell",
      "i" : "ELON_USD",
      "m" : "4611686018431086446"
    }, {
      "d" : "1756458389109096452",
      "t" : 1756458389109,
      "tn" : 1756458389109096452,
      "q" : "6424000000",
      "p" : "0.00000009870",
      "s" : "buy",
      "i" : "ELON_USD",
      "m" : "4611686018431086445"
    }, {
      "d" : "1756458335290103649",
      "t" : 1756458335290,
      "tn" : 1756458335290103649,
      "q" : "3495000000",
      "p" : "0.00000009843",
      "s" : "sell",
      "i" : "ELON_USD",
      "m" : "4611686018431086444"
    }, {
      "d" : "1756458079801017461",
      "t" : 1756458079801,
      "tn" : 1756458079801017461,
      "q" : "917000000",
      "p" : "0.00000009868",
      "s" : "sell",
      "i" : "ELON_USD",
      "m" : "4611686018431086443"
    }, {
      "d" : "1756458070738209560",
      "t" : 1756458070738,
      "tn" : 1756458070738209560,
      "q" : "407000000",
      "p" : "0.00000009884",
      "s" : "sell",
      "i" : "ELON_USD",
      "m" : "4611686018431086442"
    }, {
      "d" : "1756457977942486365",
      "t" : 1756457977942,
      "tn" : 1756457977942486365,
      "q" : "407000000",
      "p" : "0.00000009861",
      "s" : "sell",
      "i" : "ELON_USD",
      "m" : "4611686018431086441"
    }, {
      "d" : "1756457973191404377",
      "t" : 1756457973191,
      "tn" : 1756457973191404377,
      "q" : "2000000",
      "p" : "0.00000010012",
      "s" : "buy",
      "i" : "ELON_USD",
      "m" : "4611686018431086440"
    }, {
      "d" : "1756457967866050854",
      "t" : 1756457967866,
      "tn" : 1756457967866050854,
      "q" : "407000000",
      "p" : "0.00000009888",
      "s" : "sell",
      "i" : "ELON_USD",
      "m" : "4611686018431086439"
    }, {
      "d" : "1756457953354666243",
      "t" : 1756457953354,
      "tn" : 1756457953354666243,
      "q" : "47000000",
      "p" : "0.00000009855",
      "s" : "sell",
      "i" : "ELON_USD",
      "m" : "4611686018431086438"
    }, {
      "d" : "1756457953354662764",
      "t" : 1756457953354,
      "tn" : 1756457953354662764,
      "q" : "4526000000",
      "p" : "0.00000009901",
      "s" : "sell",
      "i" : "ELON_USD",
      "m" : "4611686018431086437"
    }, {
      "d" : "1756457945483975327",
      "t" : 1756457945483,
      "tn" : 1756457945483975327,
      "q" : "408000000",
      "p" : "0.00000009895",
      "s" : "sell",
      "i" : "ELON_USD",
      "m" : "4611686018431086436"
    }, {
      "d" : "1756457932795802348",
      "t" : 1756457932795,
      "tn" : 1756457932795802348,
      "q" : "918000000",
      "p" : "0.00000009812",
      "s" : "sell",
      "i" : "ELON_USD",
      "m" : "4611686018431086435"
    }, {
      "d" : "1756457923724812830",
      "t" : 1756457923724,
      "tn" : 1756457923724812830,
      "q" : "920000000",
      "p" : "0.00000009870",
      "s" : "sell",
      "i" : "ELON_USD",
      "m" : "4611686018431086434"
    }, {
      "d" : "1756457914785881584",
      "t" : 1756457914785,
      "tn" : 1756457914785881584,
      "q" : "916000000",
      "p" : "0.00000009890",
      "s" : "sell",
      "i" : "ELON_USD",
      "m" : "4611686018431086433"
    }, {
      "d" : "1756456747807171983",
      "t" : 1756456747807,
      "tn" : 1756456747807171983,
      "q" : "5491000000",
      "p" : "0.00000009982",
      "s" : "sell",
      "i" : "ELON_USD",
      "m" : "4611686018431086432"
    }, {
      "d" : "1756456611710466652",
      "t" : 1756456611710,
      "tn" : 1756456611710466652,
      "q" : "2645000000",
      "p" : "0.00000009941",
      "s" : "buy",
      "i" : "ELON_USD",
      "m" : "4611686018431086431"
    }, {
      "d" : "1756456594355391629",
      "t" : 1756456594355,
      "tn" : 1756456594355391629,
      "q" : "3537000000",
      "p" : "0.00000009918",
      "s" : "buy",
      "i" : "ELON_USD",
      "m" : "4611686018431086430"
    }, {
      "d" : "1756456592335156899",
      "t" : 1756456592335,
      "tn" : 1756456592335156899,
      "q" : "1112000000",
      "p" : "0.00000009917",
      "s" : "buy",
      "i" : "ELON_USD",
      "m" : "4611686018431086429"
    }, {
      "d" : "1756456592335153393",
      "t" : 1756456592335,
      "tn" : 1756456592335153393,
      "q" : "973000000",
      "p" : "0.00000009916",
      "s" : "buy",
      "i" : "ELON_USD",
      "m" : "4611686018431086428"
    }, {
      "d" : "1756456590846941646",
      "t" : 1756456590846,
      "tn" : 1756456590846941646,
      "q" : "1946000000",
      "p" : "0.00000009919",
      "s" : "buy",
      "i" : "ELON_USD",
      "m" : "4611686018431086427"
    }, {
      "d" : "1756456590846938100",
      "t" : 1756456590846,
      "tn" : 1756456590846938100,
      "q" : "3468000000",
      "p" : "0.00000009918",
      "s" : "buy",
      "i" : "ELON_USD",
      "m" : "4611686018431086426"
    }, {
      "d" : "1756456535679203683",
      "t" : 1756456535679,
      "tn" : 1756456535679203683,
      "q" : "50000000",
      "p" : "0.00000009926",
      "s" : "buy",
      "i" : "ELON_USD",
      "m" : "4611686018431086425"
    }, {
      "d" : "1756456526192513455",
      "t" : 1756456526192,
      "tn" : 1756456526192513455,
      "q" : "408000000",
      "p" : "0.00000009923",
      "s" : "sell",
      "i" : "ELON_USD",
      "m" : "4611686018431086424"
    }, {
      "d" : "1756456522710444199",
      "t" : 1756456522710,
      "tn" : 1756456522710444199,
      "q" : "519000000",
      "p" : "0.00000009924",
      "s" : "buy",
      "i" : "ELON_USD",
      "m" : "4611686018431086423"
    }, {
      "d" : "1756456310061958828",
      "t" : 1756456310061,
      "tn" : 1756456310061958828,
      "q" : "408000000",
      "p" : "0.00000009868",
      "s" : "sell",
      "i" : "ELON_USD",
      "m" : "4611686018431086422"
    }, {
      "d" : "1756456296500897485",
      "t" : 1756456296500,
      "tn" : 1756456296500897485,
      "q" : "408000000",
      "p" : "0.00000009827",
      "s" : "sell",
      "i" : "ELON_USD",
      "m" : "4611686018431086421"
    }, {
      "d" : "1756456284841793546",
      "t" : 1756456284841,
      "tn" : 1756456284841793546,
      "q" : "408000000",
      "p" : "0.00000009829",
      "s" : "sell",
      "i" : "ELON_USD",
      "m" : "4611686018431086420"
    }, {
      "d" : "1756456110790440018",
      "t" : 1756456110790,
      "tn" : 1756456110790440018,
      "q" : "2168000000",
      "p" : "0.00000009953",
      "s" : "buy",
      "i" : "ELON_USD",
      "m" : "4611686018431086419"
    }, {
      "d" : "1756455576366650593",
      "t" : 1756455576366,
      "tn" : 1756455576366650593,
      "q" : "143000000",
      "p" : "0.00000009820",
      "s" : "sell",
      "i" : "ELON_USD",
      "m" : "4611686018431086418"
    }, {
      "d" : "1756455576366648904",
      "t" : 1756455576366,
      "tn" : 1756455576366648904,
      "q" : "208000000",
      "p" : "0.00000009881",
      "s" : "sell",
      "i" : "ELON_USD",
      "m" : "4611686018431086417"
    }, {
      "d" : "1756455576366646401",
      "t" : 1756455576366,
      "tn" : 1756455576366646401,
      "q" : "57000000",
      "p" : "0.00000009904",
      "s" : "sell",
      "i" : "ELON_USD",
      "m" : "4611686018431086416"
    }, {
      "d" : "1756455362256103636",
      "t" : 1756455362256,
      "tn" : 1756455362256103636,
      "q" : "408000000",
      "p" : "0.00000009888",
      "s" : "sell",
      "i" : "ELON_USD",
      "m" : "4611686018431086415"
    }, {
      "d" : "1756455194057125649",
      "t" : 1756455194057,
      "tn" : 1756455194057125649,
      "q" : "173000000",
      "p" : "0.00000009931",
      "s" : "buy",
      "i" : "ELON_USD",
      "m" : "4611686018431086414"
    }, {
      "d" : "1756455194020201019",
      "t" : 1756455194020,
      "tn" : 1756455194020201019,
      "q" : "173000000",
      "p" : "0.00000009928",
      "s" : "buy",
      "i" : "ELON_USD",
      "m" : "4611686018431086413"
    }, {
      "d" : "1756455171554435287",
      "t" : 1756455171554,
      "tn" : 1756455171554435286,
      "q" : "135000000",
      "p" : "0.00000009991",
      "s" : "buy",
      "i" : "ELON_USD",
      "m" : "4611686018431086412"
    }, {
      "d" : "1756455171554435286",
      "t" : 1756455171554,
      "tn" : 1756455171554435286,
      "q" : "1752000000",
      "p" : "0.00000009991",
      "s" : "buy",
      "i" : "ELON_USD",
      "m" : "4611686018431086412"
    }, {
      "d" : "1756455120855964533",
      "t" : 1756455120855,
      "tn" : 1756455120855964533,
      "q" : "112000000",
      "p" : "0.00000009920",
      "s" : "buy",
      "i" : "ELON_USD",
      "m" : "4611686018431086411"
    }, {
      "d" : "1756455120855960848",
      "t" : 1756455120855,
      "tn" : 1756455120855960848,
      "q" : "346000000",
      "p" : "0.00000009917",
      "s" : "buy",
      "i" : "ELON_USD",
      "m" : "4611686018431086410"
    }, {
      "d" : "1756455052537430926",
      "t" : 1756455052537,
      "tn" : 1756455052537430926,
      "q" : "252000000",
      "p" : "0.00000009910",
      "s" : "sell",
      "i" : "ELON_USD",
      "m" : "4611686018431086409"
    }, {
      "d" : "1756455052476161436",
      "t" : 1756455052476,
      "tn" : 1756455052476161435,
      "q" : "350000000",
      "p" : "0.00000009910",
      "s" : "sell",
      "i" : "ELON_USD",
      "m" : "4611686018431086408"
    }, {
      "d" : "1756455052476161435",
      "t" : 1756455052476,
      "tn" : 1756455052476161435,
      "q" : "54000000",
      "p" : "0.00000009910",
      "s" : "sell",
      "i" : "ELON_USD",
      "m" : "4611686018431086408"
    }, {
      "d" : "1756454962293426004",
      "t" : 1756454962293,
      "tn" : 1756454962293426004,
      "q" : "405000000",
      "p" : "0.00000009978",
      "s" : "sell",
      "i" : "ELON_USD",
      "m" : "4611686018431086407"
    }, {
      "d" : "1756454947519018711",
      "t" : 1756454947519,
      "tn" : 1756454947519018711,
      "q" : "404000000",
      "p" : "0.00000009977",
      "s" : "sell",
      "i" : "ELON_USD",
      "m" : "4611686018431086406"
    }, {
      "d" : "1756454905728810811",
      "t" : 1756454905728,
      "tn" : 1756454905728810811,
      "q" : "404000000",
      "p" : "0.00000009912",
      "s" : "sell",
      "i" : "ELON_USD",
      "m" : "4611686018431086405"
    }, {
      "d" : "1756454795942307384",
      "t" : 1756454795942,
      "tn" : 1756454795942307384,
      "q" : "909000000",
      "p" : "0.00000009954",
      "s" : "sell",
      "i" : "ELON_USD",
      "m" : "4611686018431086404"
    }, {
      "d" : "1756454742413495037",
      "t" : 1756454742413,
      "tn" : 1756454742413495037,
      "q" : "910000000",
      "p" : "0.00000009926",
      "s" : "sell",
      "i" : "ELON_USD",
      "m" : "4611686018431086403"
    }, {
      "d" : "1756454728364264948",
      "t" : 1756454728364,
      "tn" : 1756454728364264948,
      "q" : "910000000",
      "p" : "0.00000009919",
      "s" : "sell",
      "i" : "ELON_USD",
      "m" : "4611686018431086402"
    }, {
      "d" : "1756454567696191836",
      "t" : 1756454567696,
      "tn" : 1756454567696191836,
      "q" : "403000000",
      "p" : "0.00000009979",
      "s" : "sell",
      "i" : "ELON_USD",
      "m" : "4611686018431086401"
    }, {
      "d" : "1756454535338980248",
      "t" : 1756454535338,
      "tn" : 1756454535338980248,
      "q" : "1812000000",
      "p" : "0.00000009969",
      "s" : "sell",
      "i" : "ELON_USD",
      "m" : "4611686018431086400"
    }, {
      "d" : "1756454373192079118",
      "t" : 1756454373192,
      "tn" : 1756454373192079118,
      "q" : "1000000",
      "p" : "0.00000010024",
      "s" : "buy",
      "i" : "ELON_USD",
      "m" : "4611686018431086399"
    }, {
      "d" : "1756454292270429583",
      "t" : 1756454292270,
      "tn" : 1756454292270429583,
      "q" : "602000000",
      "p" : "0.00000009986",
      "s" : "buy",
      "i" : "ELON_USD",
      "m" : "4611686018431086398"
    }, {
      "d" : "1756453926175422602",
      "t" : 1756453926175,
      "tn" : 1756453926175422602,
      "q" : "401000000",
      "p" : "0.00000010029",
      "s" : "buy",
      "i" : "ELON_USD",
      "m" : "4611686018431086397"
    }, {
      "d" : "1756453923579628101",
      "t" : 1756453923579,
      "tn" : 1756453923579628101,
      "q" : "142000000",
      "p" : "0.00000009983",
      "s" : "sell",
      "i" : "ELON_USD",
      "m" : "4611686018431086396"
    }, {
      "d" : "1756453910136609644",
      "t" : 1756453910136,
      "tn" : 1756453910136609644,
      "q" : "902000000",
      "p" : "0.00000010088",
      "s" : "buy",
      "i" : "ELON_USD",
      "m" : "4611686018431086395"
    }, {
      "d" : "1756453879256220649",
      "t" : 1756453879256,
      "tn" : 1756453879256220649,
      "q" : "1304000000",
      "p" : "0.00000009981",
      "s" : "sell",
      "i" : "ELON_USD",
      "m" : "4611686018431086394"
    }, {
      "d" : "1756453879256217093",
      "t" : 1756453879256,
      "tn" : 1756453879256217093,
      "q" : "1342000000",
      "p" : "0.00000009982",
      "s" : "sell",
      "i" : "ELON_USD",
      "m" : "4611686018431086393"
    }, {
      "d" : "1756453868467242459",
      "t" : 1756453868467,
      "tn" : 1756453868467242459,
      "q" : "902000000",
      "p" : "0.00000010026",
      "s" : "buy",
      "i" : "ELON_USD",
      "m" : "4611686018431086392"
    }, {
      "d" : "1756453860645166200",
      "t" : 1756453860645,
      "tn" : 1756453860645166200,
      "q" : "402000000",
      "p" : "0.00000009997",
      "s" : "buy",
      "i" : "ELON_USD",
      "m" : "4611686018431086391"
    }, {
      "d" : "1756453612522178442",
      "t" : 1756453612522,
      "tn" : 1756453612522178442,
      "q" : "401000000",
      "p" : "0.00000010037",
      "s" : "buy",
      "i" : "ELON_USD",
      "m" : "4611686018431086390"
    }, {
      "d" : "1756453562048282793",
      "t" : 1756453562048,
      "tn" : 1756453562048282793,
      "q" : "401000000",
      "p" : "0.00000010010",
      "s" : "buy",
      "i" : "ELON_USD",
      "m" : "4611686018431086389"
    }, {
      "d" : "1756453301412740664",
      "t" : 1756453301412,
      "tn" : 1756453301412740664,
      "q" : "401000000",
      "p" : "0.00000009993",
      "s" : "buy",
      "i" : "ELON_USD",
      "m" : "4611686018431086388"
    }, {
      "d" : "1756453272168248048",
      "t" : 1756453272168,
      "tn" : 1756453272168248048,
      "q" : "1886000000",
      "p" : "0.00000009989",
      "s" : "sell",
      "i" : "ELON_USD",
      "m" : "4611686018431086387"
    }, {
      "d" : "1756453272163151508",
      "t" : 1756453272163,
      "tn" : 1756453272163151508,
      "q" : "166000000",
      "p" : "0.00000009989",
      "s" : "buy",
      "i" : "ELON_USD",
      "m" : "4611686018431086386"
    }, {
      "d" : "1756453272163147912",
      "t" : 1756453272163,
      "tn" : 1756453272163147912,
      "q" : "444000000",
      "p" : "0.00000009988",
      "s" : "buy",
      "i" : "ELON_USD",
      "m" : "4611686018431086385"
    }, {
      "d" : "1756453137039053428",
      "t" : 1756453137039,
      "tn" : 1756453137039053428,
      "q" : "4675000000",
      "p" : "0.00000009950",
      "s" : "buy",
      "i" : "ELON_USD",
      "m" : "4611686018431086384"
    }, {
      "d" : "1756452840205287754",
      "t" : 1756452840205,
      "tn" : 1756452840205287753,
      "q" : "1924000000",
      "p" : "0.00000010000",
      "s" : "buy",
      "i" : "ELON_USD",
      "m" : "4611686018431086383"
    }, {
      "d" : "1756452840205287753",
      "t" : 1756452840205,
      "tn" : 1756452840205287753,
      "q" : "332000000",
      "p" : "0.00000010000",
      "s" : "buy",
      "i" : "ELON_USD",
      "m" : "4611686018431086383"
    }, {
      "d" : "1756452764160939134",
      "t" : 1756452764160,
      "tn" : 1756452764160939134,
      "q" : "402000000",
      "p" : "0.00000010066",
      "s" : "buy",
      "i" : "ELON_USD",
      "m" : "4611686018431086382"
    }, {
      "d" : "1756452750324452780",
      "t" : 1756452750324,
      "tn" : 1756452750324452780,
      "q" : "665000000",
      "p" : "0.00000009996",
      "s" : "buy",
      "i" : "ELON_USD",
      "m" : "4611686018431086381"
    }, {
      "d" : "1756452409200025947",
      "t" : 1756452409200,
      "tn" : 1756452409200025947,
      "q" : "2912000000",
      "p" : "0.00000010001",
      "s" : "buy",
      "i" : "ELON_USD",
      "m" : "4611686018431086380"
    }, {
      "d" : "1756452274947636358",
      "t" : 1756452274947,
      "tn" : 1756452274947636358,
      "q" : "199000000",
      "p" : "0.00000009910",
      "s" : "sell",
      "i" : "ELON_USD",
      "m" : "4611686018431086379"
    }, {
      "d" : "1756452274947632868",
      "t" : 1756452274947,
      "tn" : 1756452274947632868,
      "q" : "208000000",
      "p" : "0.00000009912",
      "s" : "sell",
      "i" : "ELON_USD",
      "m" : "4611686018431086378"
    }, {
      "d" : "1756451889004039799",
      "t" : 1756451889004,
      "tn" : 1756451889004039798,
      "q" : "384000000",
      "p" : "0.00000009940",
      "s" : "sell",
      "i" : "ELON_USD",
      "m" : "4611686018431086377"
    }, {
      "d" : "1756451889004039798",
      "t" : 1756451889004,
      "tn" : 1756451889004039798,
      "q" : "167000000",
      "p" : "0.00000009940",
      "s" : "sell",
      "i" : "ELON_USD",
      "m" : "4611686018431086377"
    }, {
      "d" : "1756451889004036453",
      "t" : 1756451889004,
      "tn" : 1756451889004036453,
      "q" : "167000000",
      "p" : "0.00000009979",
      "s" : "sell",
      "i" : "ELON_USD",
      "m" : "4611686018431086376"
    }, {
      "d" : "1756451889004034062",
      "t" : 1756451889004,
      "tn" : 1756451889004034062,
      "q" : "2357000000",
      "p" : "0.00000010001",
      "s" : "sell",
      "i" : "ELON_USD",
      "m" : "4611686018431086375"
    }, {
      "d" : "1756451888998998961",
      "t" : 1756451888998,
      "tn" : 1756451888998998961,
      "q" : "2004000000",
      "p" : "0.00000010001",
      "s" : "sell",
      "i" : "ELON_USD",
      "m" : "4611686018431086374"
    }, {
      "d" : "1756451888995285208",
      "t" : 1756451888995,
      "tn" : 1756451888995285208,
      "q" : "1100000000",
      "p" : "0.00000010001",
      "s" : "sell",
      "i" : "ELON_USD",
      "m" : "4611686018431086373"
    }, {
      "d" : "1756451888995282469",
      "t" : 1756451888995,
      "tn" : 1756451888995282469,
      "q" : "2603000000",
      "p" : "0.00000010003",
      "s" : "sell",
      "i" : "ELON_USD",
      "m" : "4611686018431086372"
    }, {
      "d" : "1756451755128476436",
      "t" : 1756451755128,
      "tn" : 1756451755128476436,
      "q" : "403000000",
      "p" : "0.00000009989",
      "s" : "sell",
      "i" : "ELON_USD",
      "m" : "4611686018431086371"
    }, {
      "d" : "1756451747545055002",
      "t" : 1756451747545,
      "tn" : 1756451747545055002,
      "q" : "403000000",
      "p" : "0.00000010018",
      "s" : "sell",
      "i" : "ELON_USD",
      "m" : "4611686018431086370"
    }, {
      "d" : "1756451702498041147",
      "t" : 1756451702498,
      "tn" : 1756451702498041147,
      "q" : "41000000",
      "p" : "0.00000009983",
      "s" : "sell",
      "i" : "ELON_USD",
      "m" : "4611686018431086369"
    }, {
      "d" : "1756451702498037995",
      "t" : 1756451702498,
      "tn" : 1756451702498037995,
      "q" : "362000000",
      "p" : "0.00000010034",
      "s" : "sell",
      "i" : "ELON_USD",
      "m" : "4611686018431086368"
    }, {
      "d" : "1756451631125017069",
      "t" : 1756451631125,
      "tn" : 1756451631125017069,
      "q" : "402000000",
      "p" : "0.00000010035",
      "s" : "sell",
      "i" : "ELON_USD",
      "m" : "4611686018431086367"
    }, {
      "d" : "1756451617465865280",
      "t" : 1756451617465,
      "tn" : 1756451617465865280,
      "q" : "402000000",
      "p" : "0.00000010038",
      "s" : "sell",
      "i" : "ELON_USD",
      "m" : "4611686018431086366"
    }, {
      "d" : "1756451604823208265",
      "t" : 1756451604823,
      "tn" : 1756451604823208265,
      "q" : "402000000",
      "p" : "0.00000010039",
      "s" : "sell",
      "i" : "ELON_USD",
      "m" : "4611686018431086365"
    }, {
      "d" : "1756451318977078481",
      "t" : 1756451318977,
      "tn" : 1756451318977078481,
      "q" : "566000000",
      "p" : "0.00000010038",
      "s" : "sell",
      "i" : "ELON_USD",
      "m" : "4611686018431086364"
    }, {
      "d" : "1756451318977075440",
      "t" : 1756451318977,
      "tn" : 1756451318977075440,
      "q" : "336000000",
      "p" : "0.00000010077",
      "s" : "sell",
      "i" : "ELON_USD",
      "m" : "4611686018431086363"
    }, {
      "d" : "1756451282200961581",
      "t" : 1756451282200,
      "tn" : 1756451282200961581,
      "q" : "3000000",
      "p" : "0.00000010077",
      "s" : "sell",
      "i" : "ELON_USD",
      "m" : "4611686018431086362"
    }, {
      "d" : "1756451282200957262",
      "t" : 1756451282200,
      "tn" : 1756451282200957262,
      "q" : "397000000",
      "p" : "0.00000010078",
      "s" : "sell",
      "i" : "ELON_USD",
      "m" : "4611686018431086361"
    }, {
      "d" : "1756451182586566901",
      "t" : 1756451182586,
      "tn" : 1756451182586566901,
      "q" : "396000000",
      "p" : "0.00000010142",
      "s" : "buy",
      "i" : "ELON_USD",
      "m" : "4611686018431086360"
    }, {
      "d" : "1756451070937205380",
      "t" : 1756451070937,
      "tn" : 1756451070937205380,
      "q" : "490000000",
      "p" : "0.00000010146",
      "s" : "buy",
      "i" : "ELON_USD",
      "m" : "4611686018431086359"
    }, {
      "d" : "1756451070937203827",
      "t" : 1756451070937,
      "tn" : 1756451070937203827,
      "q" : "398000000",
      "p" : "0.00000010145",
      "s" : "buy",
      "i" : "ELON_USD",
      "m" : "4611686018431086358"
    }, {
      "d" : "1756451061011329361",
      "t" : 1756451061011,
      "tn" : 1756451061011329361,
      "q" : "158000000",
      "p" : "0.00000010077",
      "s" : "sell",
      "i" : "ELON_USD",
      "m" : "4611686018431086357"
    }, {
      "d" : "1756451060951009695",
      "t" : 1756451060951,
      "tn" : 1756451060951009695,
      "q" : "395000000",
      "p" : "0.00000010164",
      "s" : "buy",
      "i" : "ELON_USD",
      "m" : "4611686018431086356"
    }, {
      "d" : "1756451050807858707",
      "t" : 1756451050807,
      "tn" : 1756451050807858707,
      "q" : "395000000",
      "p" : "0.00000010169",
      "s" : "buy",
      "i" : "ELON_USD",
      "m" : "4611686018431086355"
    }, {
      "d" : "1756450773191683826",
      "t" : 1756450773191,
      "tn" : 1756450773191683826,
      "q" : "1000000",
      "p" : "0.00000010193",
      "s" : "buy",
      "i" : "ELON_USD",
      "m" : "4611686018431086354"
    }, {
      "d" : "1756450731637331409",
      "t" : 1756450731637,
      "tn" : 1756450731637331409,
      "q" : "864000000",
      "p" : "0.00000010141",
      "s" : "sell",
      "i" : "ELON_USD",
      "m" : "4611686018431086353"
    }, {
      "d" : "1756450731637329094",
      "t" : 1756450731637,
      "tn" : 1756450731637329094,
      "q" : "3280000000",
      "p" : "0.00000010142",
      "s" : "sell",
      "i" : "ELON_USD",
      "m" : "4611686018431086352"
    }, {
      "d" : "1756450706827044857",
      "t" : 1756450706827,
      "tn" : 1756450706827044857,
      "q" : "3280000000",
      "p" : "0.00000010183",
      "s" : "buy",
      "i" : "ELON_USD",
      "m" : "4611686018431086351"
    }, {
      "d" : "1756450301516632135",
      "t" : 1756450301516,
      "tn" : 1756450301516632135,
      "q" : "399000000",
      "p" : "0.00000010084",
      "s" : "sell",
      "i" : "ELON_USD",
      "m" : "4611686018431086350"
    }, {
      "d" : "1756450209099799086",
      "t" : 1756450209099,
      "tn" : 1756450209099799086,
      "q" : "4144000000",
      "p" : "0.00000010088",
      "s" : "buy",
      "i" : "ELON_USD",
      "m" : "4611686018431086349"
    }, {
      "d" : "1756450209099078603",
      "t" : 1756450209099,
      "tn" : 1756450209099078603,
      "q" : "892000000",
      "p" : "0.00000010088",
      "s" : "buy",
      "i" : "ELON_USD",
      "m" : "4611686018431086348"
    }, {
      "d" : "1756449544947873492",
      "t" : 1756449544947,
      "tn" : 1756449544947873492,
      "q" : "245000000",
      "p" : "0.00000010209",
      "s" : "sell",
      "i" : "ELON_USD",
      "m" : "4611686018431086347"
    }, {
      "d" : "1756449542590564288",
      "t" : 1756449542590,
      "tn" : 1756449542590564288,
      "q" : "1982000000",
      "p" : "0.00000010209",
      "s" : "buy",
      "i" : "ELON_USD",
      "m" : "4611686018431086346"
    }, {
      "d" : "1756449354224207458",
      "t" : 1756449354224,
      "tn" : 1756449354224207458,
      "q" : "398000000",
      "p" : "0.00000010118",
      "s" : "sell",
      "i" : "ELON_USD",
      "m" : "4611686018431086345"
    }, {
      "d" : "1756449345138456339",
      "t" : 1756449345138,
      "tn" : 1756449345138456339,
      "q" : "598000000",
      "p" : "0.00000010092",
      "s" : "sell",
      "i" : "ELON_USD",
      "m" : "4611686018431086344"
    }, {
      "d" : "1756449334679256021",
      "t" : 1756449334679,
      "tn" : 1756449334679256021,
      "q" : "398000000",
      "p" : "0.00000010089",
      "s" : "sell",
      "i" : "ELON_USD",
      "m" : "4611686018431086343"
    }, {
      "d" : "1756449309488115409",
      "t" : 1756449309488,
      "tn" : 1756449309488115409,
      "q" : "399000000",
      "p" : "0.00000010143",
      "s" : "sell",
      "i" : "ELON_USD",
      "m" : "4611686018431086342"
    }, {
      "d" : "1756449300487203777",
      "t" : 1756449300487,
      "tn" : 1756449300487203777,
      "q" : "399000000",
      "p" : "0.00000010114",
      "s" : "sell",
      "i" : "ELON_USD",
      "m" : "4611686018431086341"
    }, {
      "d" : "1756449284614362244",
      "t" : 1756449284614,
      "tn" : 1756449284614362244,
      "q" : "399000000",
      "p" : "0.00000010089",
      "s" : "sell",
      "i" : "ELON_USD",
      "m" : "4611686018431086340"
    }, {
      "d" : "1756449278743418587",
      "t" : 1756449278743,
      "tn" : 1756449278743418587,
      "q" : "2197000000",
      "p" : "0.00000010269",
      "s" : "buy",
      "i" : "ELON_USD",
      "m" : "4611686018431086339"
    }, {
      "d" : "1756449267914328992",
      "t" : 1756449267914,
      "tn" : 1756449267914328992,
      "q" : "398000000",
      "p" : "0.00000010092",
      "s" : "sell",
      "i" : "ELON_USD",
      "m" : "4611686018431086338"
    }, {
      "d" : "1756449183144731936",
      "t" : 1756449183144,
      "tn" : 1756449183144731936,
      "q" : "398000000",
      "p" : "0.00000010137",
      "s" : "sell",
      "i" : "ELON_USD",
      "m" : "4611686018431086337"
    }, {
      "d" : "1756449172559793612",
      "t" : 1756449172559,
      "tn" : 1756449172559793612,
      "q" : "397000000",
      "p" : "0.00000010125",
      "s" : "sell",
      "i" : "ELON_USD",
      "m" : "4611686018431086336"
    }, {
      "d" : "1756448759505255013",
      "t" : 1756448759505,
      "tn" : 1756448759505255013,
      "q" : "15000000",
      "p" : "0.00000010125",
      "s" : "sell",
      "i" : "ELON_USD",
      "m" : "4611686018431086335"
    }, {
      "d" : "1756448344028716162",
      "t" : 1756448344028,
      "tn" : 1756448344028716162,
      "q" : "143000000",
      "p" : "0.00000010162",
      "s" : "sell",
      "i" : "ELON_USD",
      "m" : "4611686018431086334"
    }, {
      "d" : "1756448344028713582",
      "t" : 1756448344028,
      "tn" : 1756448344028713582,
      "q" : "2824000000",
      "p" : "0.00000010164",
      "s" : "sell",
      "i" : "ELON_USD",
      "m" : "4611686018431086333"
    }, {
      "d" : "1756448336218575828",
      "t" : 1756448336218,
      "tn" : 1756448336218575828,
      "q" : "593000000",
      "p" : "0.00000010203",
      "s" : "sell",
      "i" : "ELON_USD",
      "m" : "4611686018431086332"
    }, {
      "d" : "1756447645603301670",
      "t" : 1756447645603,
      "tn" : 1756447645603301670,
      "q" : "1874000000",
      "p" : "0.00000010264",
      "s" : "buy",
      "i" : "ELON_USD",
      "m" : "4611686018431086331"
    }, {
      "d" : "1756447584263741608",
      "t" : 1756447584263,
      "tn" : 1756447584263741608,
      "q" : "396000000",
      "p" : "0.00000010178",
      "s" : "sell",
      "i" : "ELON_USD",
      "m" : "4611686018431086330"
    }, {
      "d" : "1756447524631400636",
      "t" : 1756447524631,
      "tn" : 1756447524631400636,
      "q" : "395000000",
      "p" : "0.00000010186",
      "s" : "sell",
      "i" : "ELON_USD",
      "m" : "4611686018431086329"
    }, {
      "d" : "1756447173191472204",
      "t" : 1756447173191,
      "tn" : 1756447173191472204,
      "q" : "1000000",
      "p" : "0.00000010266",
      "s" : "buy",
      "i" : "ELON_USD",
      "m" : "4611686018431086328"
    }, {
      "d" : "1756445944014682114",
      "t" : 1756445944014,
      "tn" : 1756445944014682114,
      "q" : "592000000",
      "p" : "0.00000010188",
      "s" : "sell",
      "i" : "ELON_USD",
      "m" : "4611686018431086327"
    }, {
      "d" : "1756445939689261734",
      "t" : 1756445939689,
      "tn" : 1756445939689261734,
      "q" : "1937000000",
      "p" : "0.00000010306",
      "s" : "buy",
      "i" : "ELON_USD",
      "m" : "4611686018431086326"
    }, {
      "d" : "1756445291855989504",
      "t" : 1756445291855,
      "tn" : 1756445291855989504,
      "q" : "211000000",
      "p" : "0.00000010160",
      "s" : "sell",
      "i" : "ELON_USD",
      "m" : "4611686018431086325"
    }, {
      "d" : "1756445291855986051",
      "t" : 1756445291855,
      "tn" : 1756445291855986051,
      "q" : "383000000",
      "p" : "0.00000010162",
      "s" : "sell",
      "i" : "ELON_USD",
      "m" : "4611686018431086324"
    }, {
      "d" : "1756444862108994949",
      "t" : 1756444862108,
      "tn" : 1756444862108994949,
      "q" : "406000000",
      "p" : "0.00000010305",
      "s" : "sell",
      "i" : "ELON_USD",
      "m" : "4611686018431086323"
    }, {
      "d" : "1756444862107530126",
      "t" : 1756444862107,
      "tn" : 1756444862107530126,
      "q" : "332000000",
      "p" : "0.00000010305",
      "s" : "sell",
      "i" : "ELON_USD",
      "m" : "4611686018431086322"
    }, {
      "d" : "1756444862083465844",
      "t" : 1756444862083,
      "tn" : 1756444862083465844,
      "q" : "931000000",
      "p" : "0.00000010305",
      "s" : "sell",
      "i" : "ELON_USD",
      "m" : "4611686018431086321"
    } ]
  }
}