{
  "id" : -1,
  "method" : "public/get-trades",
  "code" : 0,
  "result" : {
    "data" : [ {
      "d" : "1756460836086108667",
      "t" : 1756460836086,
      "tn" : 1756460836086108667,
      "q" : "1.9",
      "p" : "0.64875",
      "s" : "buy",
      "i" : "ENA_USD",
      "m" : "4611686018429182393"
    }, {
      "d" : "1756460830067006740",
      "t" : 1756460830067,
      "tn" : 1756460830067006740,
      "q" : "1.9",
      "p" : "0.64875",
      "s" : "buy",
      "i" : "ENA_USD",
      "m" : "4611686018429182392"
    }, {
      "d" : "1756460823914484780",
      "t" : 1756460823914,
      "tn" : 1756460823914484780,
      "q" : "1.9",
      "p" : "0.64905",
      "s" : "buy",
      "i" : "ENA_USD",
      "m" : "4611686018429182391"
    }, {
      "d" : "1756460817939711124",
      "t" : 1756460817939,
      "tn" : 1756460817939711124,
      "q" : "1.9",
      "p" : "0.64915",
      "s" : "buy",
      "i" : "ENA_USD",
      "m" : "4611686018429182390"
    }, {
      "d" : "1756460811923433138",
      "t" : 1756460811923,
      "tn" : 1756460811923433138,
      "q" : "1.9",
      "p" : "0.64925",
      "s" : "buy",
      "i" : "ENA_USD",
      "m" : "4611686018429182389"
    }, {
      "d" : "1756460805865138847",
      "t" : 1756460805865,
      "tn" : 1756460805865138847,
      "q" : "1.9",
      "p" : "0.64915",
      "s" : "buy",
      "i" : "ENA_USD",
      "m" : "4611686018429182388"
    }, {
      "d" : "1756460502392796409",
      "t" : 1756460502392,
      "tn" : 1756460502392796409,
      "q" : "75.2",
      "p" : "0.64915",
      "s" : "sell",
      "i" : "ENA_USD",
      "m" : "4611686018429182387"
    }, {
      "d" : "1756460500023037429",
      "t" : 1756460500023,
      "tn" : 1756460500023037429,
      "q" : "1.9",
      "p" : "0.64915",
      "s" : "buy",
      "i" : "ENA_USD",
      "m" : "4611686018429182386"
    }, {
      "d" : "1756460494271730263",
      "t" : 1756460494271,
      "tn" : 1756460494271730263,
      "q" : "1.9",
      "p" : "0.64925",
      "s" : "buy",
      "i" : "ENA_USD",
      "m" : "4611686018429182385"
    }, {
      "d" : "1756460488095253831",
      "t" : 1756460488095,
      "tn" : 1756460488095253831,
      "q" : "1.9",
      "p" : "0.64945",
      "s" : "buy",
      "i" : "ENA_USD",
      "m" : "4611686018429182384"
    }, {
      "d" : "1756460482205665604",
      "t" : 1756460482205,
      "tn" : 1756460482205665604,
      "q" : "1.9",
      "p" : "0.64965",
      "s" : "buy",
      "i" : "ENA_USD",
      "m" : "4611686018429182383"
    }, {
      "d" : "1756460479030364665",
      "t" : 1756460479030,
      "tn" : 1756460479030364665,
      "q" : "1.9",
      "p" : "0.64985",
      "s" : "buy",
      "i" : "ENA_USD",
      "m" : "4611686018429182382"
    }, {
      "d" : "1756460472945398556",
      "t" : 1756460472945,
      "tn" : 1756460472945398556,
      "q" : "1.9",
      "p" : "0.64975",
      "s" : "buy",
      "i" : "ENA_USD",
      "m" : "4611686018429182381"
    }, {
      "d" : "1756460466867598319",
      "t" : 1756460466867,
      "tn" : 1756460466867598319,
      "q" : "1.9",
      "p" : "0.64935",
      "s" : "buy",
      "i" : "ENA_USD",
      "m" : "4611686018429182380"
    }, {
      "d" : "1756460460960056234",
      "t" : 1756460460960,
      "tn" : 1756460460960056234,
      "q" : "1.9",
      "p" : "0.64945",
      "s" : "buy",
      "i" : "ENA_USD",
      "m" : "4611686018429182379"
    }, {
      "d" : "1756460454969483469",
      "t" : 1756460454969,
      "tn" : 1756460454969483469,
      "q" : "1.9",
      "p" : "0.64935",
      "s" : "buy",
      "i" : "ENA_USD",
      "m" : "4611686018429182378"
    }, {
      "d" : "1756460449015666591",
      "t" : 1756460449015,
      "tn" : 1756460449015666591,
      "q" : "1.9",
      "p" : "0.64905",
      "s" : "buy",
      "i" : "ENA_USD",
      "m" : "4611686018429182377"
    }, {
      "d" : "1756460443302387547",
      "t" : 1756460443302,
      "tn" : 1756460443302387547,
      "q" : "1.9",
      "p" : "0.64905",
      "s" : "buy",
      "i" : "ENA_USD",
      "m" : "4611686018429182376"
    }, {
      "d" : "1756460437122418261",
      "t" : 1756460437122,
      "tn" : 1756460437122418261,
      "q" : "1.9",
      "p" : "0.64895",
      "s" : "buy",
      "i" : "ENA_USD",
      "m" : "4611686018429182375"
    }, {
      "d" : "1756460431054154720",
      "t" : 1756460431054,
      "tn" : 1756460431054154720,
      "q" : "1.9",
      "p" : "0.64885",
      "s" : "buy",
      "i" : "ENA_USD",
      "m" : "4611686018429182374"
    }, {
      "d" : "1756460425006892474",
      "t" : 1756460425006,
      "tn" : 1756460425006892474,
      "q" : "1.9",
      "p" : "0.64865",
      "s" : "buy",
      "i" : "ENA_USD",
      "m" : "4611686018429182373"
    }, {
      "d" : "1756460418958967007",
      "t" : 1756460418958,
      "tn" : 1756460418958967007,
      "q" : "1.9",
      "p" : "0.64885",
      "s" : "buy",
      "i" : "ENA_USD",
      "m" : "4611686018429182372"
    }, {
      "d" : "1756460412940075057",
      "t" : 1756460412940,
      "tn" : 1756460412940075057,
      "q" : "1.9",
      "p" : "0.64885",
      "s" : "buy",
      "i" : "ENA_USD",
      "m" : "4611686018429182371"
    }, {
      "d" : "1756460406934353380",
      "t" : 1756460406934,
      "tn" : 1756460406934353380,
      "q" : "1.9",
      "p" : "0.64805",
      "s" : "buy",
      "i" : "ENA_USD",
      "m" : "4611686018429182370"
    }, {
      "d" : "1756460400861675446",
      "t" : 1756460400861,
      "tn" : 1756460400861675446,
      "q" : "1.9",
      "p" : "0.64815",
      "s" : "buy",
      "i" : "ENA_USD",
      "m" : "4611686018429182369"
    }, {
      "d" : "1756460394987929707",
      "t" : 1756460394987,
      "tn" : 1756460394987929707,
      "q" : "1.9",
      "p" : "0.64815",
      "s" : "buy",
      "i" : "ENA_USD",
      "m" : "4611686018429182368"
    }, {
      "d" : "1756460388855372640",
      "t" : 1756460388855,
      "tn" : 1756460388855372640,
      "q" : "1.9",
      "p" : "0.64805",
      "s" : "buy",
      "i" : "ENA_USD",
      "m" : "4611686018429182367"
    }, {
      "d" : "1756460383154081754",
      "t" : 1756460383154,
      "tn" : 1756460383154081754,
      "q" : "1.9",
      "p" : "0.64815",
      "s" : "buy",
      "i" : "ENA_USD",
      "m" : "4611686018429182366"
    }, {
      "d" : "1756460379967232055",
      "t" : 1756460379967,
      "tn" : 1756460379967232055,
      "q" : "1.9",
      "p" : "0.64785",
      "s" : "buy",
      "i" : "ENA_USD",
      "m" : "4611686018429182365"
    }, {
      "d" : "1756460373842990052",
      "t" : 1756460373842,
      "tn" : 1756460373842990052,
      "q" : "1.9",
      "p" : "0.64765",
      "s" : "buy",
      "i" : "ENA_USD",
      "m" : "4611686018429182364"
    }, {
      "d" : "1756460367915358935",
      "t" : 1756460367915,
      "tn" : 1756460367915358935,
      "q" : "1.9",
      "p" : "0.64745",
      "s" : "buy",
      "i" : "ENA_USD",
      "m" : "4611686018429182363"
    }, {
      "d" : "1756460361940959798",
      "t" : 1756460361940,
      "tn" : 1756460361940959798,
      "q" : "1.9",
      "p" : "0.64725",
      "s" : "buy",
      "i" : "ENA_USD",
      "m" : "4611686018429182362"
    }, {
      "d" : "1756460355940222873",
      "t" : 1756460355940,
      "tn" : 1756460355940222873,
      "q" : "1.9",
      "p" : "0.64715",
      "s" : "buy",
      "i" : "ENA_USD",
      "m" : "4611686018429182361"
    }, {
      "d" : "1756460349974656905",
      "t" : 1756460349974,
      "tn" : 1756460349974656905,
      "q" : "1.9",
      "p" : "0.64735",
      "s" : "buy",
      "i" : "ENA_USD",
      "m" : "4611686018429182360"
    }, {
      "d" : "1756460344077222108",
      "t" : 1756460344077,
      "tn" : 1756460344077222108,
      "q" : "1.9",
      "p" : "0.64765",
      "s" : "buy",
      "i" : "ENA_USD",
      "m" : "4611686018429182359"
    }, {
      "d" : "1756460337950952530",
      "t" : 1756460337950,
      "tn" : 1756460337950952530,
      "q" : "1.9",
      "p" : "0.64725",
      "s" : "buy",
      "i" : "ENA_USD",
      "m" : "4611686018429182358"
    }, {
      "d" : "1756459995770823744",
      "t" : 1756459995770,
      "tn" : 1756459995770823744,
      "q" : "98.9",
      "p" : "0.64715",
      "s" : "sell",
      "i" : "ENA_USD",
      "m" : "4611686018429182357"
    }, {
      "d" : "1756459993490466101",
      "t" : 1756459993490,
      "tn" : 1756459993490466101,
      "q" : "1.9",
      "p" : "0.64715",
      "s" : "buy",
      "i" : "ENA_USD",
      "m" : "4611686018429182356"
    }, {
      "d" : "1756459987465117773",
      "t" : 1756459987465,
      "tn" : 1756459987465117773,
      "q" : "1.9",
      "p" : "0.64725",
      "s" : "buy",
      "i" : "ENA_USD",
      "m" : "4611686018429182355"
    }, {
      "d" : "1756459981312088167",
      "t" : 1756459981312,
      "tn" : 1756459981312088167,
      "q" : "1.9",
      "p" : "0.64685",
      "s" : "buy",
      "i" : "ENA_USD",
      "m" : "4611686018429182354"
    }, {
      "d" : "1756459977990749369",
      "t" : 1756459977990,
      "tn" : 1756459977990749369,
      "q" : "1.9",
      "p" : "0.64655",
      "s" : "buy",
      "i" : "ENA_USD",
      "m" : "4611686018429182353"
    }, {
      "d" : "1756459972035545364",
      "t" : 1756459972035,
      "tn" : 1756459972035545364,
      "q" : "1.9",
      "p" : "0.64655",
      "s" : "buy",
      "i" : "ENA_USD",
      "m" : "4611686018429182352"
    }, {
      "d" : "1756459965967111624",
      "t" : 1756459965967,
      "tn" : 1756459965967111624,
      "q" : "1.9",
      "p" : "0.64635",
      "s" : "buy",
      "i" : "ENA_USD",
      "m" : "4611686018429182351"
    }, {
      "d" : "1756459959902786392",
      "t" : 1756459959902,
      "tn" : 1756459959902786392,
      "q" : "1.9",
      "p" : "0.64605",
      "s" : "buy",
      "i" : "ENA_USD",
      "m" : "4611686018429182350"
    }, {
      "d" : "1756459953945642532",
      "t" : 1756459953945,
      "tn" : 1756459953945642532,
      "q" : "1.9",
      "p" : "0.64535",
      "s" : "buy",
      "i" : "ENA_USD",
      "m" : "4611686018429182349"
    }, {
      "d" : "1756459947866776731",
      "t" : 1756459947866,
      "tn" : 1756459947866776731,
      "q" : "1.9",
      "p" : "0.64535",
      "s" : "buy",
      "i" : "ENA_USD",
      "m" : "4611686018429182348"
    }, {
      "d" : "1756459944390152301",
      "t" : 1756459944390,
      "tn" : 1756459944390152301,
      "q" : "1.8",
      "p" : "0.64556",
      "s" : "buy",
      "i" : "ENA_USD",
      "m" : "4611686018429182347"
    }, {
      "d" : "1756459941863040814",
      "t" : 1756459941863,
      "tn" : 1756459941863040814,
      "q" : "1.9",
      "p" : "0.64555",
      "s" : "buy",
      "i" : "ENA_USD",
      "m" : "4611686018429182346"
    }, {
      "d" : "1756459935905134990",
      "t" : 1756459935905,
      "tn" : 1756459935905134990,
      "q" : "1.9",
      "p" : "0.64565",
      "s" : "buy",
      "i" : "ENA_USD",
      "m" : "4611686018429182345"
    }, {
      "d" : "1756459929886164101",
      "t" : 1756459929886,
      "tn" : 1756459929886164101,
      "q" : "1.9",
      "p" : "0.64595",
      "s" : "buy",
      "i" : "ENA_USD",
      "m" : "4611686018429182344"
    }, {
      "d" : "1756459923924122956",
      "t" : 1756459923924,
      "tn" : 1756459923924122956,
      "q" : "1.9",
      "p" : "0.64625",
      "s" : "buy",
      "i" : "ENA_USD",
      "m" : "4611686018429182343"
    }, {
      "d" : "1756459918068847141",
      "t" : 1756459918068,
      "tn" : 1756459918068847141,
      "q" : "1.9",
      "p" : "0.64615",
      "s" : "buy",
      "i" : "ENA_USD",
      "m" : "4611686018429182342"
    }, {
      "d" : "1756459914900277704",
      "t" : 1756459914900,
      "tn" : 1756459914900277704,
      "q" : "1.9",
      "p" : "0.64605",
      "s" : "buy",
      "i" : "ENA_USD",
      "m" : "4611686018429182341"
    }, {
      "d" : "1756459814795312601",
      "t" : 1756459814795,
      "tn" : 1756459814795312601,
      "q" : "1.9",
      "p" : "0.64640",
      "s" : "buy",
      "i" : "ENA_USD",
      "m" : "4611686018429182340"
    }, {
      "d" : "1756459814747674493",
      "t" : 1756459814747,
      "tn" : 1756459814747674493,
      "q" : "201.0",
      "p" : "0.64586",
      "s" : "buy",
      "i" : "ENA_USD",
      "m" : "4611686018429182339"
    }, {
      "d" : "1756459814746913456",
      "t" : 1756459814746,
      "tn" : 1756459814746913456,
      "q" : "107.9",
      "p" : "0.64586",
      "s" : "buy",
      "i" : "ENA_USD",
      "m" : "4611686018429182338"
    }, {
      "d" : "1756459814738938038",
      "t" : 1756459814738,
      "tn" : 1756459814738938038,
      "q" : "1.9",
      "p" : "0.64455",
      "s" : "buy",
      "i" : "ENA_USD",
      "m" : "4611686018429182337"
    }, {
      "d" : "1756459680951397951",
      "t" : 1756459680951,
      "tn" : 1756459680951397951,
      "q" : "1.8",
      "p" : "0.64375",
      "s" : "buy",
      "i" : "ENA_USD",
      "m" : "4611686018429182336"
    }, {
      "d" : "1756459581532058556",
      "t" : 1756459581532,
      "tn" : 1756459581532058556,
      "q" : "1.8",
      "p" : "0.64525",
      "s" : "buy",
      "i" : "ENA_USD",
      "m" : "4611686018429182335"
    }, {
      "d" : "1756459373552079507",
      "t" : 1756459373552,
      "tn" : 1756459373552079507,
      "q" : "1.8",
      "p" : "0.64785",
      "s" : "buy",
      "i" : "ENA_USD",
      "m" : "4611686018429182334"
    }, {
      "d" : "1756459356557248883",
      "t" : 1756459356557,
      "tn" : 1756459356557248883,
      "q" : "1.8",
      "p" : "0.64835",
      "s" : "buy",
      "i" : "ENA_USD",
      "m" : "4611686018429182333"
    }, {
      "d" : "1756459356409776433",
      "t" : 1756459356409,
      "tn" : 1756459356409776433,
      "q" : "1.8",
      "p" : "0.64835",
      "s" : "buy",
      "i" : "ENA_USD",
      "m" : "4611686018429182332"
    }, {
      "d" : "1756459356260027663",
      "t" : 1756459356260,
      "tn" : 1756459356260027663,
      "q" : "1.8",
      "p" : "0.64825",
      "s" : "buy",
      "i" : "ENA_USD",
      "m" : "4611686018429182331"
    }, {
      "d" : "1756459338812309379",
      "t" : 1756459338812,
      "tn" : 1756459338812309379,
      "q" : "1.8",
      "p" : "0.64775",
      "s" : "buy",
      "i" : "ENA_USD",
      "m" : "4611686018429182330"
    }, {
      "d" : "1756459338258637905",
      "t" : 1756459338258,
      "tn" : 1756459338258637905,
      "q" : "1.8",
      "p" : "0.64765",
      "s" : "buy",
      "i" : "ENA_USD",
      "m" : "4611686018429182329"
    }, {
      "d" : "1756459327939456092",
      "t" : 1756459327939,
      "tn" : 1756459327939456092,
      "q" : "1.8",
      "p" : "0.64825",
      "s" : "buy",
      "i" : "ENA_USD",
      "m" : "4611686018429182328"
    }, {
      "d" : "1756459324302387376",
      "t" : 1756459324302,
      "tn" : 1756459324302387376,
      "q" : "1.8",
      "p" : "0.64805",
      "s" : "buy",
      "i" : "ENA_USD",
      "m" : "4611686018429182327"
    }, {
      "d" : "1756459287782084456",
      "t" : 1756459287782,
      "tn" : 1756459287782084456,
      "q" : "1.8",
      "p" : "0.64675",
      "s" : "buy",
      "i" : "ENA_USD",
      "m" : "4611686018429182326"
    }, {
      "d" : "1756459270593795504",
      "t" : 1756459270593,
      "tn" : 1756459270593795504,
      "q" : "1.9",
      "p" : "0.64655",
      "s" : "buy",
      "i" : "ENA_USD",
      "m" : "4611686018429182325"
    }, {
      "d" : "1756459206483437824",
      "t" : 1756459206483,
      "tn" : 1756459206483437824,
      "q" : "1.8",
      "p" : "0.64735",
      "s" : "buy",
      "i" : "ENA_USD",
      "m" : "4611686018429182324"
    }, {
      "d" : "1756459188993063770",
      "t" : 1756459188993,
      "tn" : 1756459188993063770,
      "q" : "1.8",
      "p" : "0.64695",
      "s" : "buy",
      "i" : "ENA_USD",
      "m" : "4611686018429182323"
    }, {
      "d" : "1756459188102886394",
      "t" : 1756459188102,
      "tn" : 1756459188102886394,
      "q" : "1.8",
      "p" : "0.64695",
      "s" : "buy",
      "i" : "ENA_USD",
      "m" : "4611686018429182322"
    }, {
      "d" : "1756459183885402524",
      "t" : 1756459183885,
      "tn" : 1756459183885402524,
      "q" : "1.8",
      "p" : "0.64684",
      "s" : "sell",
      "i" : "ENA_USD",
      "m" : "4611686018429182321"
    }, {
      "d" : "1756459180392714684",
      "t" : 1756459180392,
      "tn" : 1756459180392714684,
      "q" : "1.8",
      "p" : "0.64625",
      "s" : "buy",
      "i" : "ENA_USD",
      "m" : "4611686018429182320"
    }, {
      "d" : "1756459166418450704",
      "t" : 1756459166418,
      "tn" : 1756459166418450704,
      "q" : "1.8",
      "p" : "0.64545",
      "s" : "buy",
      "i" : "ENA_USD",
      "m" : "4611686018429182319"
    }, {
      "d" : "1756459157934956254",
      "t" : 1756459157934,
      "tn" : 1756459157934956254,
      "q" : "1.8",
      "p" : "0.64515",
      "s" : "buy",
      "i" : "ENA_USD",
      "m" : "4611686018429182318"
    }, {
      "d" : "1756459015859954626",
      "t" : 1756459015859,
      "tn" : 1756459015859954626,
      "q" : "1.8",
      "p" : "0.64435",
      "s" : "buy",
      "i" : "ENA_USD",
      "m" : "4611686018429182317"
    }, {
      "d" : "1756458975777349923",
      "t" : 1756458975777,
      "tn" : 1756458975777349923,
      "q" : "1.8",
      "p" : "0.64315",
      "s" : "buy",
      "i" : "ENA_USD",
      "m" : "4611686018429182316"
    }, {
      "d" : "1756458958716810969",
      "t" : 1756458958716,
      "tn" : 1756458958716810969,
      "q" : "1.8",
      "p" : "0.64275",
      "s" : "buy",
      "i" : "ENA_USD",
      "m" : "4611686018429182315"
    }, {
      "d" : "1756458934884312604",
      "t" : 1756458934884,
      "tn" : 1756458934884312604,
      "q" : "1.8",
      "p" : "0.64265",
      "s" : "buy",
      "i" : "ENA_USD",
      "m" : "4611686018429182314"
    }, {
      "d" : "1756458906855015662",
      "t" : 1756458906855,
      "tn" : 1756458906855015662,
      "q" : "1.8",
      "p" : "0.64285",
      "s" : "buy",
      "i" : "ENA_USD",
      "m" : "4611686018429182313"
    }, {
      "d" : "1756458885661462255",
      "t" : 1756458885661,
      "tn" : 1756458885661462255,
      "q" : "1.8",
      "p" : "0.64285",
      "s" : "buy",
      "i" : "ENA_USD",
      "m" : "4611686018429182312"
    }, {
      "d" : "1756458873196935876",
      "t" : 1756458873196,
      "tn" : 1756458873196935876,
      "q" : "1.8",
      "p" : "0.64294",
      "s" : "sell",
      "i" : "ENA_USD",
      "m" : "4611686018429182311"
    }, {
      "d" : "1756458864736563985",
      "t" : 1756458864736,
      "tn" : 1756458864736563985,
      "q" : "1.8",
      "p" : "0.64335",
      "s" : "buy",
      "i" : "ENA_USD",
      "m" : "4611686018429182310"
    }, {
      "d" : "1756458852475904348",
      "t" : 1756458852475,
      "tn" : 1756458852475904348,
      "q" : "1.9",
      "p" : "0.64325",
      "s" : "buy",
      "i" : "ENA_USD",
      "m" : "4611686018429182309"
    }, {
      "d" : "1756458852475901876",
      "t" : 1756458852475,
      "tn" : 1756458852475901876,
      "q" : "39.6",
      "p" : "0.64324",
      "s" : "buy",
      "i" : "ENA_USD",
      "m" : "4611686018429182308"
    }, {
      "d" : "1756458850784461788",
      "t" : 1756458850784,
      "tn" : 1756458850784461788,
      "q" : "1.9",
      "p" : "0.64324",
      "s" : "sell",
      "i" : "ENA_USD",
      "m" : "4611686018429182307"
    }, {
      "d" : "1756458835444862826",
      "t" : 1756458835444,
      "tn" : 1756458835444862826,
      "q" : "1.9",
      "p" : "0.64364",
      "s" : "sell",
      "i" : "ENA_USD",
      "m" : "4611686018429182306"
    }, {
      "d" : "1756458824898715200",
      "t" : 1756458824898,
      "tn" : 1756458824898715200,
      "q" : "1.9",
      "p" : "0.64444",
      "s" : "sell",
      "i" : "ENA_USD",
      "m" : "4611686018429182305"
    }, {
      "d" : "1756458781116483965",
      "t" : 1756458781116,
      "tn" : 1756458781116483965,
      "q" : "1.8",
      "p" : "0.64455",
      "s" : "buy",
      "i" : "ENA_USD",
      "m" : "4611686018429182304"
    }, {
      "d" : "1756458613029078254",
      "t" : 1756458613029,
      "tn" : 1756458613029078254,
      "q" : "1.8",
      "p" : "0.64305",
      "s" : "buy",
      "i" : "ENA_USD",
      "m" : "4611686018429182303"
    }, {
      "d" : "1756458522949631646",
      "t" : 1756458522949,
      "tn" : 1756458522949631646,
      "q" : "0.1",
      "p" : "0.64355",
      "s" : "buy",
      "i" : "ENA_USD",
      "m" : "4611686018429182302"
    }, {
      "d" : "1756458522949311765",
      "t" : 1756458522949,
      "tn" : 1756458522949311765,
      "q" : "1.8",
      "p" : "0.64355",
      "s" : "buy",
      "i" : "ENA_USD",
      "m" : "4611686018429182301"
    }, {
      "d" : "1756458484658041915",
      "t" : 1756458484658,
      "tn" : 1756458484658041915,
      "q" : "1.8",
      "p" : "0.64295",
      "s" : "buy",
      "i" : "ENA_USD",
      "m" : "4611686018429182300"
    }, {
      "d" : "1756458478378529060",
      "t" : 1756458478378,
      "tn" : 1756458478378529060,
      "q" : "1.8",
      "p" : "0.64265",
      "s" : "buy",
      "i" : "ENA_USD",
      "m" : "4611686018429182299"
    }, {
      "d" : "1756458428681083865",
      "t" : 1756458428681,
      "tn" : 1756458428681083865,
      "q" : "1.8",
      "p" : "0.64325",
      "s" : "buy",
      "i" : "ENA_USD",
      "m" : "4611686018429182298"
    }, {
      "d" : "1756458299260499349",
      "t" : 1756458299260,
      "tn" : 1756458299260499349,
      "q" : "1.9",
      "p" : "0.64285",
      "s" : "buy",
      "i" : "ENA_USD",
      "m" : "4611686018429182297"
    }, {
      "d" : "1756458261779921156",
      "t" : 1756458261779,
      "tn" : 1756458261779921156,
      "q" : "1.9",
      "p" : "0.64254",
      "s" : "sell",
      "i" : "ENA_USD",
      "m" : "4611686018429182296"
    }, {
      "d" : "1756458219583807450",
      "t" : 1756458219583,
      "tn" : 1756458219583807450,
      "q" : "1.9",
      "p" : "0.64274",
      "s" : "sell",
      "i" : "ENA_USD",
      "m" : "4611686018429182295"
    }, {
      "d" : "1756458200267787909",
      "t" : 1756458200267,
      "tn" : 1756458200267787909,
      "q" : "308.9",
      "p" : "0.64136",
      "s" : "sell",
      "i" : "ENA_USD",
      "m" : "4611686018429182294"
    }, {
      "d" : "1756458200267785913",
      "t" : 1756458200267,
      "tn" : 1756458200267785913,
      "q" : "1.9",
      "p" : "0.64170",
      "s" : "sell",
      "i" : "ENA_USD",
      "m" : "4611686018429182293"
    }, {
      "d" : "1756458200263401971",
      "t" : 1756458200263,
      "tn" : 1756458200263401971,
      "q" : "1.9",
      "p" : "0.64264",
      "s" : "sell",
      "i" : "ENA_USD",
      "m" : "4611686018429182292"
    }, {
      "d" : "1756458200260969327",
      "t" : 1756458200260,
      "tn" : 1756458200260969327,
      "q" : "1.9",
      "p" : "0.64259",
      "s" : "sell",
      "i" : "ENA_USD",
      "m" : "4611686018429182291"
    }, {
      "d" : "1756458177703381833",
      "t" : 1756458177703,
      "tn" : 1756458177703381833,
      "q" : "5.3",
      "p" : "0.64301",
      "s" : "sell",
      "i" : "ENA_USD",
      "m" : "4611686018429182290"
    }, {
      "d" : "1756458145848773752",
      "t" : 1756458145848,
      "tn" : 1756458145848773752,
      "q" : "215.7",
      "p" : "0.64405",
      "s" : "sell",
      "i" : "ENA_USD",
      "m" : "4611686018429182289"
    }, {
      "d" : "1756458142959469181",
      "t" : 1756458142959,
      "tn" : 1756458142959469181,
      "q" : "1.9",
      "p" : "0.64405",
      "s" : "buy",
      "i" : "ENA_USD",
      "m" : "4611686018429182288"
    }, {
      "d" : "1756458129126763832",
      "t" : 1756458129126,
      "tn" : 1756458129126763832,
      "q" : "1.8",
      "p" : "0.64465",
      "s" : "buy",
      "i" : "ENA_USD",
      "m" : "4611686018429182287"
    }, {
      "d" : "1756458064895938375",
      "t" : 1756458064895,
      "tn" : 1756458064895938375,
      "q" : "1.8",
      "p" : "0.64565",
      "s" : "buy",
      "i" : "ENA_USD",
      "m" : "4611686018429182286"
    }, {
      "d" : "1756458027787942574",
      "t" : 1756458027787,
      "tn" : 1756458027787942574,
      "q" : "0.1",
      "p" : "0.64665",
      "s" : "buy",
      "i" : "ENA_USD",
      "m" : "4611686018429182285"
    }, {
      "d" : "1756458027787652065",
      "t" : 1756458027787,
      "tn" : 1756458027787652065,
      "q" : "1.8",
      "p" : "0.64665",
      "s" : "buy",
      "i" : "ENA_USD",
      "m" : "4611686018429182284"
    }, {
      "d" : "1756457942492571861",
      "t" : 1756457942492,
      "tn" : 1756457942492571861,
      "q" : "1.8",
      "p" : "0.64575",
      "s" : "buy",
      "i" : "ENA_USD",
      "m" : "4611686018429182283"
    }, {
      "d" : "1756457935712130591",
      "t" : 1756457935712,
      "tn" : 1756457935712130591,
      "q" : "1.8",
      "p" : "0.64555",
      "s" : "buy",
      "i" : "ENA_USD",
      "m" : "4611686018429182282"
    }, {
      "d" : "1756457928946909390",
      "t" : 1756457928946,
      "tn" : 1756457928946909390,
      "q" : "1.8",
      "p" : "0.64545",
      "s" : "buy",
      "i" : "ENA_USD",
      "m" : "4611686018429182281"
    }, {
      "d" : "1756457900539779973",
      "t" : 1756457900539,
      "tn" : 1756457900539779973,
      "q" : "1.9",
      "p" : "0.64585",
      "s" : "buy",
      "i" : "ENA_USD",
      "m" : "4611686018429182280"
    }, {
      "d" : "1756457841791262005",
      "t" : 1756457841791,
      "tn" : 1756457841791262005,
      "q" : "1.9",
      "p" : "0.64595",
      "s" : "buy",
      "i" : "ENA_USD",
      "m" : "4611686018429182279"
    }, {
      "d" : "1756457841789800881",
      "t" : 1756457841789,
      "tn" : 1756457841789800881,
      "q" : "1.9",
      "p" : "0.64595",
      "s" : "buy",
      "i" : "ENA_USD",
      "m" : "4611686018429182278"
    }, {
      "d" : "1756457812320831458",
      "t" : 1756457812320,
      "tn" : 1756457812320831458,
      "q" : "0.1",
      "p" : "0.64624",
      "s" : "sell",
      "i" : "ENA_USD",
      "m" : "4611686018429182277"
    }, {
      "d" : "1756457812320429644",
      "t" : 1756457812320,
      "tn" : 1756457812320429644,
      "q" : "1.8",
      "p" : "0.64624",
      "s" : "sell",
      "i" : "ENA_USD",
      "m" : "4611686018429182276"
    }, {
      "d" : "1756457775904233715",
      "t" : 1756457775904,
      "tn" : 1756457775904233715,
      "q" : "1.9",
      "p" : "0.64704",
      "s" : "sell",
      "i" : "ENA_USD",
      "m" : "4611686018429182275"
    }, {
      "d" : "1756457730227196290",
      "t" : 1756457730227,
      "tn" : 1756457730227196290,
      "q" : "1.9",
      "p" : "0.64664",
      "s" : "sell",
      "i" : "ENA_USD",
      "m" : "4611686018429182274"
    }, {
      "d" : "1756457705292149173",
      "t" : 1756457705292,
      "tn" : 1756457705292149173,
      "q" : "1.9",
      "p" : "0.64824",
      "s" : "sell",
      "i" : "ENA_USD",
      "m" : "4611686018429182273"
    }, {
      "d" : "1756457674987632559",
      "t" : 1756457674987,
      "tn" : 1756457674987632559,
      "q" : "1.8",
      "p" : "0.64875",
      "s" : "buy",
      "i" : "ENA_USD",
      "m" : "4611686018429182272"
    }, {
      "d" : "1756457558722281009",
      "t" : 1756457558722,
      "tn" : 1756457558722281009,
      "q" : "1.9",
      "p" : "0.64964",
      "s" : "sell",
      "i" : "ENA_USD",
      "m" : "4611686018429182271"
    }, {
      "d" : "1756457539792106012",
      "t" : 1756457539792,
      "tn" : 1756457539792106012,
      "q" : "319.1",
      "p" : "0.64965",
      "s" : "sell",
      "i" : "ENA_USD",
      "m" : "4611686018429182270"
    }, {
      "d" : "1756457536836519978",
      "t" : 1756457536836,
      "tn" : 1756457536836519978,
      "q" : "1.9",
      "p" : "0.64965",
      "s" : "buy",
      "i" : "ENA_USD",
      "m" : "4611686018429182269"
    }, {
      "d" : "1756457530933889074",
      "t" : 1756457530933,
      "tn" : 1756457530933889074,
      "q" : "1.9",
      "p" : "0.64905",
      "s" : "buy",
      "i" : "ENA_USD",
      "m" : "4611686018429182268"
    }, {
      "d" : "1756457524997998811",
      "t" : 1756457524997,
      "tn" : 1756457524997998811,
      "q" : "1.9",
      "p" : "0.64905",
      "s" : "buy",
      "i" : "ENA_USD",
      "m" : "4611686018429182267"
    }, {
      "d" : "1756457519079043365",
      "t" : 1756457519079,
      "tn" : 1756457519079043365,
      "q" : "1.9",
      "p" : "0.64935",
      "s" : "buy",
      "i" : "ENA_USD",
      "m" : "4611686018429182266"
    }, {
      "d" : "1756457512971547314",
      "t" : 1756457512971,
      "tn" : 1756457512971547314,
      "q" : "1.9",
      "p" : "0.64895",
      "s" : "buy",
      "i" : "ENA_USD",
      "m" : "4611686018429182265"
    }, {
      "d" : "1756457506908625031",
      "t" : 1756457506908,
      "tn" : 1756457506908625031,
      "q" : "1.9",
      "p" : "0.64895",
      "s" : "buy",
      "i" : "ENA_USD",
      "m" : "4611686018429182264"
    }, {
      "d" : "1756457500996227392",
      "t" : 1756457500996,
      "tn" : 1756457500996227392,
      "q" : "1.9",
      "p" : "0.64895",
      "s" : "buy",
      "i" : "ENA_USD",
      "m" : "4611686018429182263"
    }, {
      "d" : "1756457495002898018",
      "t" : 1756457495002,
      "tn" : 1756457495002898018,
      "q" : "1.9",
      "p" : "0.64895",
      "s" : "buy",
      "i" : "ENA_USD",
      "m" : "4611686018429182262"
    }, {
      "d" : "1756457488919421961",
      "t" : 1756457488919,
      "tn" : 1756457488919421961,
      "q" : "1.9",
      "p" : "0.64905",
      "s" : "buy",
      "i" : "ENA_USD",
      "m" : "4611686018429182261"
    }, {
      "d" : "1756457483036275015",
      "t" : 1756457483036,
      "tn" : 1756457483036275015,
      "q" : "1.9",
      "p" : "0.64965",
      "s" : "buy",
      "i" : "ENA_USD",
      "m" : "4611686018429182260"
    }, {
      "d" : "1756457476999646897",
      "t" : 1756457476999,
      "tn" : 1756457476999646897,
      "q" : "1.9",
      "p" : "0.64975",
      "s" : "buy",
      "i" : "ENA_USD",
      "m" : "4611686018429182259"
    }, {
      "d" : "1756457470738378459",
      "t" : 1756457470738,
      "tn" : 1756457470738378459,
      "q" : "1.9",
      "p" : "0.64965",
      "s" : "buy",
      "i" : "ENA_USD",
      "m" : "4611686018429182258"
    }, {
      "d" : "1756457465016678807",
      "t" : 1756457465016,
      "tn" : 1756457465016678807,
      "q" : "1.9",
      "p" : "0.64945",
      "s" : "buy",
      "i" : "ENA_USD",
      "m" : "4611686018429182257"
    }, {
      "d" : "1756457459319473856",
      "t" : 1756457459319,
      "tn" : 1756457459319473856,
      "q" : "1.9",
      "p" : "0.64925",
      "s" : "buy",
      "i" : "ENA_USD",
      "m" : "4611686018429182256"
    }, {
      "d" : "1756457384159564053",
      "t" : 1756457384159,
      "tn" : 1756457384159564053,
      "q" : "1.8",
      "p" : "0.64835",
      "s" : "buy",
      "i" : "ENA_USD",
      "m" : "4611686018429182255"
    }, {
      "d" : "1756457360549833805",
      "t" : 1756457360549,
      "tn" : 1756457360549833805,
      "q" : "1.8",
      "p" : "0.64815",
      "s" : "buy",
      "i" : "ENA_USD",
      "m" : "4611686018429182254"
    }, {
      "d" : "1756457284230891809",
      "t" : 1756457284230,
      "tn" : 1756457284230891809,
      "q" : "1.9",
      "p" : "0.64824",
      "s" : "sell",
      "i" : "ENA_USD",
      "m" : "4611686018429182253"
    }, {
      "d" : "1756457096679176010",
      "t" : 1756457096679,
      "tn" : 1756457096679176010,
      "q" : "1.9",
      "p" : "0.64995",
      "s" : "buy",
      "i" : "ENA_USD",
      "m" : "4611686018429182252"
    }, {
      "d" : "1756456908644269183",
      "t" : 1756456908644,
      "tn" : 1756456908644269183,
      "q" : "1.9",
      "p" : "0.64995",
      "s" : "buy",
      "i" : "ENA_USD",
      "m" : "4611686018429182251"
    }, {
      "d" : "1756456859959280744",
      "t" : 1756456859959,
      "tn" : 1756456859959280744,
      "q" : "1.9",
      "p" : "0.64945",
      "s" : "buy",
      "i" : "ENA_USD",
      "m" : "4611686018429182250"
    }, {
      "d" : "1756456539467362146",
      "t" : 1756456539467,
      "tn" : 1756456539467362146,
      "q" : "51.7",
      "p" : "0.64925",
      "s" : "sell",
      "i" : "ENA_USD",
      "m" : "4611686018429182249"
    }, {
      "d" : "1756456536914440779",
      "t" : 1756456536914,
      "tn" : 1756456536914440779,
      "q" : "1.9",
      "p" : "0.64925",
      "s" : "buy",
      "i" : "ENA_USD",
      "m" : "4611686018429182248"
    }, {
      "d" : "1756456530935873389",
      "t" : 1756456530935,
      "tn" : 1756456530935873389,
      "q" : "1.9",
      "p" : "0.64915",
      "s" : "buy",
      "i" : "ENA_USD",
      "m" : "4611686018429182247"
    }, {
      "d" : "1756456524787499876",
      "t" : 1756456524787,
      "tn" : 1756456524787499876,
      "q" : "1.9",
      "p" : "0.64905",
      "s" : "buy",
      "i" : "ENA_USD",
      "m" : "4611686018429182246"
    }, {
      "d" : "1756456518723781109",
      "t" : 1756456518723,
      "tn" : 1756456518723781109,
      "q" : "1.9",
      "p" : "0.64925",
      "s" : "buy",
      "i" : "ENA_USD",
      "m" : "4611686018429182245"
    }, {
      "d" : "1756456503865387699",
      "t" : 1756456503865,
      "tn" : 1756456503865387699,
      "q" : "1.9",
      "p" : "0.64945",
      "s" : "buy",
      "i" : "ENA_USD",
      "m" : "4611686018429182244"
    } ]
  }
}