{
  "id" : -1,
  "method" : "public/get-trades",
  "code" : 0,
  "result" : {
    "data" : [ {
      "d" : "1756459944390156674",
      "t" : 1756459944390,
      "tn" : 1756459944390156674,
      "q" : "1.8",
      "p" : "0.64546",
      "s" : "buy",
      "i" : "ENA_USDT",
      "m" : "4611686018428637157"
    }, {
      "d" : "1756459814796192220",
      "t" : 1756459814796,
      "tn" : 1756459814796192220,
      "q" : "1.9",
      "p" : "0.64630",
      "s" : "buy",
      "i" : "ENA_USDT",
      "m" : "4611686018428637156"
    }, {
      "d" : "1756459814739002247",
      "t" : 1756459814739,
      "tn" : 1756459814739002247,
      "q" : "1.9",
      "p" : "0.64450",
      "s" : "buy",
      "i" : "ENA_USDT",
      "m" : "4611686018428637155"
    }, {
      "d" : "1756459680951357165",
      "t" : 1756459680951,
      "tn" : 1756459680951357165,
      "q" : "1.8",
      "p" : "0.64366",
      "s" : "buy",
      "i" : "ENA_USDT",
      "m" : "4611686018428637154"
    }, {
      "d" : "1756459581532027640",
      "t" : 1756459581532,
      "tn" : 1756459581532027640,
      "q" : "1.8",
      "p" : "0.64516",
      "s" : "buy",
      "i" : "ENA_USDT",
      "m" : "4611686018428637153"
    }, {
      "d" : "1756459373552296948",
      "t" : 1756459373552,
      "tn" : 1756459373552296948,
      "q" : "1.8",
      "p" : "0.64776",
      "s" : "buy",
      "i" : "ENA_USDT",
      "m" : "4611686018428637152"
    }, {
      "d" : "1756459356557397619",
      "t" : 1756459356557,
      "tn" : 1756459356557397619,
      "q" : "1.8",
      "p" : "0.64826",
      "s" : "buy",
      "i" : "ENA_USDT",
      "m" : "4611686018428637151"
    }, {
      "d" : "1756459356409590066",
      "t" : 1756459356409,
      "tn" : 1756459356409590066,
      "q" : "1.8",
      "p" : "0.64826",
      "s" : "buy",
      "i" : "ENA_USDT",
      "m" : "4611686018428637150"
    }, {
      "d" : "1756459356260064646",
      "t" : 1756459356260,
      "tn" : 1756459356260064646,
      "q" : "1.8",
      "p" : "0.64816",
      "s" : "buy",
      "i" : "ENA_USDT",
      "m" : "4611686018428637149"
    }, {
      "d" : "1756459338812360576",
      "t" : 1756459338812,
      "tn" : 1756459338812360576,
      "q" : "1.8",
      "p" : "0.64766",
      "s" : "buy",
      "i" : "ENA_USDT",
      "m" : "4611686018428637148"
    }, {
      "d" : "1756459338258773982",
      "t" : 1756459338258,
      "tn" : 1756459338258773982,
      "q" : "1.8",
      "p" : "0.64756",
      "s" : "buy",
      "i" : "ENA_USDT",
      "m" : "4611686018428637147"
    }, {
      "d" : "1756459327939452249",
      "t" : 1756459327939,
      "tn" : 1756459327939452249,
      "q" : "1.8",
      "p" : "0.64816",
      "s" : "buy",
      "i" : "ENA_USDT",
      "m" : "4611686018428637146"
    }, {
      "d" : "1756459324451670229",
      "t" : 1756459324451,
      "tn" : 1756459324451670229,
      "q" : "1.8",
      "p" : "0.64796",
      "s" : "buy",
      "i" : "ENA_USDT",
      "m" : "4611686018428637145"
    }, {
      "d" : "1756459324302480680",
      "t" : 1756459324302,
      "tn" : 1756459324302480680,
      "q" : "1.8",
      "p" : "0.64796",
      "s" : "buy",
      "i" : "ENA_USDT",
      "m" : "4611686018428637144"
    }, {
      "d" : "1756459287782080415",
      "t" : 1756459287782,
      "tn" : 1756459287782080415,
      "q" : "1.8",
      "p" : "0.64666",
      "s" : "buy",
      "i" : "ENA_USDT",
      "m" : "4611686018428637143"
    }, {
      "d" : "1756459270593813804",
      "t" : 1756459270593,
      "tn" : 1756459270593813804,
      "q" : "1.9",
      "p" : "0.64646",
      "s" : "buy",
      "i" : "ENA_USDT",
      "m" : "4611686018428637142"
    }, {
      "d" : "1756459206483452997",
      "t" : 1756459206483,
      "tn" : 1756459206483452997,
      "q" : "1.8",
      "p" : "0.64726",
      "s" : "buy",
      "i" : "ENA_USDT",
      "m" : "4611686018428637141"
    }, {
      "d" : "1756459188993155169",
      "t" : 1756459188993,
      "tn" : 1756459188993155169,
      "q" : "1.8",
      "p" : "0.64686",
      "s" : "buy",
      "i" : "ENA_USDT",
      "m" : "4611686018428637140"
    }, {
      "d" : "1756459188102883384",
      "t" : 1756459188102,
      "tn" : 1756459188102883384,
      "q" : "1.8",
      "p" : "0.64686",
      "s" : "buy",
      "i" : "ENA_USDT",
      "m" : "4611686018428637139"
    }, {
      "d" : "1756459180392657439",
      "t" : 1756459180392,
      "tn" : 1756459180392657439,
      "q" : "1.8",
      "p" : "0.64616",
      "s" : "buy",
      "i" : "ENA_USDT",
      "m" : "4611686018428637138"
    }, {
      "d" : "1756459166418542960",
      "t" : 1756459166418,
      "tn" : 1756459166418542960,
      "q" : "1.8",
      "p" : "0.64536",
      "s" : "buy",
      "i" : "ENA_USDT",
      "m" : "4611686018428637137"
    }, {
      "d" : "1756459157935053887",
      "t" : 1756459157935,
      "tn" : 1756459157935053887,
      "q" : "1.8",
      "p" : "0.64506",
      "s" : "buy",
      "i" : "ENA_USDT",
      "m" : "4611686018428637136"
    }, {
      "d" : "1756459073055589380",
      "t" : 1756459073055,
      "tn" : 1756459073055589380,
      "q" : "1.8",
      "p" : "0.64396",
      "s" : "buy",
      "i" : "ENA_USDT",
      "m" : "4611686018428637135"
    }, {
      "d" : "1756459015859861090",
      "t" : 1756459015859,
      "tn" : 1756459015859861090,
      "q" : "1.8",
      "p" : "0.64426",
      "s" : "buy",
      "i" : "ENA_USDT",
      "m" : "4611686018428637134"
    }, {
      "d" : "1756458975777354675",
      "t" : 1756458975777,
      "tn" : 1756458975777354675,
      "q" : "1.8",
      "p" : "0.64306",
      "s" : "buy",
      "i" : "ENA_USDT",
      "m" : "4611686018428637133"
    }, {
      "d" : "1756458958716722649",
      "t" : 1756458958716,
      "tn" : 1756458958716722649,
      "q" : "1.8",
      "p" : "0.64266",
      "s" : "buy",
      "i" : "ENA_USDT",
      "m" : "4611686018428637132"
    }, {
      "d" : "1756458934884298893",
      "t" : 1756458934884,
      "tn" : 1756458934884298893,
      "q" : "1.8",
      "p" : "0.64256",
      "s" : "buy",
      "i" : "ENA_USDT",
      "m" : "4611686018428637131"
    }, {
      "d" : "1756458906855037698",
      "t" : 1756458906855,
      "tn" : 1756458906855037698,
      "q" : "1.8",
      "p" : "0.64276",
      "s" : "buy",
      "i" : "ENA_USDT",
      "m" : "4611686018428637130"
    }, {
      "d" : "1756458885661552210",
      "t" : 1756458885661,
      "tn" : 1756458885661552210,
      "q" : "1.8",
      "p" : "0.64276",
      "s" : "buy",
      "i" : "ENA_USDT",
      "m" : "4611686018428637129"
    }, {
      "d" : "1756458873196846994",
      "t" : 1756458873196,
      "tn" : 1756458873196846994,
      "q" : "1.8",
      "p" : "0.64284",
      "s" : "sell",
      "i" : "ENA_USDT",
      "m" : "4611686018428637128"
    }, {
      "d" : "1756458864736611960",
      "t" : 1756458864736,
      "tn" : 1756458864736611960,
      "q" : "1.8",
      "p" : "0.64326",
      "s" : "buy",
      "i" : "ENA_USDT",
      "m" : "4611686018428637127"
    }, {
      "d" : "1756458852475912007",
      "t" : 1756458852475,
      "tn" : 1756458852475912007,
      "q" : "0.1",
      "p" : "0.64316",
      "s" : "buy",
      "i" : "ENA_USDT",
      "m" : "4611686018428637126"
    }, {
      "d" : "1756458852475908552",
      "t" : 1756458852475,
      "tn" : 1756458852475908552,
      "q" : "1.8",
      "p" : "0.64316",
      "s" : "buy",
      "i" : "ENA_USDT",
      "m" : "4611686018428637125"
    }, {
      "d" : "1756458824898907424",
      "t" : 1756458824898,
      "tn" : 1756458824898907424,
      "q" : "1.9",
      "p" : "0.64435",
      "s" : "sell",
      "i" : "ENA_USDT",
      "m" : "4611686018428637124"
    }, {
      "d" : "1756458781116580307",
      "t" : 1756458781116,
      "tn" : 1756458781116580307,
      "q" : "1.8",
      "p" : "0.64445",
      "s" : "buy",
      "i" : "ENA_USDT",
      "m" : "4611686018428637123"
    }, {
      "d" : "1756458613029213619",
      "t" : 1756458613029,
      "tn" : 1756458613029213619,
      "q" : "1.8",
      "p" : "0.64296",
      "s" : "buy",
      "i" : "ENA_USDT",
      "m" : "4611686018428637122"
    }, {
      "d" : "1756458522949537687",
      "t" : 1756458522949,
      "tn" : 1756458522949537687,
      "q" : "0.1",
      "p" : "0.64346",
      "s" : "buy",
      "i" : "ENA_USDT",
      "m" : "4611686018428637121"
    }, {
      "d" : "1756458522949414832",
      "t" : 1756458522949,
      "tn" : 1756458522949414832,
      "q" : "1.8",
      "p" : "0.64346",
      "s" : "buy",
      "i" : "ENA_USDT",
      "m" : "4611686018428637120"
    }, {
      "d" : "1756458501526195917",
      "t" : 1756458501526,
      "tn" : 1756458501526195917,
      "q" : "1.9",
      "p" : "0.64314",
      "s" : "sell",
      "i" : "ENA_USDT",
      "m" : "4611686018428637119"
    }, {
      "d" : "1756458484658295449",
      "t" : 1756458484658,
      "tn" : 1756458484658295449,
      "q" : "1.8",
      "p" : "0.64286",
      "s" : "buy",
      "i" : "ENA_USDT",
      "m" : "4611686018428637118"
    }, {
      "d" : "1756458478378614080",
      "t" : 1756458478378,
      "tn" : 1756458478378614080,
      "q" : "1.8",
      "p" : "0.64256",
      "s" : "buy",
      "i" : "ENA_USDT",
      "m" : "4611686018428637117"
    }, {
      "d" : "1756458428681153256",
      "t" : 1756458428681,
      "tn" : 1756458428681153256,
      "q" : "1.8",
      "p" : "0.64316",
      "s" : "buy",
      "i" : "ENA_USDT",
      "m" : "4611686018428637116"
    }, {
      "d" : "1756458299260600530",
      "t" : 1756458299260,
      "tn" : 1756458299260600530,
      "q" : "1.9",
      "p" : "0.64276",
      "s" : "buy",
      "i" : "ENA_USDT",
      "m" : "4611686018428637115"
    }, {
      "d" : "1756458261779977357",
      "t" : 1756458261779,
      "tn" : 1756458261779977357,
      "q" : "1.9",
      "p" : "0.64244",
      "s" : "sell",
      "i" : "ENA_USDT",
      "m" : "4611686018428637114"
    }, {
      "d" : "1756458219583849138",
      "t" : 1756458219583,
      "tn" : 1756458219583849138,
      "q" : "1.9",
      "p" : "0.64264",
      "s" : "sell",
      "i" : "ENA_USDT",
      "m" : "4611686018428637113"
    }, {
      "d" : "1756458200260867779",
      "t" : 1756458200260,
      "tn" : 1756458200260867779,
      "q" : "1.9",
      "p" : "0.64254",
      "s" : "sell",
      "i" : "ENA_USDT",
      "m" : "4611686018428637112"
    }, {
      "d" : "1756458129126769396",
      "t" : 1756458129126,
      "tn" : 1756458129126769396,
      "q" : "1.8",
      "p" : "0.64456",
      "s" : "buy",
      "i" : "ENA_USDT",
      "m" : "4611686018428637111"
    }, {
      "d" : "1756458064895925152",
      "t" : 1756458064895,
      "tn" : 1756458064895925152,
      "q" : "1.8",
      "p" : "0.64556",
      "s" : "buy",
      "i" : "ENA_USDT",
      "m" : "4611686018428637110"
    }, {
      "d" : "1756458027787828261",
      "t" : 1756458027787,
      "tn" : 1756458027787828261,
      "q" : "0.1",
      "p" : "0.64656",
      "s" : "buy",
      "i" : "ENA_USDT",
      "m" : "4611686018428637109"
    }, {
      "d" : "1756458027787742055",
      "t" : 1756458027787,
      "tn" : 1756458027787742055,
      "q" : "1.8",
      "p" : "0.64656",
      "s" : "buy",
      "i" : "ENA_USDT",
      "m" : "4611686018428637108"
    }, {
      "d" : "1756457942492480764",
      "t" : 1756457942492,
      "tn" : 1756457942492480764,
      "q" : "1.8",
      "p" : "0.64566",
      "s" : "buy",
      "i" : "ENA_USDT",
      "m" : "4611686018428637107"
    }, {
      "d" : "1756457935712035686",
      "t" : 1756457935712,
      "tn" : 1756457935712035686,
      "q" : "1.8",
      "p" : "0.64546",
      "s" : "buy",
      "i" : "ENA_USDT",
      "m" : "4611686018428637106"
    }, {
      "d" : "1756457928947021684",
      "t" : 1756457928947,
      "tn" : 1756457928947021684,
      "q" : "1.8",
      "p" : "0.64536",
      "s" : "buy",
      "i" : "ENA_USDT",
      "m" : "4611686018428637105"
    }, {
      "d" : "1756457900539823072",
      "t" : 1756457900539,
      "tn" : 1756457900539823072,
      "q" : "1.9",
      "p" : "0.64576",
      "s" : "buy",
      "i" : "ENA_USDT",
      "m" : "4611686018428637104"
    }, {
      "d" : "1756457841791267431",
      "t" : 1756457841791,
      "tn" : 1756457841791267431,
      "q" : "1.9",
      "p" : "0.64586",
      "s" : "buy",
      "i" : "ENA_USDT",
      "m" : "4611686018428637103"
    }, {
      "d" : "1756457841789816259",
      "t" : 1756457841789,
      "tn" : 1756457841789816259,
      "q" : "1.9",
      "p" : "0.64586",
      "s" : "buy",
      "i" : "ENA_USDT",
      "m" : "4611686018428637102"
    }, {
      "d" : "1756457812320375527",
      "t" : 1756457812320,
      "tn" : 1756457812320375527,
      "q" : "1.8",
      "p" : "0.64614",
      "s" : "sell",
      "i" : "ENA_USDT",
      "m" : "4611686018428637101"
    }, {
      "d" : "1756457775904415921",
      "t" : 1756457775904,
      "tn" : 1756457775904415921,
      "q" : "1.9",
      "p" : "0.64694",
      "s" : "sell",
      "i" : "ENA_USDT",
      "m" : "4611686018428637100"
    }, {
      "d" : "1756457730227204493",
      "t" : 1756457730227,
      "tn" : 1756457730227204493,
      "q" : "1.9",
      "p" : "0.64654",
      "s" : "sell",
      "i" : "ENA_USDT",
      "m" : "4611686018428637099"
    }, {
      "d" : "1756457705292162799",
      "t" : 1756457705292,
      "tn" : 1756457705292162799,
      "q" : "1.9",
      "p" : "0.64814",
      "s" : "sell",
      "i" : "ENA_USDT",
      "m" : "4611686018428637098"
    }, {
      "d" : "1756457687261182221",
      "t" : 1756457687261,
      "tn" : 1756457687261182221,
      "q" : "1.8",
      "p" : "0.64846",
      "s" : "buy",
      "i" : "ENA_USDT",
      "m" : "4611686018428637097"
    }, {
      "d" : "1756457674987605964",
      "t" : 1756457674987,
      "tn" : 1756457674987605964,
      "q" : "1.7",
      "p" : "0.64866",
      "s" : "buy",
      "i" : "ENA_USDT",
      "m" : "4611686018428637096"
    }, {
      "d" : "1756457674987603828",
      "t" : 1756457674987,
      "tn" : 1756457674987603828,
      "q" : "163.2",
      "p" : "0.64864",
      "s" : "buy",
      "i" : "ENA_USDT",
      "m" : "4611686018428637095"
    }, {
      "d" : "1756457558722269686",
      "t" : 1756457558722,
      "tn" : 1756457558722269686,
      "q" : "1.9",
      "p" : "0.64954",
      "s" : "sell",
      "i" : "ENA_USDT",
      "m" : "4611686018428637094"
    }, {
      "d" : "1756457384159598236",
      "t" : 1756457384159,
      "tn" : 1756457384159598236,
      "q" : "1.8",
      "p" : "0.64826",
      "s" : "buy",
      "i" : "ENA_USDT",
      "m" : "4611686018428637093"
    }, {
      "d" : "1756457360549766709",
      "t" : 1756457360549,
      "tn" : 1756457360549766709,
      "q" : "1.8",
      "p" : "0.64806",
      "s" : "buy",
      "i" : "ENA_USDT",
      "m" : "4611686018428637092"
    }, {
      "d" : "1756457284231546433",
      "t" : 1756457284231,
      "tn" : 1756457284231546433,
      "q" : "1.9",
      "p" : "0.64815",
      "s" : "sell",
      "i" : "ENA_USDT",
      "m" : "4611686018428637091"
    }, {
      "d" : "1756457096679265141",
      "t" : 1756457096679,
      "tn" : 1756457096679265141,
      "q" : "1.9",
      "p" : "0.64986",
      "s" : "buy",
      "i" : "ENA_USDT",
      "m" : "4611686018428637090"
    }, {
      "d" : "1756456908648107205",
      "t" : 1756456908648,
      "tn" : 1756456908648107205,
      "q" : "1.9",
      "p" : "0.64991",
      "s" : "buy",
      "i" : "ENA_USDT",
      "m" : "4611686018428637089"
    }, {
      "d" : "1756456908644274341",
      "t" : 1756456908644,
      "tn" : 1756456908644274341,
      "q" : "1.9",
      "p" : "0.64986",
      "s" : "buy",
      "i" : "ENA_USDT",
      "m" : "4611686018428637088"
    }, {
      "d" : "1756456859959306876",
      "t" : 1756456859959,
      "tn" : 1756456859959306876,
      "q" : "1.9",
      "p" : "0.64936",
      "s" : "buy",
      "i" : "ENA_USDT",
      "m" : "4611686018428637087"
    }, {
      "d" : "1756456781267972275",
      "t" : 1756456781267,
      "tn" : 1756456781267972275,
      "q" : "1.9",
      "p" : "0.64865",
      "s" : "buy",
      "i" : "ENA_USDT",
      "m" : "4611686018428637086"
    }, {
      "d" : "1756456503865421175",
      "t" : 1756456503865,
      "tn" : 1756456503865421175,
      "q" : "1.9",
      "p" : "0.64936",
      "s" : "buy",
      "i" : "ENA_USDT",
      "m" : "4611686018428637085"
    }, {
      "d" : "1756455164541914397",
      "t" : 1756455164541,
      "tn" : 1756455164541914397,
      "q" : "1.9",
      "p" : "0.64666",
      "s" : "buy",
      "i" : "ENA_USDT",
      "m" : "4611686018428637084"
    }, {
      "d" : "1756455164539517291",
      "t" : 1756455164539,
      "tn" : 1756455164539517291,
      "q" : "1.9",
      "p" : "0.64666",
      "s" : "buy",
      "i" : "ENA_USDT",
      "m" : "4611686018428637083"
    }, {
      "d" : "1756455099500359321",
      "t" : 1756455099500,
      "tn" : 1756455099500359321,
      "q" : "1.9",
      "p" : "0.64694",
      "s" : "sell",
      "i" : "ENA_USDT",
      "m" : "4611686018428637082"
    }, {
      "d" : "1756454497954721475",
      "t" : 1756454497954,
      "tn" : 1756454497954721475,
      "q" : "1.9",
      "p" : "0.65096",
      "s" : "buy",
      "i" : "ENA_USDT",
      "m" : "4611686018428637081"
    }, {
      "d" : "1756453948292089191",
      "t" : 1756453948292,
      "tn" : 1756453948292089191,
      "q" : "1.9",
      "p" : "0.65026",
      "s" : "buy",
      "i" : "ENA_USDT",
      "m" : "4611686018428637080"
    }, {
      "d" : "1756453948292087079",
      "t" : 1756453948292,
      "tn" : 1756453948292087079,
      "q" : "330.0",
      "p" : "0.65024",
      "s" : "buy",
      "i" : "ENA_USDT",
      "m" : "4611686018428637079"
    }, {
      "d" : "1756453943425484002",
      "t" : 1756453943425,
      "tn" : 1756453943425484002,
      "q" : "438.1",
      "p" : "0.65024",
      "s" : "buy",
      "i" : "ENA_USDT",
      "m" : "4611686018428637078"
    }, {
      "d" : "1756453943420898933",
      "t" : 1756453943420,
      "tn" : 1756453943420898933,
      "q" : "1.9",
      "p" : "0.65024",
      "s" : "sell",
      "i" : "ENA_USDT",
      "m" : "4611686018428637077"
    }, {
      "d" : "1756453943420896653",
      "t" : 1756453943420,
      "tn" : 1756453943420896653,
      "q" : "43.4",
      "p" : "0.65116",
      "s" : "sell",
      "i" : "ENA_USDT",
      "m" : "4611686018428637076"
    }, {
      "d" : "1756453943415825940",
      "t" : 1756453943415,
      "tn" : 1756453943415825940,
      "q" : "1.9",
      "p" : "0.65116",
      "s" : "sell",
      "i" : "ENA_USDT",
      "m" : "4611686018428637075"
    }, {
      "d" : "1756453943414423520",
      "t" : 1756453943414,
      "tn" : 1756453943414423520,
      "q" : "767.9",
      "p" : "0.65116",
      "s" : "sell",
      "i" : "ENA_USDT",
      "m" : "4611686018428637074"
    }, {
      "d" : "1756453943396290160",
      "t" : 1756453943396,
      "tn" : 1756453943396290160,
      "q" : "767.9",
      "p" : "0.65116",
      "s" : "sell",
      "i" : "ENA_USDT",
      "m" : "4611686018428637073"
    }, {
      "d" : "1756453943395800327",
      "t" : 1756453943395,
      "tn" : 1756453943395800327,
      "q" : "1.9",
      "p" : "0.65116",
      "s" : "sell",
      "i" : "ENA_USDT",
      "m" : "4611686018428637072"
    }, {
      "d" : "1756453943382170887",
      "t" : 1756453943382,
      "tn" : 1756453943382170887,
      "q" : "767.9",
      "p" : "0.65116",
      "s" : "sell",
      "i" : "ENA_USDT",
      "m" : "4611686018428637071"
    }, {
      "d" : "1756453943380668642",
      "t" : 1756453943380,
      "tn" : 1756453943380668642,
      "q" : "1.9",
      "p" : "0.65116",
      "s" : "sell",
      "i" : "ENA_USDT",
      "m" : "4611686018428637070"
    }, {
      "d" : "1756453943370724989",
      "t" : 1756453943370,
      "tn" : 1756453943370724989,
      "q" : "2215.5",
      "p" : "0.65116",
      "s" : "sell",
      "i" : "ENA_USDT",
      "m" : "4611686018428637069"
    }, {
      "d" : "1756453943365238857",
      "t" : 1756453943365,
      "tn" : 1756453943365238857,
      "q" : "767.9",
      "p" : "0.65116",
      "s" : "sell",
      "i" : "ENA_USDT",
      "m" : "4611686018428637068"
    }, {
      "d" : "1756453943351684146",
      "t" : 1756453943351,
      "tn" : 1756453943351684146,
      "q" : "767.9",
      "p" : "0.65116",
      "s" : "sell",
      "i" : "ENA_USDT",
      "m" : "4611686018428637067"
    }, {
      "d" : "1756453943345665409",
      "t" : 1756453943345,
      "tn" : 1756453943345665409,
      "q" : "1.9",
      "p" : "0.65116",
      "s" : "sell",
      "i" : "ENA_USDT",
      "m" : "4611686018428637066"
    }, {
      "d" : "1756453943321319483",
      "t" : 1756453943321,
      "tn" : 1756453943321319483,
      "q" : "767.9",
      "p" : "0.65116",
      "s" : "sell",
      "i" : "ENA_USDT",
      "m" : "4611686018428637065"
    }, {
      "d" : "1756453943320688170",
      "t" : 1756453943320,
      "tn" : 1756453943320688170,
      "q" : "36.0",
      "p" : "0.65116",
      "s" : "sell",
      "i" : "ENA_USDT",
      "m" : "4611686018428637064"
    }, {
      "d" : "1756453943315178211",
      "t" : 1756453943315,
      "tn" : 1756453943315178211,
      "q" : "2213.6",
      "p" : "0.65116",
      "s" : "sell",
      "i" : "ENA_USDT",
      "m" : "4611686018428637063"
    }, {
      "d" : "1756453943310767964",
      "t" : 1756453943310,
      "tn" : 1756453943310767964,
      "q" : "1.9",
      "p" : "0.65116",
      "s" : "sell",
      "i" : "ENA_USDT",
      "m" : "4611686018428637062"
    }, {
      "d" : "1756453943291054011",
      "t" : 1756453943291,
      "tn" : 1756453943291054011,
      "q" : "767.9",
      "p" : "0.65116",
      "s" : "sell",
      "i" : "ENA_USDT",
      "m" : "4611686018428637061"
    }, {
      "d" : "1756453943290526847",
      "t" : 1756453943290,
      "tn" : 1756453943290526847,
      "q" : "1.9",
      "p" : "0.65116",
      "s" : "sell",
      "i" : "ENA_USDT",
      "m" : "4611686018428637060"
    }, {
      "d" : "1756453943272236438",
      "t" : 1756453943272,
      "tn" : 1756453943272236438,
      "q" : "767.9",
      "p" : "0.65116",
      "s" : "sell",
      "i" : "ENA_USDT",
      "m" : "4611686018428637059"
    }, {
      "d" : "1756453943270625506",
      "t" : 1756453943270,
      "tn" : 1756453943270625506,
      "q" : "36.0",
      "p" : "0.65116",
      "s" : "sell",
      "i" : "ENA_USDT",
      "m" : "4611686018428637058"
    }, {
      "d" : "1756453943266196218",
      "t" : 1756453943266,
      "tn" : 1756453943266196218,
      "q" : "2215.5",
      "p" : "0.65116",
      "s" : "sell",
      "i" : "ENA_USDT",
      "m" : "4611686018428637057"
    }, {
      "d" : "1756453943257219252",
      "t" : 1756453943257,
      "tn" : 1756453943257219252,
      "q" : "767.9",
      "p" : "0.65116",
      "s" : "sell",
      "i" : "ENA_USDT",
      "m" : "4611686018428637056"
    }, {
      "d" : "1756453943246182709",
      "t" : 1756453943246,
      "tn" : 1756453943246182709,
      "q" : "767.9",
      "p" : "0.65116",
      "s" : "sell",
      "i" : "ENA_USDT",
      "m" : "4611686018428637055"
    }, {
      "d" : "1756453943236917318",
      "t" : 1756453943236,
      "tn" : 1756453943236917318,
      "q" : "1.8",
      "p" : "0.65116",
      "s" : "sell",
      "i" : "ENA_USDT",
      "m" : "4611686018428637054"
    }, {
      "d" : "1756453943235460428",
      "t" : 1756453943235,
      "tn" : 1756453943235460428,
      "q" : "1.9",
      "p" : "0.65116",
      "s" : "sell",
      "i" : "ENA_USDT",
      "m" : "4611686018428637053"
    }, {
      "d" : "1756453943234115158",
      "t" : 1756453943234,
      "tn" : 1756453943234115158,
      "q" : "767.9",
      "p" : "0.65116",
      "s" : "sell",
      "i" : "ENA_USDT",
      "m" : "4611686018428637052"
    }, {
      "d" : "1756453943220685085",
      "t" : 1756453943220,
      "tn" : 1756453943220685085,
      "q" : "767.9",
      "p" : "0.65116",
      "s" : "sell",
      "i" : "ENA_USDT",
      "m" : "4611686018428637051"
    }, {
      "d" : "1756453943216433906",
      "t" : 1756453943216,
      "tn" : 1756453943216433906,
      "q" : "1.8",
      "p" : "0.65116",
      "s" : "sell",
      "i" : "ENA_USDT",
      "m" : "4611686018428637050"
    }, {
      "d" : "1756453943215472135",
      "t" : 1756453943215,
      "tn" : 1756453943215472135,
      "q" : "1.9",
      "p" : "0.65116",
      "s" : "sell",
      "i" : "ENA_USDT",
      "m" : "4611686018428637049"
    }, {
      "d" : "1756453943206255073",
      "t" : 1756453943206,
      "tn" : 1756453943206255073,
      "q" : "767.9",
      "p" : "0.65116",
      "s" : "sell",
      "i" : "ENA_USDT",
      "m" : "4611686018428637048"
    }, {
      "d" : "1756453943196414085",
      "t" : 1756453943196,
      "tn" : 1756453943196414085,
      "q" : "1.8",
      "p" : "0.65116",
      "s" : "sell",
      "i" : "ENA_USDT",
      "m" : "4611686018428637047"
    }, {
      "d" : "1756453943195417455",
      "t" : 1756453943195,
      "tn" : 1756453943195417455,
      "q" : "1.9",
      "p" : "0.65116",
      "s" : "sell",
      "i" : "ENA_USDT",
      "m" : "4611686018428637046"
    }, {
      "d" : "1756453943193338264",
      "t" : 1756453943193,
      "tn" : 1756453943193338264,
      "q" : "767.9",
      "p" : "0.65116",
      "s" : "sell",
      "i" : "ENA_USDT",
      "m" : "4611686018428637045"
    }, {
      "d" : "1756453943097016224",
      "t" : 1756453943097,
      "tn" : 1756453943097016224,
      "q" : "1.8",
      "p" : "0.65116",
      "s" : "sell",
      "i" : "ENA_USDT",
      "m" : "4611686018428637044"
    }, {
      "d" : "1756453943095323141",
      "t" : 1756453943095,
      "tn" : 1756453943095323141,
      "q" : "1.9",
      "p" : "0.65116",
      "s" : "sell",
      "i" : "ENA_USDT",
      "m" : "4611686018428637043"
    }, {
      "d" : "1756453943041196923",
      "t" : 1756453943041,
      "tn" : 1756453943041196923,
      "q" : "1.8",
      "p" : "0.65116",
      "s" : "sell",
      "i" : "ENA_USDT",
      "m" : "4611686018428637042"
    }, {
      "d" : "1756453943040384792",
      "t" : 1756453943040,
      "tn" : 1756453943040384792,
      "q" : "1.9",
      "p" : "0.65116",
      "s" : "sell",
      "i" : "ENA_USDT",
      "m" : "4611686018428637041"
    }, {
      "d" : "1756453942996014687",
      "t" : 1756453942996,
      "tn" : 1756453942996014687,
      "q" : "1.8",
      "p" : "0.65116",
      "s" : "sell",
      "i" : "ENA_USDT",
      "m" : "4611686018428637040"
    }, {
      "d" : "1756453942995244336",
      "t" : 1756453942995,
      "tn" : 1756453942995244336,
      "q" : "1.9",
      "p" : "0.65116",
      "s" : "sell",
      "i" : "ENA_USDT",
      "m" : "4611686018428637039"
    }, {
      "d" : "1756453942895834817",
      "t" : 1756453942895,
      "tn" : 1756453942895834817,
      "q" : "1.8",
      "p" : "0.65116",
      "s" : "sell",
      "i" : "ENA_USDT",
      "m" : "4611686018428637038"
    }, {
      "d" : "1756453942895070949",
      "t" : 1756453942895,
      "tn" : 1756453942895070949,
      "q" : "1.9",
      "p" : "0.65116",
      "s" : "sell",
      "i" : "ENA_USDT",
      "m" : "4611686018428637037"
    }, {
      "d" : "1756453942865221990",
      "t" : 1756453942865,
      "tn" : 1756453942865221990,
      "q" : "1.8",
      "p" : "0.65116",
      "s" : "sell",
      "i" : "ENA_USDT",
      "m" : "4611686018428637036"
    }, {
      "d" : "1756453942865000027",
      "t" : 1756453942865,
      "tn" : 1756453942865000027,
      "q" : "1.9",
      "p" : "0.65116",
      "s" : "sell",
      "i" : "ENA_USDT",
      "m" : "4611686018428637035"
    }, {
      "d" : "1756453942859189940",
      "t" : 1756453942859,
      "tn" : 1756453942859189940,
      "q" : "1845.0",
      "p" : "0.65116",
      "s" : "sell",
      "i" : "ENA_USDT",
      "m" : "4611686018428637034"
    }, {
      "d" : "1756453942799774673",
      "t" : 1756453942799,
      "tn" : 1756453942799774673,
      "q" : "1.9",
      "p" : "0.65116",
      "s" : "sell",
      "i" : "ENA_USDT",
      "m" : "4611686018428637033"
    }, {
      "d" : "1756453942784747418",
      "t" : 1756453942784,
      "tn" : 1756453942784747418,
      "q" : "1.9",
      "p" : "0.65116",
      "s" : "sell",
      "i" : "ENA_USDT",
      "m" : "4611686018428637032"
    }, {
      "d" : "1756453942754576490",
      "t" : 1756453942754,
      "tn" : 1756453942754576490,
      "q" : "1.9",
      "p" : "0.65116",
      "s" : "sell",
      "i" : "ENA_USDT",
      "m" : "4611686018428637031"
    }, {
      "d" : "1756453942694387307",
      "t" : 1756453942694,
      "tn" : 1756453942694387307,
      "q" : "1.9",
      "p" : "0.65116",
      "s" : "sell",
      "i" : "ENA_USDT",
      "m" : "4611686018428637030"
    }, {
      "d" : "1756453942639361612",
      "t" : 1756453942639,
      "tn" : 1756453942639361612,
      "q" : "1.9",
      "p" : "0.65116",
      "s" : "sell",
      "i" : "ENA_USDT",
      "m" : "4611686018428637029"
    }, {
      "d" : "1756453942593580531",
      "t" : 1756453942593,
      "tn" : 1756453942593580531,
      "q" : "1.9",
      "p" : "0.65116",
      "s" : "sell",
      "i" : "ENA_USDT",
      "m" : "4611686018428637028"
    }, {
      "d" : "1756453942558543355",
      "t" : 1756453942558,
      "tn" : 1756453942558543355,
      "q" : "1.9",
      "p" : "0.65116",
      "s" : "sell",
      "i" : "ENA_USDT",
      "m" : "4611686018428637027"
    }, {
      "d" : "1756453942523502540",
      "t" : 1756453942523,
      "tn" : 1756453942523502540,
      "q" : "1.9",
      "p" : "0.65116",
      "s" : "sell",
      "i" : "ENA_USDT",
      "m" : "4611686018428637026"
    }, {
      "d" : "1756453942478494058",
      "t" : 1756453942478,
      "tn" : 1756453942478494058,
      "q" : "1.9",
      "p" : "0.65116",
      "s" : "sell",
      "i" : "ENA_USDT",
      "m" : "4611686018428637025"
    }, {
      "d" : "1756453942393431306",
      "t" : 1756453942393,
      "tn" : 1756453942393431306,
      "q" : "1.9",
      "p" : "0.65116",
      "s" : "sell",
      "i" : "ENA_USDT",
      "m" : "4611686018428637024"
    }, {
      "d" : "1756453942293274666",
      "t" : 1756453942293,
      "tn" : 1756453942293274666,
      "q" : "1.9",
      "p" : "0.65116",
      "s" : "sell",
      "i" : "ENA_USDT",
      "m" : "4611686018428637023"
    }, {
      "d" : "1756453942198134383",
      "t" : 1756453942198,
      "tn" : 1756453942198134383,
      "q" : "1.9",
      "p" : "0.65116",
      "s" : "sell",
      "i" : "ENA_USDT",
      "m" : "4611686018428637022"
    }, {
      "d" : "1756453942098068003",
      "t" : 1756453942098,
      "tn" : 1756453942098068003,
      "q" : "1.9",
      "p" : "0.65116",
      "s" : "sell",
      "i" : "ENA_USDT",
      "m" : "4611686018428637021"
    }, {
      "d" : "1756453941997960092",
      "t" : 1756453941997,
      "tn" : 1756453941997960092,
      "q" : "1.9",
      "p" : "0.65116",
      "s" : "sell",
      "i" : "ENA_USDT",
      "m" : "4611686018428637020"
    }, {
      "d" : "1756453941897887195",
      "t" : 1756453941897,
      "tn" : 1756453941897887195,
      "q" : "1.9",
      "p" : "0.65116",
      "s" : "sell",
      "i" : "ENA_USDT",
      "m" : "4611686018428637019"
    }, {
      "d" : "1756453941692375493",
      "t" : 1756453941692,
      "tn" : 1756453941692375493,
      "q" : "1.9",
      "p" : "0.65116",
      "s" : "sell",
      "i" : "ENA_USDT",
      "m" : "4611686018428637018"
    }, {
      "d" : "1756453941617312430",
      "t" : 1756453941617,
      "tn" : 1756453941617312430,
      "q" : "1.9",
      "p" : "0.65116",
      "s" : "sell",
      "i" : "ENA_USDT",
      "m" : "4611686018428637017"
    }, {
      "d" : "1756453941596648516",
      "t" : 1756453941596,
      "tn" : 1756453941596648516,
      "q" : "1.9",
      "p" : "0.65116",
      "s" : "sell",
      "i" : "ENA_USDT",
      "m" : "4611686018428637016"
    }, {
      "d" : "1756453941531595467",
      "t" : 1756453941531,
      "tn" : 1756453941531595467,
      "q" : "1.9",
      "p" : "0.65116",
      "s" : "sell",
      "i" : "ENA_USDT",
      "m" : "4611686018428637015"
    }, {
      "d" : "1756453927008764017",
      "t" : 1756453927008,
      "tn" : 1756453927008764017,
      "q" : "1.9",
      "p" : "0.65106",
      "s" : "buy",
      "i" : "ENA_USDT",
      "m" : "4611686018428637014"
    }, {
      "d" : "1756453909107492966",
      "t" : 1756453909107,
      "tn" : 1756453909107492966,
      "q" : "1.9",
      "p" : "0.65185",
      "s" : "sell",
      "i" : "ENA_USDT",
      "m" : "4611686018428637013"
    }, {
      "d" : "1756453902101522630",
      "t" : 1756453902101,
      "tn" : 1756453902101522630,
      "q" : "1.9",
      "p" : "0.65196",
      "s" : "buy",
      "i" : "ENA_USDT",
      "m" : "4611686018428637012"
    }, {
      "d" : "1756453800392818605",
      "t" : 1756453800392,
      "tn" : 1756453800392818605,
      "q" : "1.9",
      "p" : "0.65046",
      "s" : "buy",
      "i" : "ENA_USDT",
      "m" : "4611686018428637011"
    }, {
      "d" : "1756453581873898509",
      "t" : 1756453581873,
      "tn" : 1756453581873898509,
      "q" : "1.9",
      "p" : "0.65126",
      "s" : "buy",
      "i" : "ENA_USDT",
      "m" : "4611686018428637010"
    }, {
      "d" : "1756453576754892472",
      "t" : 1756453576754,
      "tn" : 1756453576754892472,
      "q" : "1.9",
      "p" : "0.65076",
      "s" : "buy",
      "i" : "ENA_USDT",
      "m" : "4611686018428637009"
    }, {
      "d" : "1756453480299437821",
      "t" : 1756453480299,
      "tn" : 1756453480299437821,
      "q" : "1.9",
      "p" : "0.65014",
      "s" : "sell",
      "i" : "ENA_USDT",
      "m" : "4611686018428637008"
    } ]
  }
}