{
  "id" : -1,
  "method" : "public/get-trades",
  "code" : 0,
  "result" : {
    "data" : [ {
      "d" : "1756460804095093121",
      "t" : 1756460804095,
      "tn" : 1756460804095093121,
      "q" : "401",
      "p" : "0.64928",
      "s" : "sell",
      "i" : "ENAUSD-PERP",
      "m" : "4611686018430286141"
    }, {
      "d" : "1756460804088546816",
      "t" : 1756460804088,
      "tn" : 1756460804088546816,
      "q" : "500",
      "p" : "0.64928",
      "s" : "sell",
      "i" : "ENAUSD-PERP",
      "m" : "4611686018430286140"
    }, {
      "d" : "1756460804072667241",
      "t" : 1756460804072,
      "tn" : 1756460804072667241,
      "q" : "214",
      "p" : "0.64928",
      "s" : "sell",
      "i" : "ENAUSD-PERP",
      "m" : "4611686018430286139"
    }, {
      "d" : "1756460558231696590",
      "t" : 1756460558231,
      "tn" : 1756460558231696590,
      "q" : "1",
      "p" : "0.64944",
      "s" : "buy",
      "i" : "ENAUSD-PERP",
      "m" : "4611686018430286138"
    }, {
      "d" : "1756460529189772532",
      "t" : 1756460529189,
      "tn" : 1756460529189772532,
      "q" : "1",
      "p" : "0.64943",
      "s" : "buy",
      "i" : "ENAUSD-PERP",
      "m" : "4611686018430286137"
    }, {
      "d" : "1756460331468063094",
      "t" : 1756460331468,
      "tn" : 1756460331468063094,
      "q" : "779",
      "p" : "0.64770",
      "s" : "sell",
      "i" : "ENAUSD-PERP",
      "m" : "4611686018430286136"
    }, {
      "d" : "1756460331467596916",
      "t" : 1756460331467,
      "tn" : 1756460331467596916,
      "q" : "389",
      "p" : "0.64770",
      "s" : "sell",
      "i" : "ENAUSD-PERP",
      "m" : "4611686018430286135"
    }, {
      "d" : "1756460331467595447",
      "t" : 1756460331467,
      "tn" : 1756460331467595447,
      "q" : "1",
      "p" : "0.64771",
      "s" : "sell",
      "i" : "ENAUSD-PERP",
      "m" : "4611686018430286134"
    }, {
      "d" : "1756460320351597251",
      "t" : 1756460320351,
      "tn" : 1756460320351597251,
      "q" : "1",
      "p" : "0.64802",
      "s" : "sell",
      "i" : "ENAUSD-PERP",
      "m" : "4611686018430286133"
    }, {
      "d" : "1756460301885437178",
      "t" : 1756460301885,
      "tn" : 1756460301885437178,
      "q" : "1",
      "p" : "0.64883",
      "s" : "sell",
      "i" : "ENAUSD-PERP",
      "m" : "4611686018430286132"
    }, {
      "d" : "1756460255514918678",
      "t" : 1756460255514,
      "tn" : 1756460255514918678,
      "q" : "1",
      "p" : "0.64893",
      "s" : "sell",
      "i" : "ENAUSD-PERP",
      "m" : "4611686018430286131"
    }, {
      "d" : "1756460207955423449",
      "t" : 1756460207955,
      "tn" : 1756460207955423449,
      "q" : "1",
      "p" : "0.64750",
      "s" : "sell",
      "i" : "ENAUSD-PERP",
      "m" : "4611686018430286130"
    }, {
      "d" : "1756460114148977852",
      "t" : 1756460114148,
      "tn" : 1756460114148977852,
      "q" : "1",
      "p" : "0.64695",
      "s" : "buy",
      "i" : "ENAUSD-PERP",
      "m" : "4611686018430286129"
    }, {
      "d" : "1756459814962265507",
      "t" : 1756459814962,
      "tn" : 1756459814962265507,
      "q" : "309",
      "p" : "0.64624",
      "s" : "sell",
      "i" : "ENAUSD-PERP",
      "m" : "4611686018430286128"
    }, {
      "d" : "1756459814962263859",
      "t" : 1756459814962,
      "tn" : 1756459814962263859,
      "q" : "1",
      "p" : "0.64652",
      "s" : "sell",
      "i" : "ENAUSD-PERP",
      "m" : "4611686018430286127"
    }, {
      "d" : "1756459814798391024",
      "t" : 1756459814798,
      "tn" : 1756459814798391024,
      "q" : "2945",
      "p" : "0.64629",
      "s" : "buy",
      "i" : "ENAUSD-PERP",
      "m" : "4611686018430286126"
    }, {
      "d" : "1756459814798307389",
      "t" : 1756459814798,
      "tn" : 1756459814798307389,
      "q" : "700",
      "p" : "0.64629",
      "s" : "buy",
      "i" : "ENAUSD-PERP",
      "m" : "4611686018430286125"
    }, {
      "d" : "1756459814739099365",
      "t" : 1756459814739,
      "tn" : 1756459814739099365,
      "q" : "1",
      "p" : "0.64454",
      "s" : "buy",
      "i" : "ENAUSD-PERP",
      "m" : "4611686018430286124"
    }, {
      "d" : "1756459811916898764",
      "t" : 1756459811916,
      "tn" : 1756459811916898764,
      "q" : "1",
      "p" : "0.64464",
      "s" : "buy",
      "i" : "ENAUSD-PERP",
      "m" : "4611686018430286123"
    }, {
      "d" : "1756459724670295399",
      "t" : 1756459724670,
      "tn" : 1756459724670295399,
      "q" : "1",
      "p" : "0.64392",
      "s" : "sell",
      "i" : "ENAUSD-PERP",
      "m" : "4611686018430286122"
    }, {
      "d" : "1756459445744447166",
      "t" : 1756459445744,
      "tn" : 1756459445744447166,
      "q" : "1",
      "p" : "0.64572",
      "s" : "sell",
      "i" : "ENAUSD-PERP",
      "m" : "4611686018430286121"
    }, {
      "d" : "1756459409046315366",
      "t" : 1756459409046,
      "tn" : 1756459409046315366,
      "q" : "1",
      "p" : "0.64643",
      "s" : "sell",
      "i" : "ENAUSD-PERP",
      "m" : "4611686018430286120"
    }, {
      "d" : "1756459407438662860",
      "t" : 1756459407438,
      "tn" : 1756459407438662860,
      "q" : "1",
      "p" : "0.64664",
      "s" : "sell",
      "i" : "ENAUSD-PERP",
      "m" : "4611686018430286119"
    }, {
      "d" : "1756459270593806226",
      "t" : 1756459270593,
      "tn" : 1756459270593806226,
      "q" : "1",
      "p" : "0.64656",
      "s" : "buy",
      "i" : "ENAUSD-PERP",
      "m" : "4611686018430286118"
    }, {
      "d" : "1756459190773191627",
      "t" : 1756459190773,
      "tn" : 1756459190773191627,
      "q" : "1",
      "p" : "0.64735",
      "s" : "buy",
      "i" : "ENAUSD-PERP",
      "m" : "4611686018430286117"
    }, {
      "d" : "1756459114363773988",
      "t" : 1756459114363,
      "tn" : 1756459114363773988,
      "q" : "1",
      "p" : "0.64523",
      "s" : "sell",
      "i" : "ENAUSD-PERP",
      "m" : "4611686018430286116"
    }, {
      "d" : "1756459023733853578",
      "t" : 1756459023733,
      "tn" : 1756459023733853578,
      "q" : "1",
      "p" : "0.64445",
      "s" : "buy",
      "i" : "ENAUSD-PERP",
      "m" : "4611686018430286115"
    }, {
      "d" : "1756458873116473076",
      "t" : 1756458873116,
      "tn" : 1756458873116473076,
      "q" : "1",
      "p" : "0.64303",
      "s" : "sell",
      "i" : "ENAUSD-PERP",
      "m" : "4611686018430286114"
    }, {
      "d" : "1756458824898799540",
      "t" : 1756458824898,
      "tn" : 1756458824898799540,
      "q" : "1",
      "p" : "0.64446",
      "s" : "sell",
      "i" : "ENAUSD-PERP",
      "m" : "4611686018430286113"
    }, {
      "d" : "1756458706629810375",
      "t" : 1756458706629,
      "tn" : 1756458706629810375,
      "q" : "1",
      "p" : "0.64365",
      "s" : "buy",
      "i" : "ENAUSD-PERP",
      "m" : "4611686018430286112"
    }, {
      "d" : "1756458697177206481",
      "t" : 1756458697177,
      "tn" : 1756458697177206481,
      "q" : "499",
      "p" : "0.64339",
      "s" : "buy",
      "i" : "ENAUSD-PERP",
      "m" : "4611686018430286111"
    }, {
      "d" : "1756458697177204161",
      "t" : 1756458697177,
      "tn" : 1756458697177204161,
      "q" : "1",
      "p" : "0.64334",
      "s" : "buy",
      "i" : "ENAUSD-PERP",
      "m" : "4611686018430286110"
    }, {
      "d" : "1756458693220370933",
      "t" : 1756458693220,
      "tn" : 1756458693220370933,
      "q" : "1",
      "p" : "0.64322",
      "s" : "sell",
      "i" : "ENAUSD-PERP",
      "m" : "4611686018430286109"
    }, {
      "d" : "1756458575508805486",
      "t" : 1756458575508,
      "tn" : 1756458575508805486,
      "q" : "1",
      "p" : "0.64413",
      "s" : "sell",
      "i" : "ENAUSD-PERP",
      "m" : "4611686018430286108"
    }, {
      "d" : "1756458551543955864",
      "t" : 1756458551543,
      "tn" : 1756458551543955864,
      "q" : "1",
      "p" : "0.64395",
      "s" : "buy",
      "i" : "ENAUSD-PERP",
      "m" : "4611686018430286107"
    }, {
      "d" : "1756458501526188276",
      "t" : 1756458501526,
      "tn" : 1756458501526188276,
      "q" : "1",
      "p" : "0.64308",
      "s" : "sell",
      "i" : "ENAUSD-PERP",
      "m" : "4611686018430286106"
    }, {
      "d" : "1756458501526185743",
      "t" : 1756458501526,
      "tn" : 1756458501526185743,
      "q" : "1",
      "p" : "0.64313",
      "s" : "sell",
      "i" : "ENAUSD-PERP",
      "m" : "4611686018430286105"
    }, {
      "d" : "1756458394413989256",
      "t" : 1756458394413,
      "tn" : 1756458394413989256,
      "q" : "1",
      "p" : "0.64414",
      "s" : "sell",
      "i" : "ENAUSD-PERP",
      "m" : "4611686018430286104"
    }, {
      "d" : "1756458302374784238",
      "t" : 1756458302374,
      "tn" : 1756458302374784238,
      "q" : "1",
      "p" : "0.64344",
      "s" : "sell",
      "i" : "ENAUSD-PERP",
      "m" : "4611686018430286103"
    }, {
      "d" : "1756458299260610177",
      "t" : 1756458299260,
      "tn" : 1756458299260610177,
      "q" : "1",
      "p" : "0.64286",
      "s" : "buy",
      "i" : "ENAUSD-PERP",
      "m" : "4611686018430286102"
    }, {
      "d" : "1756458270905848549",
      "t" : 1756458270905,
      "tn" : 1756458270905848549,
      "q" : "1",
      "p" : "0.64244",
      "s" : "sell",
      "i" : "ENAUSD-PERP",
      "m" : "4611686018430286101"
    }, {
      "d" : "1756458261779917200",
      "t" : 1756458261779,
      "tn" : 1756458261779917200,
      "q" : "1",
      "p" : "0.64248",
      "s" : "sell",
      "i" : "ENAUSD-PERP",
      "m" : "4611686018430286100"
    }, {
      "d" : "1756458261779915084",
      "t" : 1756458261779,
      "tn" : 1756458261779915084,
      "q" : "1",
      "p" : "0.64255",
      "s" : "sell",
      "i" : "ENAUSD-PERP",
      "m" : "4611686018430286099"
    }, {
      "d" : "1756458255448937570",
      "t" : 1756458255448,
      "tn" : 1756458255448937570,
      "q" : "1",
      "p" : "0.64287",
      "s" : "buy",
      "i" : "ENAUSD-PERP",
      "m" : "4611686018430286098"
    }, {
      "d" : "1756458219583852331",
      "t" : 1756458219583,
      "tn" : 1756458219583852331,
      "q" : "1",
      "p" : "0.64266",
      "s" : "sell",
      "i" : "ENAUSD-PERP",
      "m" : "4611686018430286097"
    }, {
      "d" : "1756458219583521717",
      "t" : 1756458219583,
      "tn" : 1756458219583521717,
      "q" : "1",
      "p" : "0.64275",
      "s" : "sell",
      "i" : "ENAUSD-PERP",
      "m" : "4611686018430286096"
    }, {
      "d" : "1756458200276249222",
      "t" : 1756458200276,
      "tn" : 1756458200276249222,
      "q" : "1",
      "p" : "0.64218",
      "s" : "sell",
      "i" : "ENAUSD-PERP",
      "m" : "4611686018430286095"
    }, {
      "d" : "1756458200276247563",
      "t" : 1756458200276,
      "tn" : 1756458200276247563,
      "q" : "1",
      "p" : "0.64226",
      "s" : "sell",
      "i" : "ENAUSD-PERP",
      "m" : "4611686018430286094"
    }, {
      "d" : "1756458193290934299",
      "t" : 1756458193290,
      "tn" : 1756458193290934299,
      "q" : "189",
      "p" : "0.64234",
      "s" : "sell",
      "i" : "ENAUSD-PERP",
      "m" : "4611686018430286093"
    }, {
      "d" : "1756458187874865470",
      "t" : 1756458187874,
      "tn" : 1756458187874865470,
      "q" : "1",
      "p" : "0.64306",
      "s" : "sell",
      "i" : "ENAUSD-PERP",
      "m" : "4611686018430286092"
    }, {
      "d" : "1756458179039294662",
      "t" : 1756458179039,
      "tn" : 1756458179039294662,
      "q" : "1",
      "p" : "0.64307",
      "s" : "sell",
      "i" : "ENAUSD-PERP",
      "m" : "4611686018430286091"
    }, {
      "d" : "1756458108141687196",
      "t" : 1756458108141,
      "tn" : 1756458108141687196,
      "q" : "1",
      "p" : "0.64469",
      "s" : "buy",
      "i" : "ENAUSD-PERP",
      "m" : "4611686018430286090"
    }, {
      "d" : "1756458089867591086",
      "t" : 1756458089867,
      "tn" : 1756458089867591086,
      "q" : "1",
      "p" : "0.64547",
      "s" : "sell",
      "i" : "ENAUSD-PERP",
      "m" : "4611686018430286089"
    }, {
      "d" : "1756458025494582814",
      "t" : 1756458025494,
      "tn" : 1756458025494582814,
      "q" : "1",
      "p" : "0.64649",
      "s" : "buy",
      "i" : "ENAUSD-PERP",
      "m" : "4611686018430286088"
    }, {
      "d" : "1756458016843800776",
      "t" : 1756458016843,
      "tn" : 1756458016843800776,
      "q" : "1",
      "p" : "0.64598",
      "s" : "buy",
      "i" : "ENAUSD-PERP",
      "m" : "4611686018430286087"
    }, {
      "d" : "1756457968019272798",
      "t" : 1756457968019,
      "tn" : 1756457968019272798,
      "q" : "1",
      "p" : "0.64576",
      "s" : "sell",
      "i" : "ENAUSD-PERP",
      "m" : "4611686018430286086"
    }, {
      "d" : "1756457900539758362",
      "t" : 1756457900539,
      "tn" : 1756457900539758362,
      "q" : "1",
      "p" : "0.64588",
      "s" : "buy",
      "i" : "ENAUSD-PERP",
      "m" : "4611686018430286085"
    }, {
      "d" : "1756457841791445217",
      "t" : 1756457841791,
      "tn" : 1756457841791445217,
      "q" : "200",
      "p" : "0.64634",
      "s" : "buy",
      "i" : "ENAUSD-PERP",
      "m" : "4611686018430286084"
    }, {
      "d" : "1756457841791257177",
      "t" : 1756457841791,
      "tn" : 1756457841791257177,
      "q" : "1",
      "p" : "0.64624",
      "s" : "buy",
      "i" : "ENAUSD-PERP",
      "m" : "4611686018430286083"
    }, {
      "d" : "1756457841789849349",
      "t" : 1756457841789,
      "tn" : 1756457841789849349,
      "q" : "1",
      "p" : "0.64598",
      "s" : "buy",
      "i" : "ENAUSD-PERP",
      "m" : "4611686018430286082"
    }, {
      "d" : "1756457812240627384",
      "t" : 1756457812240,
      "tn" : 1756457812240627384,
      "q" : "1",
      "p" : "0.64636",
      "s" : "sell",
      "i" : "ENAUSD-PERP",
      "m" : "4611686018430286081"
    }, {
      "d" : "1756457775905852560",
      "t" : 1756457775905,
      "tn" : 1756457775905852560,
      "q" : "1",
      "p" : "0.64687",
      "s" : "sell",
      "i" : "ENAUSD-PERP",
      "m" : "4611686018430286080"
    }, {
      "d" : "1756457775904295947",
      "t" : 1756457775904,
      "tn" : 1756457775904295947,
      "q" : "1",
      "p" : "0.64696",
      "s" : "sell",
      "i" : "ENAUSD-PERP",
      "m" : "4611686018430286079"
    }, {
      "d" : "1756457733263659844",
      "t" : 1756457733263,
      "tn" : 1756457733263659844,
      "q" : "200",
      "p" : "0.64632",
      "s" : "sell",
      "i" : "ENAUSD-PERP",
      "m" : "4611686018430286078"
    }, {
      "d" : "1756457730227125143",
      "t" : 1756457730227,
      "tn" : 1756457730227125143,
      "q" : "1",
      "p" : "0.64657",
      "s" : "sell",
      "i" : "ENAUSD-PERP",
      "m" : "4611686018430286077"
    }, {
      "d" : "1756457705292180726",
      "t" : 1756457705292,
      "tn" : 1756457705292180726,
      "q" : "1",
      "p" : "0.64818",
      "s" : "sell",
      "i" : "ENAUSD-PERP",
      "m" : "4611686018430286076"
    }, {
      "d" : "1756457696350370333",
      "t" : 1756457696350,
      "tn" : 1756457696350370333,
      "q" : "1",
      "p" : "0.64848",
      "s" : "sell",
      "i" : "ENAUSD-PERP",
      "m" : "4611686018430286075"
    }, {
      "d" : "1756457652195387113",
      "t" : 1756457652195,
      "tn" : 1756457652195387113,
      "q" : "1",
      "p" : "0.64840",
      "s" : "buy",
      "i" : "ENAUSD-PERP",
      "m" : "4611686018430286074"
    }, {
      "d" : "1756457558722367606",
      "t" : 1756457558722,
      "tn" : 1756457558722367606,
      "q" : "1",
      "p" : "0.64948",
      "s" : "sell",
      "i" : "ENAUSD-PERP",
      "m" : "4611686018430286073"
    }, {
      "d" : "1756457294958272217",
      "t" : 1756457294958,
      "tn" : 1756457294958272217,
      "q" : "1",
      "p" : "0.64780",
      "s" : "buy",
      "i" : "ENAUSD-PERP",
      "m" : "4611686018430286072"
    }, {
      "d" : "1756457284232161072",
      "t" : 1756457284232,
      "tn" : 1756457284232161072,
      "q" : "308",
      "p" : "0.64785",
      "s" : "sell",
      "i" : "ENAUSD-PERP",
      "m" : "4611686018430286071"
    }, {
      "d" : "1756457284232158531",
      "t" : 1756457284232,
      "tn" : 1756457284232158531,
      "q" : "200",
      "p" : "0.64786",
      "s" : "sell",
      "i" : "ENAUSD-PERP",
      "m" : "4611686018430286070"
    }, {
      "d" : "1756457284230998202",
      "t" : 1756457284230,
      "tn" : 1756457284230998202,
      "q" : "1",
      "p" : "0.64820",
      "s" : "sell",
      "i" : "ENAUSD-PERP",
      "m" : "4611686018430286069"
    }, {
      "d" : "1756457284230987761",
      "t" : 1756457284230,
      "tn" : 1756457284230987761,
      "q" : "1",
      "p" : "0.64828",
      "s" : "sell",
      "i" : "ENAUSD-PERP",
      "m" : "4611686018430286068"
    }, {
      "d" : "1756457281200922929",
      "t" : 1756457281200,
      "tn" : 1756457281200922929,
      "q" : "1",
      "p" : "0.64733",
      "s" : "buy",
      "i" : "ENAUSD-PERP",
      "m" : "4611686018430286067"
    }, {
      "d" : "1756457185755622310",
      "t" : 1756457185755,
      "tn" : 1756457185755622310,
      "q" : "1",
      "p" : "0.64890",
      "s" : "buy",
      "i" : "ENAUSD-PERP",
      "m" : "4611686018430286066"
    }, {
      "d" : "1756457167778194572",
      "t" : 1756457167778,
      "tn" : 1756457167778194572,
      "q" : "1",
      "p" : "0.64969",
      "s" : "buy",
      "i" : "ENAUSD-PERP",
      "m" : "4611686018430286065"
    }, {
      "d" : "1756457117855677843",
      "t" : 1756457117855,
      "tn" : 1756457117855677843,
      "q" : "1",
      "p" : "0.64977",
      "s" : "sell",
      "i" : "ENAUSD-PERP",
      "m" : "4611686018430286064"
    }, {
      "d" : "1756457096679269763",
      "t" : 1756457096679,
      "tn" : 1756457096679269763,
      "q" : "1",
      "p" : "0.64999",
      "s" : "buy",
      "i" : "ENAUSD-PERP",
      "m" : "4611686018430286063"
    }, {
      "d" : "1756457087854721691",
      "t" : 1756457087854,
      "tn" : 1756457087854721691,
      "q" : "1",
      "p" : "0.65037",
      "s" : "sell",
      "i" : "ENAUSD-PERP",
      "m" : "4611686018430286062"
    }, {
      "d" : "1756457024155549693",
      "t" : 1756457024155,
      "tn" : 1756457024155549693,
      "q" : "1",
      "p" : "0.65088",
      "s" : "sell",
      "i" : "ENAUSD-PERP",
      "m" : "4611686018430286061"
    }, {
      "d" : "1756457017766387455",
      "t" : 1756457017766,
      "tn" : 1756457017766387455,
      "q" : "1",
      "p" : "0.65088",
      "s" : "sell",
      "i" : "ENAUSD-PERP",
      "m" : "4611686018430286060"
    }, {
      "d" : "1756456910304060599",
      "t" : 1756456910304,
      "tn" : 1756456910304060599,
      "q" : "1",
      "p" : "0.65070",
      "s" : "buy",
      "i" : "ENAUSD-PERP",
      "m" : "4611686018430286059"
    }, {
      "d" : "1756456908644625032",
      "t" : 1756456908644,
      "tn" : 1756456908644625032,
      "q" : "1",
      "p" : "0.65023",
      "s" : "buy",
      "i" : "ENAUSD-PERP",
      "m" : "4611686018430286058"
    }, {
      "d" : "1756456908644622630",
      "t" : 1756456908644,
      "tn" : 1756456908644622630,
      "q" : "200",
      "p" : "0.65009",
      "s" : "buy",
      "i" : "ENAUSD-PERP",
      "m" : "4611686018430286057"
    }, {
      "d" : "1756456908644197428",
      "t" : 1756456908644,
      "tn" : 1756456908644197428,
      "q" : "1",
      "p" : "0.65000",
      "s" : "buy",
      "i" : "ENAUSD-PERP",
      "m" : "4611686018430286056"
    }, {
      "d" : "1756456859959388848",
      "t" : 1756456859959,
      "tn" : 1756456859959388848,
      "q" : "1",
      "p" : "0.64949",
      "s" : "buy",
      "i" : "ENAUSD-PERP",
      "m" : "4611686018430286055"
    }, {
      "d" : "1756456805647370797",
      "t" : 1756456805647,
      "tn" : 1756456805647370797,
      "q" : "200",
      "p" : "0.64828",
      "s" : "sell",
      "i" : "ENAUSD-PERP",
      "m" : "4611686018430286054"
    }, {
      "d" : "1756456805647367913",
      "t" : 1756456805647,
      "tn" : 1756456805647367913,
      "q" : "1",
      "p" : "0.64841",
      "s" : "sell",
      "i" : "ENAUSD-PERP",
      "m" : "4611686018430286053"
    }, {
      "d" : "1756456804322417337",
      "t" : 1756456804322,
      "tn" : 1756456804322417337,
      "q" : "1",
      "p" : "0.64883",
      "s" : "sell",
      "i" : "ENAUSD-PERP",
      "m" : "4611686018430286052"
    }, {
      "d" : "1756456804322416061",
      "t" : 1756456804322,
      "tn" : 1756456804322416061,
      "q" : "1",
      "p" : "0.64887",
      "s" : "sell",
      "i" : "ENAUSD-PERP",
      "m" : "4611686018430286051"
    }, {
      "d" : "1756456781267874601",
      "t" : 1756456781267,
      "tn" : 1756456781267874601,
      "q" : "1",
      "p" : "0.64869",
      "s" : "buy",
      "i" : "ENAUSD-PERP",
      "m" : "4611686018430286050"
    }, {
      "d" : "1756456642119587906",
      "t" : 1756456642119,
      "tn" : 1756456642119587906,
      "q" : "1",
      "p" : "0.64837",
      "s" : "sell",
      "i" : "ENAUSD-PERP",
      "m" : "4611686018430286049"
    }, {
      "d" : "1756456613422875198",
      "t" : 1756456613422,
      "tn" : 1756456613422875198,
      "q" : "1",
      "p" : "0.64858",
      "s" : "sell",
      "i" : "ENAUSD-PERP",
      "m" : "4611686018430286048"
    }, {
      "d" : "1756456503865370909",
      "t" : 1756456503865,
      "tn" : 1756456503865370909,
      "q" : "1",
      "p" : "0.64950",
      "s" : "buy",
      "i" : "ENAUSD-PERP",
      "m" : "4611686018430286047"
    }, {
      "d" : "1756456470667761512",
      "t" : 1756456470667,
      "tn" : 1756456470667761512,
      "q" : "1",
      "p" : "0.64999",
      "s" : "buy",
      "i" : "ENAUSD-PERP",
      "m" : "4611686018430286046"
    }, {
      "d" : "1756456431241436805",
      "t" : 1756456431241,
      "tn" : 1756456431241436805,
      "q" : "1",
      "p" : "0.64890",
      "s" : "sell",
      "i" : "ENAUSD-PERP",
      "m" : "4611686018430286045"
    }, {
      "d" : "1756456431241434661",
      "t" : 1756456431241,
      "tn" : 1756456431241434661,
      "q" : "1",
      "p" : "0.64897",
      "s" : "sell",
      "i" : "ENAUSD-PERP",
      "m" : "4611686018430286044"
    }, {
      "d" : "1756456372295193575",
      "t" : 1756456372295,
      "tn" : 1756456372295193575,
      "q" : "1",
      "p" : "0.64888",
      "s" : "sell",
      "i" : "ENAUSD-PERP",
      "m" : "4611686018430286043"
    }, {
      "d" : "1756456329987416046",
      "t" : 1756456329987,
      "tn" : 1756456329987416046,
      "q" : "700",
      "p" : "0.64904",
      "s" : "buy",
      "i" : "ENAUSD-PERP",
      "m" : "4611686018430286042"
    }, {
      "d" : "1756456231260127029",
      "t" : 1756456231260,
      "tn" : 1756456231260127029,
      "q" : "1",
      "p" : "0.64750",
      "s" : "buy",
      "i" : "ENAUSD-PERP",
      "m" : "4611686018430286041"
    }, {
      "d" : "1756456198560425714",
      "t" : 1756456198560,
      "tn" : 1756456198560425714,
      "q" : "1",
      "p" : "0.64679",
      "s" : "buy",
      "i" : "ENAUSD-PERP",
      "m" : "4611686018430286040"
    }, {
      "d" : "1756456179566721699",
      "t" : 1756456179566,
      "tn" : 1756456179566721699,
      "q" : "1",
      "p" : "0.64658",
      "s" : "buy",
      "i" : "ENAUSD-PERP",
      "m" : "4611686018430286039"
    }, {
      "d" : "1756456151877841342",
      "t" : 1756456151877,
      "tn" : 1756456151877841342,
      "q" : "1",
      "p" : "0.64658",
      "s" : "buy",
      "i" : "ENAUSD-PERP",
      "m" : "4611686018430286038"
    }, {
      "d" : "1756456150589270123",
      "t" : 1756456150589,
      "tn" : 1756456150589270123,
      "q" : "91",
      "p" : "0.64665",
      "s" : "sell",
      "i" : "ENAUSD-PERP",
      "m" : "4611686018430286037"
    }, {
      "d" : "1756456150587774299",
      "t" : 1756456150587,
      "tn" : 1756456150587774299,
      "q" : "500",
      "p" : "0.64665",
      "s" : "sell",
      "i" : "ENAUSD-PERP",
      "m" : "4611686018430286036"
    }, {
      "d" : "1756456150587141359",
      "t" : 1756456150587,
      "tn" : 1756456150587141359,
      "q" : "698",
      "p" : "0.64665",
      "s" : "sell",
      "i" : "ENAUSD-PERP",
      "m" : "4611686018430286035"
    }, {
      "d" : "1756456148486438064",
      "t" : 1756456148486,
      "tn" : 1756456148486438064,
      "q" : "1",
      "p" : "0.64647",
      "s" : "buy",
      "i" : "ENAUSD-PERP",
      "m" : "4611686018430286034"
    }, {
      "d" : "1756455976199222000",
      "t" : 1756455976199,
      "tn" : 1756455976199222000,
      "q" : "1",
      "p" : "0.64841",
      "s" : "sell",
      "i" : "ENAUSD-PERP",
      "m" : "4611686018430286033"
    }, {
      "d" : "1756455976199219778",
      "t" : 1756455976199,
      "tn" : 1756455976199219778,
      "q" : "1",
      "p" : "0.64845",
      "s" : "sell",
      "i" : "ENAUSD-PERP",
      "m" : "4611686018430286032"
    }, {
      "d" : "1756455635614540855",
      "t" : 1756455635614,
      "tn" : 1756455635614540855,
      "q" : "310",
      "p" : "0.64670",
      "s" : "buy",
      "i" : "ENAUSD-PERP",
      "m" : "4611686018430286031"
    }, {
      "d" : "1756455635614538513",
      "t" : 1756455635614,
      "tn" : 1756455635614538513,
      "q" : "1",
      "p" : "0.64659",
      "s" : "buy",
      "i" : "ENAUSD-PERP",
      "m" : "4611686018430286030"
    }, {
      "d" : "1756455635423386102",
      "t" : 1756455635423,
      "tn" : 1756455635423386102,
      "q" : "308",
      "p" : "0.64640",
      "s" : "buy",
      "i" : "ENAUSD-PERP",
      "m" : "4611686018430286029"
    }, {
      "d" : "1756455635423384163",
      "t" : 1756455635423,
      "tn" : 1756455635423384163,
      "q" : "1",
      "p" : "0.64617",
      "s" : "buy",
      "i" : "ENAUSD-PERP",
      "m" : "4611686018430286028"
    }, {
      "d" : "1756455628132256241",
      "t" : 1756455628132,
      "tn" : 1756455628132256241,
      "q" : "1",
      "p" : "0.64512",
      "s" : "sell",
      "i" : "ENAUSD-PERP",
      "m" : "4611686018430286027"
    }, {
      "d" : "1756455628132254362",
      "t" : 1756455628132,
      "tn" : 1756455628132254362,
      "q" : "1",
      "p" : "0.64515",
      "s" : "sell",
      "i" : "ENAUSD-PERP",
      "m" : "4611686018430286026"
    }, {
      "d" : "1756455625889322010",
      "t" : 1756455625889,
      "tn" : 1756455625889322010,
      "q" : "1",
      "p" : "0.64566",
      "s" : "sell",
      "i" : "ENAUSD-PERP",
      "m" : "4611686018430286025"
    }, {
      "d" : "1756455489338838428",
      "t" : 1756455489338,
      "tn" : 1756455489338838428,
      "q" : "1",
      "p" : "0.64746",
      "s" : "sell",
      "i" : "ENAUSD-PERP",
      "m" : "4611686018430286024"
    }, {
      "d" : "1756455469253430270",
      "t" : 1756455469253,
      "tn" : 1756455469253430270,
      "q" : "306",
      "p" : "0.64752",
      "s" : "buy",
      "i" : "ENAUSD-PERP",
      "m" : "4611686018430286023"
    }, {
      "d" : "1756455469253428798",
      "t" : 1756455469253,
      "tn" : 1756455469253428798,
      "q" : "1",
      "p" : "0.64736",
      "s" : "buy",
      "i" : "ENAUSD-PERP",
      "m" : "4611686018430286022"
    }, {
      "d" : "1756455469253426433",
      "t" : 1756455469253,
      "tn" : 1756455469253426433,
      "q" : "1",
      "p" : "0.64708",
      "s" : "buy",
      "i" : "ENAUSD-PERP",
      "m" : "4611686018430286021"
    }, {
      "d" : "1756455456162963855",
      "t" : 1756455456162,
      "tn" : 1756455456162963855,
      "q" : "1",
      "p" : "0.64666",
      "s" : "sell",
      "i" : "ENAUSD-PERP",
      "m" : "4611686018430286020"
    }, {
      "d" : "1756455304367641524",
      "t" : 1756455304367,
      "tn" : 1756455304367641524,
      "q" : "1",
      "p" : "0.64827",
      "s" : "sell",
      "i" : "ENAUSD-PERP",
      "m" : "4611686018430286019"
    }, {
      "d" : "1756455304362180213",
      "t" : 1756455304362,
      "tn" : 1756455304362180213,
      "q" : "97",
      "p" : "0.64828",
      "s" : "sell",
      "i" : "ENAUSD-PERP",
      "m" : "4611686018430286018"
    }, {
      "d" : "1756455304361984190",
      "t" : 1756455304361,
      "tn" : 1756455304361984190,
      "q" : "134",
      "p" : "0.64828",
      "s" : "sell",
      "i" : "ENAUSD-PERP",
      "m" : "4611686018430286017"
    }, {
      "d" : "1756455164539622735",
      "t" : 1756455164539,
      "tn" : 1756455164539622735,
      "q" : "1",
      "p" : "0.64669",
      "s" : "buy",
      "i" : "ENAUSD-PERP",
      "m" : "4611686018430286016"
    }, {
      "d" : "1756455105459385488",
      "t" : 1756455105459,
      "tn" : 1756455105459385488,
      "q" : "1",
      "p" : "0.64697",
      "s" : "sell",
      "i" : "ENAUSD-PERP",
      "m" : "4611686018430286015"
    }, {
      "d" : "1756455099500263387",
      "t" : 1756455099500,
      "tn" : 1756455099500263387,
      "q" : "1",
      "p" : "0.64687",
      "s" : "sell",
      "i" : "ENAUSD-PERP",
      "m" : "4611686018430286014"
    }, {
      "d" : "1756455099496102506",
      "t" : 1756455099496,
      "tn" : 1756455099496102506,
      "q" : "1",
      "p" : "0.64698",
      "s" : "sell",
      "i" : "ENAUSD-PERP",
      "m" : "4611686018430286013"
    }, {
      "d" : "1756455059714110145",
      "t" : 1756455059714,
      "tn" : 1756455059714110145,
      "q" : "1",
      "p" : "0.64598",
      "s" : "sell",
      "i" : "ENAUSD-PERP",
      "m" : "4611686018430286012"
    }, {
      "d" : "1756455032508603347",
      "t" : 1756455032508,
      "tn" : 1756455032508603347,
      "q" : "200",
      "p" : "0.64653",
      "s" : "sell",
      "i" : "ENAUSD-PERP",
      "m" : "4611686018430286011"
    }, {
      "d" : "1756455032508600415",
      "t" : 1756455032508,
      "tn" : 1756455032508600415,
      "q" : "1",
      "p" : "0.64659",
      "s" : "sell",
      "i" : "ENAUSD-PERP",
      "m" : "4611686018430286010"
    }, {
      "d" : "1756454497954665193",
      "t" : 1756454497954,
      "tn" : 1756454497954665193,
      "q" : "1",
      "p" : "0.65101",
      "s" : "buy",
      "i" : "ENAUSD-PERP",
      "m" : "4611686018430286009"
    }, {
      "d" : "1756454495837722754",
      "t" : 1756454495837,
      "tn" : 1756454495837722754,
      "q" : "1",
      "p" : "0.65070",
      "s" : "buy",
      "i" : "ENAUSD-PERP",
      "m" : "4611686018430286008"
    }, {
      "d" : "1756454487839750873",
      "t" : 1756454487839,
      "tn" : 1756454487839750873,
      "q" : "171",
      "p" : "0.65030",
      "s" : "buy",
      "i" : "ENAUSD-PERP",
      "m" : "4611686018430286007"
    }, {
      "d" : "1756454487839749029",
      "t" : 1756454487839,
      "tn" : 1756454487839749029,
      "q" : "1",
      "p" : "0.65016",
      "s" : "buy",
      "i" : "ENAUSD-PERP",
      "m" : "4611686018430286006"
    }, {
      "d" : "1756454487839747165",
      "t" : 1756454487839,
      "tn" : 1756454487839747165,
      "q" : "1",
      "p" : "0.64990",
      "s" : "buy",
      "i" : "ENAUSD-PERP",
      "m" : "4611686018430286005"
    }, {
      "d" : "1756454487173074869",
      "t" : 1756454487173,
      "tn" : 1756454487173074869,
      "q" : "1",
      "p" : "0.64988",
      "s" : "sell",
      "i" : "ENAUSD-PERP",
      "m" : "4611686018430286004"
    }, {
      "d" : "1756454477004635415",
      "t" : 1756454477004,
      "tn" : 1756454477004635415,
      "q" : "636",
      "p" : "0.65052",
      "s" : "buy",
      "i" : "ENAUSD-PERP",
      "m" : "4611686018430286003"
    }, {
      "d" : "1756454477004633916",
      "t" : 1756454477004,
      "tn" : 1756454477004633916,
      "q" : "200",
      "p" : "0.65051",
      "s" : "buy",
      "i" : "ENAUSD-PERP",
      "m" : "4611686018430286002"
    }, {
      "d" : "1756454477004631455",
      "t" : 1756454477004,
      "tn" : 1756454477004631455,
      "q" : "1",
      "p" : "0.65030",
      "s" : "buy",
      "i" : "ENAUSD-PERP",
      "m" : "4611686018430286001"
    }, {
      "d" : "1756454475550205901",
      "t" : 1756454475550,
      "tn" : 1756454475550205901,
      "q" : "1",
      "p" : "0.65009",
      "s" : "buy",
      "i" : "ENAUSD-PERP",
      "m" : "4611686018430286000"
    }, {
      "d" : "1756454442319579664",
      "t" : 1756454442319,
      "tn" : 1756454442319579664,
      "q" : "1",
      "p" : "0.64927",
      "s" : "sell",
      "i" : "ENAUSD-PERP",
      "m" : "4611686018430285999"
    }, {
      "d" : "1756454428134087149",
      "t" : 1756454428134,
      "tn" : 1756454428134087149,
      "q" : "198",
      "p" : "0.64890",
      "s" : "buy",
      "i" : "ENAUSD-PERP",
      "m" : "4611686018430285998"
    }, {
      "d" : "1756454428134085484",
      "t" : 1756454428134,
      "tn" : 1756454428134085484,
      "q" : "1",
      "p" : "0.64855",
      "s" : "buy",
      "i" : "ENAUSD-PERP",
      "m" : "4611686018430285997"
    }, {
      "d" : "1756454428134083021",
      "t" : 1756454428134,
      "tn" : 1756454428134083021,
      "q" : "1",
      "p" : "0.64829",
      "s" : "buy",
      "i" : "ENAUSD-PERP",
      "m" : "4611686018430285996"
    }, {
      "d" : "1756454413181672291",
      "t" : 1756454413181,
      "tn" : 1756454413181672291,
      "q" : "1",
      "p" : "0.64797",
      "s" : "sell",
      "i" : "ENAUSD-PERP",
      "m" : "4611686018430285995"
    }, {
      "d" : "1756454411402446747",
      "t" : 1756454411402,
      "tn" : 1756454411402446747,
      "q" : "199",
      "p" : "0.64814",
      "s" : "buy",
      "i" : "ENAUSD-PERP",
      "m" : "4611686018430285994"
    }, {
      "d" : "1756454411402443760",
      "t" : 1756454411402,
      "tn" : 1756454411402443760,
      "q" : "1",
      "p" : "0.64799",
      "s" : "buy",
      "i" : "ENAUSD-PERP",
      "m" : "4611686018430285993"
    }, {
      "d" : "1756454404372824855",
      "t" : 1756454404372,
      "tn" : 1756454404372824855,
      "q" : "199",
      "p" : "0.64759",
      "s" : "buy",
      "i" : "ENAUSD-PERP",
      "m" : "4611686018430285992"
    } ]
  }
}