{
  "id" : -1,
  "method" : "public/get-trades",
  "code" : 0,
  "result" : {
    "data" : [ {
      "d" : "1756459974682470537",
      "t" : 1756459974682,
      "tn" : 1756459974682470537,
      "q" : "219.5",
      "p" : "0.06617",
      "s" : "buy",
      "i" : "ENJ_USD",
      "m" : "4611686018430331678"
    }, {
      "d" : "1756458607569514949",
      "t" : 1756458607569,
      "tn" : 1756458607569514949,
      "q" : "61.7",
      "p" : "0.06562",
      "s" : "buy",
      "i" : "ENJ_USD",
      "m" : "4611686018430331677"
    }, {
      "d" : "1756458138057374141",
      "t" : 1756458138057,
      "tn" : 1756458138057374141,
      "q" : "197.9",
      "p" : "0.06597",
      "s" : "sell",
      "i" : "ENJ_USD",
      "m" : "4611686018430331676"
    }, {
      "d" : "1756457569611834641",
      "t" : 1756457569611,
      "tn" : 1756457569611834641,
      "q" : "286.5",
      "p" : "0.06638",
      "s" : "buy",
      "i" : "ENJ_USD",
      "m" : "4611686018430331675"
    }, {
      "d" : "1756457228996209538",
      "t" : 1756457228996,
      "tn" : 1756457228996209538,
      "q" : "156.9",
      "p" : "0.06630",
      "s" : "buy",
      "i" : "ENJ_USD",
      "m" : "4611686018430331674"
    }, {
      "d" : "1756456534433513402",
      "t" : 1756456534433,
      "tn" : 1756456534433513402,
      "q" : "116.4",
      "p" : "0.06657",
      "s" : "buy",
      "i" : "ENJ_USD",
      "m" : "4611686018430331673"
    }, {
      "d" : "1756455636227986458",
      "t" : 1756455636227,
      "tn" : 1756455636227986458,
      "q" : "539.2",
      "p" : "0.06677",
      "s" : "buy",
      "i" : "ENJ_USD",
      "m" : "4611686018430331672"
    }, {
      "d" : "1756455062957123357",
      "t" : 1756455062957,
      "tn" : 1756455062957123357,
      "q" : "47.5",
      "p" : "0.06679",
      "s" : "sell",
      "i" : "ENJ_USD",
      "m" : "4611686018430331671"
    }, {
      "d" : "1756454963350482281",
      "t" : 1756454963350,
      "tn" : 1756454963350482281,
      "q" : "73.2",
      "p" : "0.06716",
      "s" : "sell",
      "i" : "ENJ_USD",
      "m" : "4611686018430331670"
    }, {
      "d" : "1756454581606709728",
      "t" : 1756454581606,
      "tn" : 1756454581606709728,
      "q" : "832.3",
      "p" : "0.06753",
      "s" : "sell",
      "i" : "ENJ_USD",
      "m" : "4611686018430331669"
    }, {
      "d" : "1756454370555991732",
      "t" : 1756454370555,
      "tn" : 1756454370555991732,
      "q" : "500.0",
      "p" : "0.06692",
      "s" : "buy",
      "i" : "ENJ_USD",
      "m" : "4611686018430331668"
    }, {
      "d" : "1756454367321154725",
      "t" : 1756454367321,
      "tn" : 1756454367321154725,
      "q" : "30.4",
      "p" : "0.06735",
      "s" : "sell",
      "i" : "ENJ_USD",
      "m" : "4611686018430331667"
    }, {
      "d" : "1756454367320449233",
      "t" : 1756454367320,
      "tn" : 1756454367320449233,
      "q" : "2969.6",
      "p" : "0.06735",
      "s" : "sell",
      "i" : "ENJ_USD",
      "m" : "4611686018430331666"
    }, {
      "d" : "1756454036801349452",
      "t" : 1756454036801,
      "tn" : 1756454036801349452,
      "q" : "361.2",
      "p" : "0.06761",
      "s" : "sell",
      "i" : "ENJ_USD",
      "m" : "4611686018430331665"
    }, {
      "d" : "1756453997988546576",
      "t" : 1756453997988,
      "tn" : 1756453997988546576,
      "q" : "782.5",
      "p" : "0.06712",
      "s" : "buy",
      "i" : "ENJ_USD",
      "m" : "4611686018430331664"
    }, {
      "d" : "1756453303834105352",
      "t" : 1756453303834,
      "tn" : 1756453303834105352,
      "q" : "967.0",
      "p" : "0.06761",
      "s" : "sell",
      "i" : "ENJ_USD",
      "m" : "4611686018430331663"
    }, {
      "d" : "1756453303833260516",
      "t" : 1756453303833,
      "tn" : 1756453303833260516,
      "q" : "1183.3",
      "p" : "0.06761",
      "s" : "sell",
      "i" : "ENJ_USD",
      "m" : "4611686018430331662"
    }, {
      "d" : "1756452845953544289",
      "t" : 1756452845953,
      "tn" : 1756452845953544289,
      "q" : "150.0",
      "p" : "0.06775",
      "s" : "sell",
      "i" : "ENJ_USD",
      "m" : "4611686018430331661"
    }, {
      "d" : "1756452025655501064",
      "t" : 1756452025655,
      "tn" : 1756452025655501064,
      "q" : "1503.1",
      "p" : "0.06788",
      "s" : "buy",
      "i" : "ENJ_USD",
      "m" : "4611686018430331660"
    }, {
      "d" : "1756451945131653864",
      "t" : 1756451945131,
      "tn" : 1756451945131653864,
      "q" : "734.6",
      "p" : "0.06725",
      "s" : "sell",
      "i" : "ENJ_USD",
      "m" : "4611686018430331659"
    }, {
      "d" : "1756451907917876268",
      "t" : 1756451907917,
      "tn" : 1756451907917876268,
      "q" : "357.1",
      "p" : "0.06757",
      "s" : "sell",
      "i" : "ENJ_USD",
      "m" : "4611686018430331658"
    }, {
      "d" : "1756451831447263111",
      "t" : 1756451831447,
      "tn" : 1756451831447263111,
      "q" : "1491.7",
      "p" : "0.06738",
      "s" : "buy",
      "i" : "ENJ_USD",
      "m" : "4611686018430331657"
    }, {
      "d" : "1756450775383080756",
      "t" : 1756450775383,
      "tn" : 1756450775383080756,
      "q" : "14.6",
      "p" : "0.06882",
      "s" : "sell",
      "i" : "ENJ_USD",
      "m" : "4611686018430331656"
    }, {
      "d" : "1756449981938810922",
      "t" : 1756449981938,
      "tn" : 1756449981938810922,
      "q" : "5010.3",
      "p" : "0.06841",
      "s" : "buy",
      "i" : "ENJ_USD",
      "m" : "4611686018430331655"
    }, {
      "d" : "1756449602505046879",
      "t" : 1756449602505,
      "tn" : 1756449602505046879,
      "q" : "46.6",
      "p" : "0.06812",
      "s" : "sell",
      "i" : "ENJ_USD",
      "m" : "4611686018430331654"
    }, {
      "d" : "1756449590450552561",
      "t" : 1756449590450,
      "tn" : 1756449590450552561,
      "q" : "49.0",
      "p" : "0.06884",
      "s" : "sell",
      "i" : "ENJ_USD",
      "m" : "4611686018430331653"
    }, {
      "d" : "1756449050081145642",
      "t" : 1756449050081,
      "tn" : 1756449050081145642,
      "q" : "731.0",
      "p" : "0.06874",
      "s" : "sell",
      "i" : "ENJ_USD",
      "m" : "4611686018430331652"
    }, {
      "d" : "1756449048561209605",
      "t" : 1756449048561,
      "tn" : 1756449048561209605,
      "q" : "2252.8",
      "p" : "0.06827",
      "s" : "buy",
      "i" : "ENJ_USD",
      "m" : "4611686018430331651"
    }, {
      "d" : "1756449045417518306",
      "t" : 1756449045417,
      "tn" : 1756449045417518306,
      "q" : "5416.8",
      "p" : "0.06872",
      "s" : "sell",
      "i" : "ENJ_USD",
      "m" : "4611686018430331650"
    }, {
      "d" : "1756446371265543355",
      "t" : 1756446371265,
      "tn" : 1756446371265543355,
      "q" : "697.6",
      "p" : "0.06936",
      "s" : "sell",
      "i" : "ENJ_USD",
      "m" : "4611686018430331649"
    }, {
      "d" : "1756446201784558127",
      "t" : 1756446201784,
      "tn" : 1756446201784558127,
      "q" : "350.1",
      "p" : "0.06927",
      "s" : "sell",
      "i" : "ENJ_USD",
      "m" : "4611686018430331648"
    }, {
      "d" : "1756445413048987641",
      "t" : 1756445413048,
      "tn" : 1756445413048987641,
      "q" : "888.9",
      "p" : "0.06864",
      "s" : "buy",
      "i" : "ENJ_USD",
      "m" : "4611686018430331647"
    }, {
      "d" : "1756444659289538471",
      "t" : 1756444659289,
      "tn" : 1756444659289538471,
      "q" : "140.9",
      "p" : "0.06910",
      "s" : "sell",
      "i" : "ENJ_USD",
      "m" : "4611686018430331646"
    }, {
      "d" : "1756444274015413609",
      "t" : 1756444274015,
      "tn" : 1756444274015413609,
      "q" : "2779.1",
      "p" : "0.06920",
      "s" : "sell",
      "i" : "ENJ_USD",
      "m" : "4611686018430331645"
    }, {
      "d" : "1756443562265995121",
      "t" : 1756443562265,
      "tn" : 1756443562265995121,
      "q" : "43799.8",
      "p" : "0.06872",
      "s" : "buy",
      "i" : "ENJ_USD",
      "m" : "4611686018430331644"
    }, {
      "d" : "1756443562255994731",
      "t" : 1756443562255,
      "tn" : 1756443562255994731,
      "q" : "300.0",
      "p" : "0.06865",
      "s" : "buy",
      "i" : "ENJ_USD",
      "m" : "4611686018430331643"
    }, {
      "d" : "1756443416140252131",
      "t" : 1756443416140,
      "tn" : 1756443416140252131,
      "q" : "57.9",
      "p" : "0.06928",
      "s" : "sell",
      "i" : "ENJ_USD",
      "m" : "4611686018430331642"
    }, {
      "d" : "1756442847208664041",
      "t" : 1756442847208,
      "tn" : 1756442847208664041,
      "q" : "301.9",
      "p" : "0.06957",
      "s" : "sell",
      "i" : "ENJ_USD",
      "m" : "4611686018430331641"
    }, {
      "d" : "1756442051400791325",
      "t" : 1756442051400,
      "tn" : 1756442051400791325,
      "q" : "999.0",
      "p" : "0.06962",
      "s" : "sell",
      "i" : "ENJ_USD",
      "m" : "4611686018430331640"
    }, {
      "d" : "1756441953575802088",
      "t" : 1756441953575,
      "tn" : 1756441953575802088,
      "q" : "1387.6",
      "p" : "0.06954",
      "s" : "sell",
      "i" : "ENJ_USD",
      "m" : "4611686018430331639"
    }, {
      "d" : "1756441264636938698",
      "t" : 1756441264636,
      "tn" : 1756441264636938698,
      "q" : "38.7",
      "p" : "0.06952",
      "s" : "sell",
      "i" : "ENJ_USD",
      "m" : "4611686018430331638"
    }, {
      "d" : "1756440718667556575",
      "t" : 1756440718667,
      "tn" : 1756440718667556575,
      "q" : "6113.7",
      "p" : "0.06910",
      "s" : "buy",
      "i" : "ENJ_USD",
      "m" : "4611686018430331637"
    }, {
      "d" : "1756440466851728849",
      "t" : 1756440466851,
      "tn" : 1756440466851728849,
      "q" : "100.0",
      "p" : "0.06907",
      "s" : "buy",
      "i" : "ENJ_USD",
      "m" : "4611686018430331636"
    }, {
      "d" : "1756440454618289297",
      "t" : 1756440454618,
      "tn" : 1756440454618289297,
      "q" : "746.6",
      "p" : "0.06910",
      "s" : "buy",
      "i" : "ENJ_USD",
      "m" : "4611686018430331635"
    }, {
      "d" : "1756440357155011898",
      "t" : 1756440357155,
      "tn" : 1756440357155011898,
      "q" : "13799.5",
      "p" : "0.06974",
      "s" : "sell",
      "i" : "ENJ_USD",
      "m" : "4611686018430331634"
    }, {
      "d" : "1756440286572817022",
      "t" : 1756440286572,
      "tn" : 1756440286572817022,
      "q" : "52.6",
      "p" : "0.06916",
      "s" : "buy",
      "i" : "ENJ_USD",
      "m" : "4611686018430331633"
    }, {
      "d" : "1756439608164351118",
      "t" : 1756439608164,
      "tn" : 1756439608164351118,
      "q" : "728.0",
      "p" : "0.06921",
      "s" : "sell",
      "i" : "ENJ_USD",
      "m" : "4611686018430331632"
    }, {
      "d" : "1756438691541142477",
      "t" : 1756438691541,
      "tn" : 1756438691541142477,
      "q" : "1150.0",
      "p" : "0.06928",
      "s" : "sell",
      "i" : "ENJ_USD",
      "m" : "4611686018430331631"
    }, {
      "d" : "1756438127989821650",
      "t" : 1756438127989,
      "tn" : 1756438127989821650,
      "q" : "1155.2",
      "p" : "0.06964",
      "s" : "sell",
      "i" : "ENJ_USD",
      "m" : "4611686018430331630"
    }, {
      "d" : "1756437370091483985",
      "t" : 1756437370091,
      "tn" : 1756437370091483985,
      "q" : "1391.2",
      "p" : "0.06945",
      "s" : "sell",
      "i" : "ENJ_USD",
      "m" : "4611686018430331629"
    }, {
      "d" : "1756436580041532012",
      "t" : 1756436580041,
      "tn" : 1756436580041532012,
      "q" : "1.0",
      "p" : "0.06911",
      "s" : "sell",
      "i" : "ENJ_USD",
      "m" : "4611686018430331628"
    }, {
      "d" : "1756436162746740629",
      "t" : 1756436162746,
      "tn" : 1756436162746740629,
      "q" : "209.6",
      "p" : "0.06956",
      "s" : "sell",
      "i" : "ENJ_USD",
      "m" : "4611686018430331627"
    }, {
      "d" : "1756435984193102519",
      "t" : 1756435984193,
      "tn" : 1756435984193102519,
      "q" : "200.0",
      "p" : "0.06976",
      "s" : "sell",
      "i" : "ENJ_USD",
      "m" : "4611686018430331626"
    }, {
      "d" : "1756435220611060456",
      "t" : 1756435220611,
      "tn" : 1756435220611060456,
      "q" : "3729.2",
      "p" : "0.06949",
      "s" : "sell",
      "i" : "ENJ_USD",
      "m" : "4611686018430331625"
    }, {
      "d" : "1756434163801418436",
      "t" : 1756434163801,
      "tn" : 1756434163801418436,
      "q" : "8505.9",
      "p" : "0.06970",
      "s" : "sell",
      "i" : "ENJ_USD",
      "m" : "4611686018430331624"
    }, {
      "d" : "1756433092502119872",
      "t" : 1756433092502,
      "tn" : 1756433092502119872,
      "q" : "1477.2",
      "p" : "0.06877",
      "s" : "buy",
      "i" : "ENJ_USD",
      "m" : "4611686018430331623"
    }, {
      "d" : "1756431967720247276",
      "t" : 1756431967720,
      "tn" : 1756431967720247276,
      "q" : "160.0",
      "p" : "0.06900",
      "s" : "buy",
      "i" : "ENJ_USD",
      "m" : "4611686018430331622"
    }, {
      "d" : "1756431415545957549",
      "t" : 1756431415545,
      "tn" : 1756431415545957549,
      "q" : "187.6",
      "p" : "0.06933",
      "s" : "sell",
      "i" : "ENJ_USD",
      "m" : "4611686018430331621"
    }, {
      "d" : "1756430903418197183",
      "t" : 1756430903418,
      "tn" : 1756430903418197183,
      "q" : "225.0",
      "p" : "0.06908",
      "s" : "sell",
      "i" : "ENJ_USD",
      "m" : "4611686018430331620"
    }, {
      "d" : "1756430169597310380",
      "t" : 1756430169597,
      "tn" : 1756430169597310380,
      "q" : "1278.8",
      "p" : "0.06911",
      "s" : "buy",
      "i" : "ENJ_USD",
      "m" : "4611686018430331619"
    }, {
      "d" : "1756430169597030427",
      "t" : 1756430169597,
      "tn" : 1756430169597030427,
      "q" : "2147.9",
      "p" : "0.06911",
      "s" : "buy",
      "i" : "ENJ_USD",
      "m" : "4611686018430331618"
    }, {
      "d" : "1756430167862189475",
      "t" : 1756430167862,
      "tn" : 1756430167862189475,
      "q" : "12017.3",
      "p" : "0.06944",
      "s" : "sell",
      "i" : "ENJ_USD",
      "m" : "4611686018430331617"
    }, {
      "d" : "1756430167546223102",
      "t" : 1756430167546,
      "tn" : 1756430167546223102,
      "q" : "15000.0",
      "p" : "0.06955",
      "s" : "sell",
      "i" : "ENJ_USD",
      "m" : "4611686018430331616"
    }, {
      "d" : "1756429540670009758",
      "t" : 1756429540670,
      "tn" : 1756429540670009758,
      "q" : "140.7",
      "p" : "0.06914",
      "s" : "sell",
      "i" : "ENJ_USD",
      "m" : "4611686018430331615"
    }, {
      "d" : "1756429540670007462",
      "t" : 1756429540670,
      "tn" : 1756429540670007462,
      "q" : "2699.3",
      "p" : "0.06915",
      "s" : "sell",
      "i" : "ENJ_USD",
      "m" : "4611686018430331614"
    }, {
      "d" : "1756428790657751892",
      "t" : 1756428790657,
      "tn" : 1756428790657751892,
      "q" : "2589.8",
      "p" : "0.06941",
      "s" : "sell",
      "i" : "ENJ_USD",
      "m" : "4611686018430331613"
    }, {
      "d" : "1756428790657749711",
      "t" : 1756428790657,
      "tn" : 1756428790657749711,
      "q" : "267.1",
      "p" : "0.06970",
      "s" : "sell",
      "i" : "ENJ_USD",
      "m" : "4611686018430331612"
    }, {
      "d" : "1756428730656642376",
      "t" : 1756428730656,
      "tn" : 1756428730656642376,
      "q" : "2853.8",
      "p" : "0.06977",
      "s" : "sell",
      "i" : "ENJ_USD",
      "m" : "4611686018430331611"
    }, {
      "d" : "1756428700656119329",
      "t" : 1756428700656,
      "tn" : 1756428700656119329,
      "q" : "1597.6",
      "p" : "0.06975",
      "s" : "sell",
      "i" : "ENJ_USD",
      "m" : "4611686018430331610"
    }, {
      "d" : "1756428675537437569",
      "t" : 1756428675537,
      "tn" : 1756428675537437569,
      "q" : "6419.6",
      "p" : "0.07024",
      "s" : "sell",
      "i" : "ENJ_USD",
      "m" : "4611686018430331609"
    }, {
      "d" : "1756428672530250408",
      "t" : 1756428672530,
      "tn" : 1756428672530250408,
      "q" : "15000.0",
      "p" : "0.07040",
      "s" : "sell",
      "i" : "ENJ_USD",
      "m" : "4611686018430331608"
    }, {
      "d" : "1756428328748149016",
      "t" : 1756428328748,
      "tn" : 1756428328748149016,
      "q" : "162.7",
      "p" : "0.06986",
      "s" : "sell",
      "i" : "ENJ_USD",
      "m" : "4611686018430331607"
    }, {
      "d" : "1756427813884921733",
      "t" : 1756427813884,
      "tn" : 1756427813884921733,
      "q" : "1104.4",
      "p" : "0.07008",
      "s" : "buy",
      "i" : "ENJ_USD",
      "m" : "4611686018430331606"
    }, {
      "d" : "1756425736039970479",
      "t" : 1756425736039,
      "tn" : 1756425736039970479,
      "q" : "529.2",
      "p" : "0.07022",
      "s" : "buy",
      "i" : "ENJ_USD",
      "m" : "4611686018430331605"
    }, {
      "d" : "1756425490820633990",
      "t" : 1756425490820,
      "tn" : 1756425490820633990,
      "q" : "1648.0",
      "p" : "0.07008",
      "s" : "buy",
      "i" : "ENJ_USD",
      "m" : "4611686018430331604"
    }, {
      "d" : "1756425232288888887",
      "t" : 1756425232288,
      "tn" : 1756425232288888887,
      "q" : "1438.2",
      "p" : "0.07007",
      "s" : "buy",
      "i" : "ENJ_USD",
      "m" : "4611686018430331603"
    }, {
      "d" : "1756425069985710478",
      "t" : 1756425069985,
      "tn" : 1756425069985710478,
      "q" : "1000.0",
      "p" : "0.07006",
      "s" : "buy",
      "i" : "ENJ_USD",
      "m" : "4611686018430331602"
    }, {
      "d" : "1756423260303572425",
      "t" : 1756423260303,
      "tn" : 1756423260303572425,
      "q" : "537.5",
      "p" : "0.07043",
      "s" : "buy",
      "i" : "ENJ_USD",
      "m" : "4611686018430331601"
    }, {
      "d" : "1756423260303570598",
      "t" : 1756423260303,
      "tn" : 1756423260303570598,
      "q" : "266.1",
      "p" : "0.07041",
      "s" : "buy",
      "i" : "ENJ_USD",
      "m" : "4611686018430331600"
    }, {
      "d" : "1756423260303568711",
      "t" : 1756423260303,
      "tn" : 1756423260303568711,
      "q" : "3551.1",
      "p" : "0.07040",
      "s" : "buy",
      "i" : "ENJ_USD",
      "m" : "4611686018430331599"
    }, {
      "d" : "1756423191741921560",
      "t" : 1756423191741,
      "tn" : 1756423191741921560,
      "q" : "13178.7",
      "p" : "0.07041",
      "s" : "buy",
      "i" : "ENJ_USD",
      "m" : "4611686018430331598"
    }, {
      "d" : "1756423191741919173",
      "t" : 1756423191741,
      "tn" : 1756423191741919173,
      "q" : "718.8",
      "p" : "0.07039",
      "s" : "buy",
      "i" : "ENJ_USD",
      "m" : "4611686018430331597"
    }, {
      "d" : "1756423191741916460",
      "t" : 1756423191741,
      "tn" : 1756423191741916460,
      "q" : "3553.1",
      "p" : "0.07036",
      "s" : "buy",
      "i" : "ENJ_USD",
      "m" : "4611686018430331596"
    }, {
      "d" : "1756423182910119930",
      "t" : 1756423182910,
      "tn" : 1756423182910119930,
      "q" : "924.8",
      "p" : "0.06951",
      "s" : "sell",
      "i" : "ENJ_USD",
      "m" : "4611686018430331595"
    }, {
      "d" : "1756423182910118260",
      "t" : 1756423182910,
      "tn" : 1756423182910118260,
      "q" : "267.7",
      "p" : "0.06952",
      "s" : "sell",
      "i" : "ENJ_USD",
      "m" : "4611686018430331594"
    }, {
      "d" : "1756423152909950647",
      "t" : 1756423152909,
      "tn" : 1756423152909950647,
      "q" : "1312.0",
      "p" : "0.06963",
      "s" : "sell",
      "i" : "ENJ_USD",
      "m" : "4611686018430331593"
    }, {
      "d" : "1756423152909948664",
      "t" : 1756423152909,
      "tn" : 1756423152909948664,
      "q" : "267.3",
      "p" : "0.06964",
      "s" : "sell",
      "i" : "ENJ_USD",
      "m" : "4611686018430331592"
    }, {
      "d" : "1756423152909944903",
      "t" : 1756423152909,
      "tn" : 1756423152909944903,
      "q" : "1278.0",
      "p" : "0.06967",
      "s" : "sell",
      "i" : "ENJ_USD",
      "m" : "4611686018430331591"
    }, {
      "d" : "1756423097241523237",
      "t" : 1756423097241,
      "tn" : 1756423097241523237,
      "q" : "127.7",
      "p" : "0.07019",
      "s" : "sell",
      "i" : "ENJ_USD",
      "m" : "4611686018430331590"
    }, {
      "d" : "1756423002969862435",
      "t" : 1756423002969,
      "tn" : 1756423002969862435,
      "q" : "1300.0",
      "p" : "0.07030",
      "s" : "buy",
      "i" : "ENJ_USD",
      "m" : "4611686018430331589"
    }, {
      "d" : "1756422942905684456",
      "t" : 1756422942905,
      "tn" : 1756422942905684456,
      "q" : "705.6",
      "p" : "0.06929",
      "s" : "sell",
      "i" : "ENJ_USD",
      "m" : "4611686018430331588"
    }, {
      "d" : "1756422942905682692",
      "t" : 1756422942905,
      "tn" : 1756422942905682692,
      "q" : "718.8",
      "p" : "0.06937",
      "s" : "sell",
      "i" : "ENJ_USD",
      "m" : "4611686018430331587"
    }, {
      "d" : "1756422942905679579",
      "t" : 1756422942905,
      "tn" : 1756422942905679579,
      "q" : "1441.1",
      "p" : "0.06938",
      "s" : "sell",
      "i" : "ENJ_USD",
      "m" : "4611686018430331586"
    }, {
      "d" : "1756422792902525792",
      "t" : 1756422792902,
      "tn" : 1756422792902525792,
      "q" : "2863.8",
      "p" : "0.06948",
      "s" : "sell",
      "i" : "ENJ_USD",
      "m" : "4611686018430331585"
    }, {
      "d" : "1756422762902008448",
      "t" : 1756422762902,
      "tn" : 1756422762902008448,
      "q" : "2866.3",
      "p" : "0.06936",
      "s" : "sell",
      "i" : "ENJ_USD",
      "m" : "4611686018430331584"
    }, {
      "d" : "1756422685873660754",
      "t" : 1756422685873,
      "tn" : 1756422685873660754,
      "q" : "1154.9",
      "p" : "0.07028",
      "s" : "buy",
      "i" : "ENJ_USD",
      "m" : "4611686018430331583"
    }, {
      "d" : "1756422671037559537",
      "t" : 1756422671037,
      "tn" : 1756422671037559537,
      "q" : "3876.7",
      "p" : "0.07032",
      "s" : "buy",
      "i" : "ENJ_USD",
      "m" : "4611686018430331582"
    }, {
      "d" : "1756422245339125970",
      "t" : 1756422245339,
      "tn" : 1756422245339125970,
      "q" : "735.1",
      "p" : "0.07034",
      "s" : "buy",
      "i" : "ENJ_USD",
      "m" : "4611686018430331581"
    }, {
      "d" : "1756422245339124359",
      "t" : 1756422245339,
      "tn" : 1756422245339124359,
      "q" : "266.3",
      "p" : "0.07033",
      "s" : "buy",
      "i" : "ENJ_USD",
      "m" : "4611686018430331580"
    }, {
      "d" : "1756422245339121207",
      "t" : 1756422245339,
      "tn" : 1756422245339121207,
      "q" : "155.5",
      "p" : "0.07028",
      "s" : "buy",
      "i" : "ENJ_USD",
      "m" : "4611686018430331579"
    }, {
      "d" : "1756422239540923290",
      "t" : 1756422239540,
      "tn" : 1756422239540923290,
      "q" : "4010.0",
      "p" : "0.07014",
      "s" : "sell",
      "i" : "ENJ_USD",
      "m" : "4611686018430331578"
    }, {
      "d" : "1756422113949864977",
      "t" : 1756422113949,
      "tn" : 1756422113949864977,
      "q" : "17413.2",
      "p" : "0.07043",
      "s" : "sell",
      "i" : "ENJ_USD",
      "m" : "4611686018430331577"
    }, {
      "d" : "1756422113948283318",
      "t" : 1756422113948,
      "tn" : 1756422113948283318,
      "q" : "266.1",
      "p" : "0.07043",
      "s" : "buy",
      "i" : "ENJ_USD",
      "m" : "4611686018430331576"
    }, {
      "d" : "1756421475369844788",
      "t" : 1756421475369,
      "tn" : 1756421475369844788,
      "q" : "795.8",
      "p" : "0.07014",
      "s" : "buy",
      "i" : "ENJ_USD",
      "m" : "4611686018430331575"
    }, {
      "d" : "1756421475369842850",
      "t" : 1756421475369,
      "tn" : 1756421475369842850,
      "q" : "227.4",
      "p" : "0.07013",
      "s" : "buy",
      "i" : "ENJ_USD",
      "m" : "4611686018430331574"
    }, {
      "d" : "1756421475369840887",
      "t" : 1756421475369,
      "tn" : 1756421475369840887,
      "q" : "2495.7",
      "p" : "0.07010",
      "s" : "buy",
      "i" : "ENJ_USD",
      "m" : "4611686018430331573"
    }, {
      "d" : "1756421337721322132",
      "t" : 1756421337721,
      "tn" : 1756421337721322132,
      "q" : "136.9",
      "p" : "0.07001",
      "s" : "sell",
      "i" : "ENJ_USD",
      "m" : "4611686018430331572"
    }, {
      "d" : "1756419972429284414",
      "t" : 1756419972429,
      "tn" : 1756419972429284414,
      "q" : "412.7",
      "p" : "0.06971",
      "s" : "buy",
      "i" : "ENJ_USD",
      "m" : "4611686018430331571"
    }, {
      "d" : "1756419972429282759",
      "t" : 1756419972429,
      "tn" : 1756419972429282759,
      "q" : "3587.3",
      "p" : "0.06969",
      "s" : "buy",
      "i" : "ENJ_USD",
      "m" : "4611686018430331570"
    }, {
      "d" : "1756419690807306170",
      "t" : 1756419690807,
      "tn" : 1756419690807306170,
      "q" : "46.4",
      "p" : "0.06945",
      "s" : "buy",
      "i" : "ENJ_USD",
      "m" : "4611686018430331569"
    }, {
      "d" : "1756419626155524613",
      "t" : 1756419626155,
      "tn" : 1756419626155524613,
      "q" : "500.1",
      "p" : "0.06937",
      "s" : "buy",
      "i" : "ENJ_USD",
      "m" : "4611686018430331568"
    }, {
      "d" : "1756419378308006146",
      "t" : 1756419378308,
      "tn" : 1756419378308006146,
      "q" : "1273.2",
      "p" : "0.06897",
      "s" : "buy",
      "i" : "ENJ_USD",
      "m" : "4611686018430331567"
    }, {
      "d" : "1756419278143740139",
      "t" : 1756419278143,
      "tn" : 1756419278143740139,
      "q" : "6197.1",
      "p" : "0.06888",
      "s" : "buy",
      "i" : "ENJ_USD",
      "m" : "4611686018430331566"
    }, {
      "d" : "1756419231438480276",
      "t" : 1756419231438,
      "tn" : 1756419231438480276,
      "q" : "6197.1",
      "p" : "0.06930",
      "s" : "sell",
      "i" : "ENJ_USD",
      "m" : "4611686018430331565"
    }, {
      "d" : "1756418812480560036",
      "t" : 1756418812480,
      "tn" : 1756418812480560036,
      "q" : "39.7",
      "p" : "0.06907",
      "s" : "buy",
      "i" : "ENJ_USD",
      "m" : "4611686018430331564"
    }, {
      "d" : "1756417575125048665",
      "t" : 1756417575125,
      "tn" : 1756417575125048665,
      "q" : "1289.0",
      "p" : "0.06836",
      "s" : "buy",
      "i" : "ENJ_USD",
      "m" : "4611686018430331563"
    }, {
      "d" : "1756417559803915682",
      "t" : 1756417559803,
      "tn" : 1756417559803915682,
      "q" : "100.0",
      "p" : "0.06868",
      "s" : "sell",
      "i" : "ENJ_USD",
      "m" : "4611686018430331562"
    }, {
      "d" : "1756417539578464479",
      "t" : 1756417539578,
      "tn" : 1756417539578464479,
      "q" : "1158.0",
      "p" : "0.06897",
      "s" : "buy",
      "i" : "ENJ_USD",
      "m" : "4611686018430331561"
    }, {
      "d" : "1756417482821891534",
      "t" : 1756417482821,
      "tn" : 1756417482821891534,
      "q" : "39.0",
      "p" : "0.06880",
      "s" : "sell",
      "i" : "ENJ_USD",
      "m" : "4611686018430331560"
    }, {
      "d" : "1756417089175172227",
      "t" : 1756417089175,
      "tn" : 1756417089175172227,
      "q" : "125.0",
      "p" : "0.06836",
      "s" : "buy",
      "i" : "ENJ_USD",
      "m" : "4611686018430331559"
    }, {
      "d" : "1756416847944377482",
      "t" : 1756416847944,
      "tn" : 1756416847944377482,
      "q" : "80.7",
      "p" : "0.06838",
      "s" : "buy",
      "i" : "ENJ_USD",
      "m" : "4611686018430331558"
    }, {
      "d" : "1756416357810293377",
      "t" : 1756416357810,
      "tn" : 1756416357810293377,
      "q" : "305.8",
      "p" : "0.06838",
      "s" : "buy",
      "i" : "ENJ_USD",
      "m" : "4611686018430331557"
    }, {
      "d" : "1756416135929779670",
      "t" : 1756416135929,
      "tn" : 1756416135929779670,
      "q" : "2256.7",
      "p" : "0.06871",
      "s" : "sell",
      "i" : "ENJ_USD",
      "m" : "4611686018430331556"
    }, {
      "d" : "1756414571868460971",
      "t" : 1756414571868,
      "tn" : 1756414571868460971,
      "q" : "100.0",
      "p" : "0.06795",
      "s" : "buy",
      "i" : "ENJ_USD",
      "m" : "4611686018430331555"
    }, {
      "d" : "1756413961799423681",
      "t" : 1756413961799,
      "tn" : 1756413961799423681,
      "q" : "45.0",
      "p" : "0.06784",
      "s" : "buy",
      "i" : "ENJ_USD",
      "m" : "4611686018430331554"
    }, {
      "d" : "1756413682838623482",
      "t" : 1756413682838,
      "tn" : 1756413682838623482,
      "q" : "70.0",
      "p" : "0.06783",
      "s" : "buy",
      "i" : "ENJ_USD",
      "m" : "4611686018430331553"
    }, {
      "d" : "1756413529184901801",
      "t" : 1756413529184,
      "tn" : 1756413529184901801,
      "q" : "50.0",
      "p" : "0.06776",
      "s" : "buy",
      "i" : "ENJ_USD",
      "m" : "4611686018430331552"
    }, {
      "d" : "1756413140504528919",
      "t" : 1756413140504,
      "tn" : 1756413140504528919,
      "q" : "100.0",
      "p" : "0.06821",
      "s" : "sell",
      "i" : "ENJ_USD",
      "m" : "4611686018430331551"
    }, {
      "d" : "1756413076750985914",
      "t" : 1756413076750,
      "tn" : 1756413076750985914,
      "q" : "150.0",
      "p" : "0.06793",
      "s" : "buy",
      "i" : "ENJ_USD",
      "m" : "4611686018430331550"
    }, {
      "d" : "1756412779193676116",
      "t" : 1756412779193,
      "tn" : 1756412779193676116,
      "q" : "161.9",
      "p" : "0.06789",
      "s" : "buy",
      "i" : "ENJ_USD",
      "m" : "4611686018430331549"
    }, {
      "d" : "1756412650473912499",
      "t" : 1756412650473,
      "tn" : 1756412650473912499,
      "q" : "90.0",
      "p" : "0.06778",
      "s" : "buy",
      "i" : "ENJ_USD",
      "m" : "4611686018430331548"
    }, {
      "d" : "1756411571491366888",
      "t" : 1756411571491,
      "tn" : 1756411571491366888,
      "q" : "4099.0",
      "p" : "0.06749",
      "s" : "buy",
      "i" : "ENJ_USD",
      "m" : "4611686018430331547"
    }, {
      "d" : "1756411310298302585",
      "t" : 1756411310298,
      "tn" : 1756411310298302585,
      "q" : "1145.5",
      "p" : "0.06798",
      "s" : "sell",
      "i" : "ENJ_USD",
      "m" : "4611686018430331546"
    }, {
      "d" : "1756410230420447210",
      "t" : 1756410230420,
      "tn" : 1756410230420447210,
      "q" : "1000.0",
      "p" : "0.06772",
      "s" : "buy",
      "i" : "ENJ_USD",
      "m" : "4611686018430331545"
    }, {
      "d" : "1756410192676219965",
      "t" : 1756410192676,
      "tn" : 1756410192676219965,
      "q" : "152.5",
      "p" : "0.06764",
      "s" : "sell",
      "i" : "ENJ_USD",
      "m" : "4611686018430331544"
    }, {
      "d" : "1756410035845875778",
      "t" : 1756410035845,
      "tn" : 1756410035845875778,
      "q" : "65.7",
      "p" : "0.06793",
      "s" : "buy",
      "i" : "ENJ_USD",
      "m" : "4611686018430331543"
    }, {
      "d" : "1756409811166444647",
      "t" : 1756409811166,
      "tn" : 1756409811166444647,
      "q" : "152.6",
      "p" : "0.06833",
      "s" : "sell",
      "i" : "ENJ_USD",
      "m" : "4611686018430331542"
    }, {
      "d" : "1756408853107673742",
      "t" : 1756408853107,
      "tn" : 1756408853107673742,
      "q" : "912.9",
      "p" : "0.06889",
      "s" : "sell",
      "i" : "ENJ_USD",
      "m" : "4611686018430331541"
    }, {
      "d" : "1756408829511730944",
      "t" : 1756408829511,
      "tn" : 1756408829511730944,
      "q" : "170.5",
      "p" : "0.06884",
      "s" : "sell",
      "i" : "ENJ_USD",
      "m" : "4611686018430331540"
    }, {
      "d" : "1756407938286271616",
      "t" : 1756407938286,
      "tn" : 1756407938286271616,
      "q" : "300.0",
      "p" : "0.06849",
      "s" : "buy",
      "i" : "ENJ_USD",
      "m" : "4611686018430331539"
    }, {
      "d" : "1756407852050834693",
      "t" : 1756407852050,
      "tn" : 1756407852050834693,
      "q" : "1878.6",
      "p" : "0.06895",
      "s" : "sell",
      "i" : "ENJ_USD",
      "m" : "4611686018430331538"
    }, {
      "d" : "1756407747815396325",
      "t" : 1756407747815,
      "tn" : 1756407747815396325,
      "q" : "1626.4",
      "p" : "0.06880",
      "s" : "sell",
      "i" : "ENJ_USD",
      "m" : "4611686018430331537"
    }, {
      "d" : "1756407030445819800",
      "t" : 1756407030445,
      "tn" : 1756407030445819800,
      "q" : "47.8",
      "p" : "0.06880",
      "s" : "sell",
      "i" : "ENJ_USD",
      "m" : "4611686018430331536"
    }, {
      "d" : "1756406855462986917",
      "t" : 1756406855462,
      "tn" : 1756406855462986917,
      "q" : "100.0",
      "p" : "0.06868",
      "s" : "sell",
      "i" : "ENJ_USD",
      "m" : "4611686018430331535"
    }, {
      "d" : "1756406782760580768",
      "t" : 1756406782760,
      "tn" : 1756406782760580768,
      "q" : "148.0",
      "p" : "0.06877",
      "s" : "sell",
      "i" : "ENJ_USD",
      "m" : "4611686018430331534"
    }, {
      "d" : "1756406558525192403",
      "t" : 1756406558525,
      "tn" : 1756406558525192403,
      "q" : "480.9",
      "p" : "0.06845",
      "s" : "buy",
      "i" : "ENJ_USD",
      "m" : "4611686018430331533"
    }, {
      "d" : "1756405707686552760",
      "t" : 1756405707686,
      "tn" : 1756405707686552760,
      "q" : "18.9",
      "p" : "0.06823",
      "s" : "sell",
      "i" : "ENJ_USD",
      "m" : "4611686018430331532"
    }, {
      "d" : "1756405117440418080",
      "t" : 1756405117440,
      "tn" : 1756405117440418080,
      "q" : "67.1",
      "p" : "0.06785",
      "s" : "buy",
      "i" : "ENJ_USD",
      "m" : "4611686018430331531"
    }, {
      "d" : "1756402954624917956",
      "t" : 1756402954624,
      "tn" : 1756402954624917956,
      "q" : "66.3",
      "p" : "0.06817",
      "s" : "buy",
      "i" : "ENJ_USD",
      "m" : "4611686018430331530"
    }, {
      "d" : "1756401969691725509",
      "t" : 1756401969691,
      "tn" : 1756401969691725509,
      "q" : "249.4",
      "p" : "0.06805",
      "s" : "buy",
      "i" : "ENJ_USD",
      "m" : "4611686018430331529"
    } ]
  }
}