{
  "id" : -1,
  "method" : "public/get-trades",
  "code" : 0,
  "result" : {
    "data" : [ {
      "d" : "1756459974683389427",
      "t" : 1756459974683,
      "tn" : 1756459974683389427,
      "q" : "219.5",
      "p" : "0.06625",
      "s" : "sell",
      "i" : "ENJ_USDT",
      "m" : "4611686018430260750"
    }, {
      "d" : "1756459240262054264",
      "t" : 1756459240262,
      "tn" : 1756459240262054264,
      "q" : "753.3",
      "p" : "0.06637",
      "s" : "buy",
      "i" : "ENJ_USDT",
      "m" : "4611686018430260749"
    }, {
      "d" : "1756458708555045850",
      "t" : 1756458708555,
      "tn" : 1756458708555045850,
      "q" : "757.1",
      "p" : "0.06604",
      "s" : "buy",
      "i" : "ENJ_USDT",
      "m" : "4611686018430260748"
    }, {
      "d" : "1756458183651292390",
      "t" : 1756458183651,
      "tn" : 1756458183651292390,
      "q" : "760.9",
      "p" : "0.06571",
      "s" : "sell",
      "i" : "ENJ_USDT",
      "m" : "4611686018430260747"
    }, {
      "d" : "1756458138077202525",
      "t" : 1756458138077,
      "tn" : 1756458138077202525,
      "q" : "197.9",
      "p" : "0.06574",
      "s" : "sell",
      "i" : "ENJ_USDT",
      "m" : "4611686018430260746"
    }, {
      "d" : "1756458138057225322",
      "t" : 1756458138057,
      "tn" : 1756458138057225322,
      "q" : "757.1",
      "p" : "0.06604",
      "s" : "sell",
      "i" : "ENJ_USDT",
      "m" : "4611686018430260745"
    }, {
      "d" : "1756457841701121301",
      "t" : 1756457841701,
      "tn" : 1756457841701121301,
      "q" : "753.3",
      "p" : "0.06637",
      "s" : "sell",
      "i" : "ENJ_USDT",
      "m" : "4611686018430260744"
    }, {
      "d" : "1756455442090096056",
      "t" : 1756455442090,
      "tn" : 1756455442090096056,
      "q" : "749.6",
      "p" : "0.06670",
      "s" : "sell",
      "i" : "ENJ_USDT",
      "m" : "4611686018430260743"
    }, {
      "d" : "1756454716618043877",
      "t" : 1756454716618,
      "tn" : 1756454716618043877,
      "q" : "79.6",
      "p" : "0.06703",
      "s" : "sell",
      "i" : "ENJ_USDT",
      "m" : "4611686018430260742"
    }, {
      "d" : "1756454581607968109",
      "t" : 1756454581607,
      "tn" : 1756454581607968109,
      "q" : "637.5",
      "p" : "0.06744",
      "s" : "buy",
      "i" : "ENJ_USDT",
      "m" : "4611686018430260741"
    }, {
      "d" : "1756454581607966569",
      "t" : 1756454581607,
      "tn" : 1756454581607966569,
      "q" : "195.7",
      "p" : "0.06743",
      "s" : "buy",
      "i" : "ENJ_USDT",
      "m" : "4611686018430260740"
    }, {
      "d" : "1756454036802318143",
      "t" : 1756454036802,
      "tn" : 1756454036802318143,
      "q" : "361.7",
      "p" : "0.06749",
      "s" : "buy",
      "i" : "ENJ_USDT",
      "m" : "4611686018430260739"
    }, {
      "d" : "1756454036801260418",
      "t" : 1756454036801,
      "tn" : 1756454036801260418,
      "q" : "165.0",
      "p" : "0.06750",
      "s" : "buy",
      "i" : "ENJ_USDT",
      "m" : "4611686018430260738"
    }, {
      "d" : "1756454036801258654",
      "t" : 1756454036801,
      "tn" : 1756454036801258654,
      "q" : "196.2",
      "p" : "0.06749",
      "s" : "buy",
      "i" : "ENJ_USDT",
      "m" : "4611686018430260737"
    }, {
      "d" : "1756451945132587600",
      "t" : 1756451945132,
      "tn" : 1756451945132587600,
      "q" : "734.6",
      "p" : "0.06711",
      "s" : "sell",
      "i" : "ENJ_USDT",
      "m" : "4611686018430260736"
    }, {
      "d" : "1756451945131611665",
      "t" : 1756451945131,
      "tn" : 1756451945131611665,
      "q" : "742.1",
      "p" : "0.06737",
      "s" : "sell",
      "i" : "ENJ_USDT",
      "m" : "4611686018430260735"
    }, {
      "d" : "1756451489684260489",
      "t" : 1756451489684,
      "tn" : 1756451489684260489,
      "q" : "738.4",
      "p" : "0.06771",
      "s" : "sell",
      "i" : "ENJ_USDT",
      "m" : "4611686018430260734"
    }, {
      "d" : "1756450946976681008",
      "t" : 1756450946976,
      "tn" : 1756450946976681008,
      "q" : "734.8",
      "p" : "0.06804",
      "s" : "sell",
      "i" : "ENJ_USDT",
      "m" : "4611686018430260733"
    }, {
      "d" : "1756449048563719553",
      "t" : 1756449048563,
      "tn" : 1756449048563719553,
      "q" : "731.1",
      "p" : "0.06838",
      "s" : "sell",
      "i" : "ENJ_USDT",
      "m" : "4611686018430260732"
    }, {
      "d" : "1756448120202206247",
      "t" : 1756448120202,
      "tn" : 1756448120202206247,
      "q" : "727.5",
      "p" : "0.06873",
      "s" : "sell",
      "i" : "ENJ_USDT",
      "m" : "4611686018430260731"
    }, {
      "d" : "1756444059322530656",
      "t" : 1756444059322,
      "tn" : 1756444059322530656,
      "q" : "14.8",
      "p" : "0.06911",
      "s" : "sell",
      "i" : "ENJ_USDT",
      "m" : "4611686018430260730"
    }, {
      "d" : "1756443829041917282",
      "t" : 1756443829041,
      "tn" : 1756443829041917282,
      "q" : "14.8",
      "p" : "0.06911",
      "s" : "sell",
      "i" : "ENJ_USDT",
      "m" : "4611686018430260729"
    }, {
      "d" : "1756443459440851278",
      "t" : 1756443459440,
      "tn" : 1756443459440851278,
      "q" : "723.9",
      "p" : "0.06907",
      "s" : "sell",
      "i" : "ENJ_USDT",
      "m" : "4611686018430260728"
    }, {
      "d" : "1756443366659136964",
      "t" : 1756443366659,
      "tn" : 1756443366659136961,
      "q" : "14.8",
      "p" : "0.06911",
      "s" : "sell",
      "i" : "ENJ_USDT",
      "m" : "4611686018430260727"
    }, {
      "d" : "1756443366659136963",
      "t" : 1756443366659,
      "tn" : 1756443366659136961,
      "q" : "14.8",
      "p" : "0.06911",
      "s" : "sell",
      "i" : "ENJ_USDT",
      "m" : "4611686018430260727"
    }, {
      "d" : "1756443366659136962",
      "t" : 1756443366659,
      "tn" : 1756443366659136961,
      "q" : "14.8",
      "p" : "0.06911",
      "s" : "sell",
      "i" : "ENJ_USDT",
      "m" : "4611686018430260727"
    }, {
      "d" : "1756443366659136961",
      "t" : 1756443366659,
      "tn" : 1756443366659136961,
      "q" : "14.8",
      "p" : "0.06911",
      "s" : "sell",
      "i" : "ENJ_USDT",
      "m" : "4611686018430260727"
    }, {
      "d" : "1756443164502039071",
      "t" : 1756443164502,
      "tn" : 1756443164502039071,
      "q" : "14.8",
      "p" : "0.06932",
      "s" : "sell",
      "i" : "ENJ_USDT",
      "m" : "4611686018430260726"
    }, {
      "d" : "1756440357159507779",
      "t" : 1756440357159,
      "tn" : 1756440357159507779,
      "q" : "13802.9",
      "p" : "0.06967",
      "s" : "buy",
      "i" : "ENJ_USDT",
      "m" : "4611686018430260725"
    }, {
      "d" : "1756438691542171236",
      "t" : 1756438691542,
      "tn" : 1756438691542171236,
      "q" : "1150.0",
      "p" : "0.06937",
      "s" : "sell",
      "i" : "ENJ_USDT",
      "m" : "4611686018430260724"
    }, {
      "d" : "1756434127076894702",
      "t" : 1756434127076,
      "tn" : 1756434127076894702,
      "q" : "720.3",
      "p" : "0.06941",
      "s" : "buy",
      "i" : "ENJ_USDT",
      "m" : "4611686018430260723"
    }, {
      "d" : "1756433265099069513",
      "t" : 1756433265099,
      "tn" : 1756433265099069513,
      "q" : "14.8",
      "p" : "0.06911",
      "s" : "buy",
      "i" : "ENJ_USDT",
      "m" : "4611686018430260722"
    }, {
      "d" : "1756433223101273947",
      "t" : 1756433223101,
      "tn" : 1756433223101273946,
      "q" : "14.8",
      "p" : "0.06911",
      "s" : "buy",
      "i" : "ENJ_USDT",
      "m" : "4611686018430260721"
    }, {
      "d" : "1756433223101273946",
      "t" : 1756433223101,
      "tn" : 1756433223101273946,
      "q" : "14.8",
      "p" : "0.06911",
      "s" : "buy",
      "i" : "ENJ_USDT",
      "m" : "4611686018430260721"
    }, {
      "d" : "1756433092503142077",
      "t" : 1756433092503,
      "tn" : 1756433092503142077,
      "q" : "1476.8",
      "p" : "0.06895",
      "s" : "sell",
      "i" : "ENJ_USDT",
      "m" : "4611686018430260720"
    }, {
      "d" : "1756432044199435045",
      "t" : 1756432044199,
      "tn" : 1756432044199435045,
      "q" : "14.8",
      "p" : "0.06911",
      "s" : "sell",
      "i" : "ENJ_USDT",
      "m" : "4611686018430260719"
    }, {
      "d" : "1756431415547997295",
      "t" : 1756431415547,
      "tn" : 1756431415547997295,
      "q" : "186.1",
      "p" : "0.06912",
      "s" : "buy",
      "i" : "ENJ_USDT",
      "m" : "4611686018430260718"
    }, {
      "d" : "1756430476879217057",
      "t" : 1756430476879,
      "tn" : 1756430476879217057,
      "q" : "366.9",
      "p" : "0.06882",
      "s" : "sell",
      "i" : "ENJ_USDT",
      "m" : "4611686018430260717"
    }, {
      "d" : "1756430462360105290",
      "t" : 1756430462360,
      "tn" : 1756430462360105290,
      "q" : "723.9",
      "p" : "0.06907",
      "s" : "sell",
      "i" : "ENJ_USDT",
      "m" : "4611686018430260716"
    }, {
      "d" : "1756430167553557344",
      "t" : 1756430167553,
      "tn" : 1756430167553557344,
      "q" : "1430.0",
      "p" : "0.06943",
      "s" : "sell",
      "i" : "ENJ_USDT",
      "m" : "4611686018430260715"
    }, {
      "d" : "1756430167549273228",
      "t" : 1756430167549,
      "tn" : 1756430167549273228,
      "q" : "13573.7",
      "p" : "0.06943",
      "s" : "buy",
      "i" : "ENJ_USDT",
      "m" : "4611686018430260714"
    }, {
      "d" : "1756430167547017715",
      "t" : 1756430167547,
      "tn" : 1756430167547017715,
      "q" : "841.3",
      "p" : "0.06943",
      "s" : "buy",
      "i" : "ENJ_USDT",
      "m" : "4611686018430260713"
    }, {
      "d" : "1756430167547015672",
      "t" : 1756430167547,
      "tn" : 1756430167547015672,
      "q" : "2592.2",
      "p" : "0.06942",
      "s" : "buy",
      "i" : "ENJ_USDT",
      "m" : "4611686018430260712"
    }, {
      "d" : "1756430125542323394",
      "t" : 1756430125542,
      "tn" : 1756430125542323394,
      "q" : "720.3",
      "p" : "0.06941",
      "s" : "sell",
      "i" : "ENJ_USDT",
      "m" : "4611686018430260711"
    }, {
      "d" : "1756429537034315581",
      "t" : 1756429537034,
      "tn" : 1756429537034315581,
      "q" : "554.0",
      "p" : "0.06976",
      "s" : "sell",
      "i" : "ENJ_USDT",
      "m" : "4611686018430260710"
    }, {
      "d" : "1756428672534380217",
      "t" : 1756428672534,
      "tn" : 1756428672534380217,
      "q" : "10150.6",
      "p" : "0.07013",
      "s" : "buy",
      "i" : "ENJ_USDT",
      "m" : "4611686018430260709"
    }, {
      "d" : "1756428672532860220",
      "t" : 1756428672532,
      "tn" : 1756428672532860220,
      "q" : "4135.4",
      "p" : "0.07013",
      "s" : "buy",
      "i" : "ENJ_USDT",
      "m" : "4611686018430260708"
    }, {
      "d" : "1756428672532858415",
      "t" : 1756428672532,
      "tn" : 1756428672532858415,
      "q" : "8194.0",
      "p" : "0.07012",
      "s" : "buy",
      "i" : "ENJ_USDT",
      "m" : "4611686018430260707"
    }, {
      "d" : "1756428672532856078",
      "t" : 1756428672532,
      "tn" : 1756428672532856078,
      "q" : "2674.3",
      "p" : "0.07011",
      "s" : "buy",
      "i" : "ENJ_USDT",
      "m" : "4611686018430260706"
    }, {
      "d" : "1756428328749032270",
      "t" : 1756428328749,
      "tn" : 1756428328749032270,
      "q" : "162.7",
      "p" : "0.06976",
      "s" : "sell",
      "i" : "ENJ_USDT",
      "m" : "4611686018430260705"
    }, {
      "d" : "1756428328748046340",
      "t" : 1756428328748,
      "tn" : 1756428328748046340,
      "q" : "164.4",
      "p" : "0.06995",
      "s" : "sell",
      "i" : "ENJ_USDT",
      "m" : "4611686018430260704"
    }, {
      "d" : "1756428325900139989",
      "t" : 1756428325900,
      "tn" : 1756428325900139989,
      "q" : "14.8",
      "p" : "0.07001",
      "s" : "sell",
      "i" : "ENJ_USDT",
      "m" : "4611686018430260703"
    }, {
      "d" : "1756427868328994080",
      "t" : 1756427868328,
      "tn" : 1756427868328994080,
      "q" : "713.1",
      "p" : "0.07011",
      "s" : "sell",
      "i" : "ENJ_USDT",
      "m" : "4611686018430260702"
    }, {
      "d" : "1756427367993895668",
      "t" : 1756427367993,
      "tn" : 1756427367993895668,
      "q" : "709.6",
      "p" : "0.07046",
      "s" : "buy",
      "i" : "ENJ_USDT",
      "m" : "4611686018430260701"
    }, {
      "d" : "1756424350157116582",
      "t" : 1756424350157,
      "tn" : 1756424350157116582,
      "q" : "713.1",
      "p" : "0.07011",
      "s" : "buy",
      "i" : "ENJ_USDT",
      "m" : "4611686018430260700"
    }, {
      "d" : "1756422762031233742",
      "t" : 1756422762031,
      "tn" : 1756422762031233742,
      "q" : "716.7",
      "p" : "0.06976",
      "s" : "sell",
      "i" : "ENJ_USDT",
      "m" : "4611686018430260699"
    }, {
      "d" : "1756422113954134381",
      "t" : 1756422113954,
      "tn" : 1756422113954134380,
      "q" : "15.1",
      "p" : "0.07031",
      "s" : "buy",
      "i" : "ENJ_USDT",
      "m" : "4611686018430260698"
    }, {
      "d" : "1756422113954134380",
      "t" : 1756422113954,
      "tn" : 1756422113954134380,
      "q" : "15.1",
      "p" : "0.07031",
      "s" : "buy",
      "i" : "ENJ_USDT",
      "m" : "4611686018430260698"
    }, {
      "d" : "1756422113954129741",
      "t" : 1756422113954,
      "tn" : 1756422113954129741,
      "q" : "713.1",
      "p" : "0.07011",
      "s" : "buy",
      "i" : "ENJ_USDT",
      "m" : "4611686018430260697"
    }, {
      "d" : "1756422113954126757",
      "t" : 1756422113954,
      "tn" : 1756422113954126757,
      "q" : "1410.9",
      "p" : "0.07010",
      "s" : "buy",
      "i" : "ENJ_USDT",
      "m" : "4611686018430260696"
    }, {
      "d" : "1756422113954124348",
      "t" : 1756422113954,
      "tn" : 1756422113954124348,
      "q" : "14339.0",
      "p" : "0.07009",
      "s" : "buy",
      "i" : "ENJ_USDT",
      "m" : "4611686018430260695"
    }, {
      "d" : "1756422113954121734",
      "t" : 1756422113954,
      "tn" : 1756422113954121734,
      "q" : "188.9",
      "p" : "0.07008",
      "s" : "buy",
      "i" : "ENJ_USDT",
      "m" : "4611686018430260694"
    }, {
      "d" : "1756422091388774665",
      "t" : 1756422091388,
      "tn" : 1756422091388774662,
      "q" : "15.1",
      "p" : "0.06981",
      "s" : "buy",
      "i" : "ENJ_USDT",
      "m" : "4611686018430260693"
    }, {
      "d" : "1756422091388774664",
      "t" : 1756422091388,
      "tn" : 1756422091388774662,
      "q" : "15.1",
      "p" : "0.06981",
      "s" : "buy",
      "i" : "ENJ_USDT",
      "m" : "4611686018430260693"
    }, {
      "d" : "1756422091388774663",
      "t" : 1756422091388,
      "tn" : 1756422091388774662,
      "q" : "15.1",
      "p" : "0.06981",
      "s" : "buy",
      "i" : "ENJ_USDT",
      "m" : "4611686018430260693"
    }, {
      "d" : "1756422091388774662",
      "t" : 1756422091388,
      "tn" : 1756422091388774662,
      "q" : "15.1",
      "p" : "0.06981",
      "s" : "buy",
      "i" : "ENJ_USDT",
      "m" : "4611686018430260693"
    }, {
      "d" : "1756422091388768347",
      "t" : 1756422091388,
      "tn" : 1756422091388768347,
      "q" : "25.9",
      "p" : "0.06976",
      "s" : "buy",
      "i" : "ENJ_USDT",
      "m" : "4611686018430260692"
    }, {
      "d" : "1756421337722226837",
      "t" : 1756421337722,
      "tn" : 1756421337722226837,
      "q" : "137.3",
      "p" : "0.06976",
      "s" : "buy",
      "i" : "ENJ_USDT",
      "m" : "4611686018430260691"
    }, {
      "d" : "1756420966062952689",
      "t" : 1756420966062,
      "tn" : 1756420966062952689,
      "q" : "15.1",
      "p" : "0.06948",
      "s" : "buy",
      "i" : "ENJ_USDT",
      "m" : "4611686018430260690"
    }, {
      "d" : "1756420569109287730",
      "t" : 1756420569109,
      "tn" : 1756420569109287730,
      "q" : "15.0",
      "p" : "0.06946",
      "s" : "buy",
      "i" : "ENJ_USDT",
      "m" : "4611686018430260689"
    }, {
      "d" : "1756420559399976520",
      "t" : 1756420559399,
      "tn" : 1756420559399976518,
      "q" : "15.1",
      "p" : "0.06955",
      "s" : "buy",
      "i" : "ENJ_USDT",
      "m" : "4611686018430260688"
    }, {
      "d" : "1756420559399976519",
      "t" : 1756420559399,
      "tn" : 1756420559399976518,
      "q" : "15.1",
      "p" : "0.06955",
      "s" : "buy",
      "i" : "ENJ_USDT",
      "m" : "4611686018430260688"
    }, {
      "d" : "1756420559399976518",
      "t" : 1756420559399,
      "tn" : 1756420559399976518,
      "q" : "15.1",
      "p" : "0.06955",
      "s" : "buy",
      "i" : "ENJ_USDT",
      "m" : "4611686018430260688"
    }, {
      "d" : "1756420332383575131",
      "t" : 1756420332383,
      "tn" : 1756420332383575129,
      "q" : "15.0",
      "p" : "0.06953",
      "s" : "buy",
      "i" : "ENJ_USDT",
      "m" : "4611686018430260687"
    }, {
      "d" : "1756420332383575130",
      "t" : 1756420332383,
      "tn" : 1756420332383575129,
      "q" : "15.0",
      "p" : "0.06953",
      "s" : "buy",
      "i" : "ENJ_USDT",
      "m" : "4611686018430260687"
    }, {
      "d" : "1756420332383575129",
      "t" : 1756420332383,
      "tn" : 1756420332383575129,
      "q" : "15.0",
      "p" : "0.06953",
      "s" : "buy",
      "i" : "ENJ_USDT",
      "m" : "4611686018430260687"
    }, {
      "d" : "1756420202747015043",
      "t" : 1756420202747,
      "tn" : 1756420202747015043,
      "q" : "720.3",
      "p" : "0.06941",
      "s" : "buy",
      "i" : "ENJ_USDT",
      "m" : "4611686018430260686"
    }, {
      "d" : "1756419141524182219",
      "t" : 1756419141524,
      "tn" : 1756419141524182219,
      "q" : "723.9",
      "p" : "0.06907",
      "s" : "buy",
      "i" : "ENJ_USDT",
      "m" : "4611686018430260685"
    }, {
      "d" : "1756418037424847624",
      "t" : 1756418037424,
      "tn" : 1756418037424847624,
      "q" : "727.5",
      "p" : "0.06873",
      "s" : "buy",
      "i" : "ENJ_USDT",
      "m" : "4611686018430260684"
    }, {
      "d" : "1756416002043276100",
      "t" : 1756416002043,
      "tn" : 1756416002043276100,
      "q" : "731.1",
      "p" : "0.06838",
      "s" : "buy",
      "i" : "ENJ_USDT",
      "m" : "4611686018430260683"
    }, {
      "d" : "1756412758513874998",
      "t" : 1756412758513,
      "tn" : 1756412758513874998,
      "q" : "734.8",
      "p" : "0.06804",
      "s" : "buy",
      "i" : "ENJ_USDT",
      "m" : "4611686018430260682"
    }, {
      "d" : "1756411111060704843",
      "t" : 1756411111060,
      "tn" : 1756411111060704843,
      "q" : "738.4",
      "p" : "0.06771",
      "s" : "sell",
      "i" : "ENJ_USDT",
      "m" : "4611686018430260681"
    }, {
      "d" : "1756410188613349493",
      "t" : 1756410188613,
      "tn" : 1756410188613349493,
      "q" : "734.8",
      "p" : "0.06804",
      "s" : "sell",
      "i" : "ENJ_USDT",
      "m" : "4611686018430260680"
    }, {
      "d" : "1756409811166355275",
      "t" : 1756409811166,
      "tn" : 1756409811166355275,
      "q" : "731.1",
      "p" : "0.06838",
      "s" : "sell",
      "i" : "ENJ_USDT",
      "m" : "4611686018430260679"
    }, {
      "d" : "1756408221050231860",
      "t" : 1756408221050,
      "tn" : 1756408221050231860,
      "q" : "15.1",
      "p" : "0.06881",
      "s" : "buy",
      "i" : "ENJ_USDT",
      "m" : "4611686018430260678"
    }, {
      "d" : "1756406558538690955",
      "t" : 1756406558538,
      "tn" : 1756406558538690955,
      "q" : "144.8",
      "p" : "0.06860",
      "s" : "sell",
      "i" : "ENJ_USDT",
      "m" : "4611686018430260677"
    }, {
      "d" : "1756406558526872388",
      "t" : 1756406558526,
      "tn" : 1756406558526872388,
      "q" : "150.9",
      "p" : "0.06861",
      "s" : "sell",
      "i" : "ENJ_USDT",
      "m" : "4611686018430260676"
    }, {
      "d" : "1756406432413200032",
      "t" : 1756406432413,
      "tn" : 1756406432413200032,
      "q" : "65.9",
      "p" : "0.06873",
      "s" : "buy",
      "i" : "ENJ_USDT",
      "m" : "4611686018430260675"
    }, {
      "d" : "1756406432413047352",
      "t" : 1756406432413,
      "tn" : 1756406432413047352,
      "q" : "661.6",
      "p" : "0.06873",
      "s" : "buy",
      "i" : "ENJ_USDT",
      "m" : "4611686018430260674"
    }, {
      "d" : "1756406432413045610",
      "t" : 1756406432413,
      "tn" : 1756406432413045610,
      "q" : "15.1",
      "p" : "0.06870",
      "s" : "buy",
      "i" : "ENJ_USDT",
      "m" : "4611686018430260673"
    }, {
      "d" : "1756405691592264587",
      "t" : 1756405691592,
      "tn" : 1756405691592264587,
      "q" : "15.1",
      "p" : "0.06848",
      "s" : "buy",
      "i" : "ENJ_USDT",
      "m" : "4611686018430260672"
    }, {
      "d" : "1756405691592262390",
      "t" : 1756405691592,
      "tn" : 1756405691592262390,
      "q" : "15.1",
      "p" : "0.06846",
      "s" : "buy",
      "i" : "ENJ_USDT",
      "m" : "4611686018430260671"
    }, {
      "d" : "1756405691592259916",
      "t" : 1756405691592,
      "tn" : 1756405691592259916,
      "q" : "15.1",
      "p" : "0.06845",
      "s" : "buy",
      "i" : "ENJ_USDT",
      "m" : "4611686018430260670"
    }, {
      "d" : "1756405547395372717",
      "t" : 1756405547395,
      "tn" : 1756405547395372716,
      "q" : "15.0",
      "p" : "0.06838",
      "s" : "buy",
      "i" : "ENJ_USDT",
      "m" : "4611686018430260669"
    }, {
      "d" : "1756405547395372716",
      "t" : 1756405547395,
      "tn" : 1756405547395372716,
      "q" : "731.1",
      "p" : "0.06838",
      "s" : "buy",
      "i" : "ENJ_USDT",
      "m" : "4611686018430260669"
    }, {
      "d" : "1756404557352279763",
      "t" : 1756404557352,
      "tn" : 1756404557352279763,
      "q" : "15.1",
      "p" : "0.06818",
      "s" : "buy",
      "i" : "ENJ_USDT",
      "m" : "4611686018430260668"
    }, {
      "d" : "1756404517710237171",
      "t" : 1756404517710,
      "tn" : 1756404517710237171,
      "q" : "15.1",
      "p" : "0.06813",
      "s" : "buy",
      "i" : "ENJ_USDT",
      "m" : "4611686018430260667"
    }, {
      "d" : "1756404509011946535",
      "t" : 1756404509011,
      "tn" : 1756404509011946535,
      "q" : "15.1",
      "p" : "0.06811",
      "s" : "buy",
      "i" : "ENJ_USDT",
      "m" : "4611686018430260666"
    }, {
      "d" : "1756404384132052296",
      "t" : 1756404384132,
      "tn" : 1756404384132052296,
      "q" : "15.1",
      "p" : "0.06823",
      "s" : "buy",
      "i" : "ENJ_USDT",
      "m" : "4611686018430260665"
    }, {
      "d" : "1756404378176081566",
      "t" : 1756404378176,
      "tn" : 1756404378176081566,
      "q" : "15.1",
      "p" : "0.06823",
      "s" : "buy",
      "i" : "ENJ_USDT",
      "m" : "4611686018430260664"
    }, {
      "d" : "1756404358503968626",
      "t" : 1756404358503,
      "tn" : 1756404358503968626,
      "q" : "15.1",
      "p" : "0.06810",
      "s" : "buy",
      "i" : "ENJ_USDT",
      "m" : "4611686018430260663"
    }, {
      "d" : "1756401769683155922",
      "t" : 1756401769683,
      "tn" : 1756401769683155922,
      "q" : "40.6",
      "p" : "0.06804",
      "s" : "buy",
      "i" : "ENJ_USDT",
      "m" : "4611686018430260662"
    }, {
      "d" : "1756401769660356074",
      "t" : 1756401769660,
      "tn" : 1756401769660356074,
      "q" : "694.2",
      "p" : "0.06804",
      "s" : "buy",
      "i" : "ENJ_USDT",
      "m" : "4611686018430260661"
    }, {
      "d" : "1756400401355018355",
      "t" : 1756400401355,
      "tn" : 1756400401355018355,
      "q" : "738.4",
      "p" : "0.06771",
      "s" : "sell",
      "i" : "ENJ_USDT",
      "m" : "4611686018430260660"
    }, {
      "d" : "1756400355421912255",
      "t" : 1756400355421,
      "tn" : 1756400355421912255,
      "q" : "727.4",
      "p" : "0.06772",
      "s" : "sell",
      "i" : "ENJ_USDT",
      "m" : "4611686018430260659"
    }, {
      "d" : "1756400355421236706",
      "t" : 1756400355421,
      "tn" : 1756400355421236706,
      "q" : "734.8",
      "p" : "0.06804",
      "s" : "sell",
      "i" : "ENJ_USDT",
      "m" : "4611686018430260658"
    }, {
      "d" : "1756400119011617028",
      "t" : 1756400119011,
      "tn" : 1756400119011617028,
      "q" : "2200.8",
      "p" : "0.06815",
      "s" : "sell",
      "i" : "ENJ_USDT",
      "m" : "4611686018430260657"
    }, {
      "d" : "1756400119011614975",
      "t" : 1756400119011,
      "tn" : 1756400119011614975,
      "q" : "19.8",
      "p" : "0.06838",
      "s" : "sell",
      "i" : "ENJ_USDT",
      "m" : "4611686018430260656"
    }, {
      "d" : "1756400084125904878",
      "t" : 1756400084125,
      "tn" : 1756400084125904878,
      "q" : "711.3",
      "p" : "0.06838",
      "s" : "sell",
      "i" : "ENJ_USDT",
      "m" : "4611686018430260655"
    }, {
      "d" : "1756400084125902119",
      "t" : 1756400084125,
      "tn" : 1756400084125902119,
      "q" : "2193.2",
      "p" : "0.06839",
      "s" : "sell",
      "i" : "ENJ_USDT",
      "m" : "4611686018430260654"
    }, {
      "d" : "1756399711416365761",
      "t" : 1756399711416,
      "tn" : 1756399711416365761,
      "q" : "727.5",
      "p" : "0.06873",
      "s" : "sell",
      "i" : "ENJ_USDT",
      "m" : "4611686018430260653"
    }, {
      "d" : "1756398947471610121",
      "t" : 1756398947471,
      "tn" : 1756398947471610121,
      "q" : "3308.4",
      "p" : "0.06910",
      "s" : "buy",
      "i" : "ENJ_USDT",
      "m" : "4611686018430260652"
    }, {
      "d" : "1756398947471607873",
      "t" : 1756398947471,
      "tn" : 1756398947471607873,
      "q" : "191.6",
      "p" : "0.06909",
      "s" : "buy",
      "i" : "ENJ_USDT",
      "m" : "4611686018430260651"
    }, {
      "d" : "1756397886096160476",
      "t" : 1756397886096,
      "tn" : 1756397886096160476,
      "q" : "723.9",
      "p" : "0.06907",
      "s" : "buy",
      "i" : "ENJ_USDT",
      "m" : "4611686018430260650"
    }, {
      "d" : "1756396170051882992",
      "t" : 1756396170051,
      "tn" : 1756396170051882992,
      "q" : "154.7",
      "p" : "0.06852",
      "s" : "sell",
      "i" : "ENJ_USDT",
      "m" : "4611686018430260649"
    }, {
      "d" : "1756396170051242017",
      "t" : 1756396170051,
      "tn" : 1756396170051242017,
      "q" : "147.1",
      "p" : "0.06873",
      "s" : "sell",
      "i" : "ENJ_USDT",
      "m" : "4611686018430260648"
    }, {
      "d" : "1756396170051078567",
      "t" : 1756396170051,
      "tn" : 1756396170051078567,
      "q" : "580.4",
      "p" : "0.06873",
      "s" : "sell",
      "i" : "ENJ_USDT",
      "m" : "4611686018430260647"
    }, {
      "d" : "1756395670683604257",
      "t" : 1756395670683,
      "tn" : 1756395670683604257,
      "q" : "723.9",
      "p" : "0.06907",
      "s" : "sell",
      "i" : "ENJ_USDT",
      "m" : "4611686018430260646"
    }, {
      "d" : "1756394201925087638",
      "t" : 1756394201925,
      "tn" : 1756394201925087638,
      "q" : "500.1",
      "p" : "0.06976",
      "s" : "buy",
      "i" : "ENJ_USDT",
      "m" : "4611686018430260645"
    }, {
      "d" : "1756394198300808747",
      "t" : 1756394198300,
      "tn" : 1756394198300808747,
      "q" : "53.4",
      "p" : "0.06976",
      "s" : "buy",
      "i" : "ENJ_USDT",
      "m" : "4611686018430260644"
    }, {
      "d" : "1756394198300807123",
      "t" : 1756394198300,
      "tn" : 1756394198300807123,
      "q" : "2793.0",
      "p" : "0.06968",
      "s" : "buy",
      "i" : "ENJ_USDT",
      "m" : "4611686018430260643"
    }, {
      "d" : "1756394057555619742",
      "t" : 1756394057555,
      "tn" : 1756394057555619742,
      "q" : "2604.0",
      "p" : "0.06974",
      "s" : "buy",
      "i" : "ENJ_USDT",
      "m" : "4611686018430260642"
    }, {
      "d" : "1756394057555617760",
      "t" : 1756394057555,
      "tn" : 1756394057555617760,
      "q" : "189.7",
      "p" : "0.06973",
      "s" : "buy",
      "i" : "ENJ_USDT",
      "m" : "4611686018430260641"
    }, {
      "d" : "1756389812579230182",
      "t" : 1756389812579,
      "tn" : 1756389812579230182,
      "q" : "720.3",
      "p" : "0.06941",
      "s" : "buy",
      "i" : "ENJ_USDT",
      "m" : "4611686018430260640"
    }, {
      "d" : "1756389783466639272",
      "t" : 1756389783466,
      "tn" : 1756389783466639272,
      "q" : "729.1",
      "p" : "0.06933",
      "s" : "buy",
      "i" : "ENJ_USDT",
      "m" : "4611686018430260639"
    }, {
      "d" : "1756389514607512830",
      "t" : 1756389514607,
      "tn" : 1756389514607512830,
      "q" : "730.8",
      "p" : "0.06909",
      "s" : "buy",
      "i" : "ENJ_USDT",
      "m" : "4611686018430260638"
    }, {
      "d" : "1756389514606920211",
      "t" : 1756389514606,
      "tn" : 1756389514606920211,
      "q" : "352.8",
      "p" : "0.06909",
      "s" : "buy",
      "i" : "ENJ_USDT",
      "m" : "4611686018430260637"
    }, {
      "d" : "1756389514606918301",
      "t" : 1756389514606,
      "tn" : 1756389514606918300,
      "q" : "376.4",
      "p" : "0.06907",
      "s" : "buy",
      "i" : "ENJ_USDT",
      "m" : "4611686018430260636"
    }, {
      "d" : "1756389514606918300",
      "t" : 1756389514606,
      "tn" : 1756389514606918300,
      "q" : "0.1",
      "p" : "0.06907",
      "s" : "buy",
      "i" : "ENJ_USDT",
      "m" : "4611686018430260636"
    }, {
      "d" : "1756387966356127864",
      "t" : 1756387966356,
      "tn" : 1756387966356127864,
      "q" : "249.9",
      "p" : "0.06873",
      "s" : "sell",
      "i" : "ENJ_USDT",
      "m" : "4611686018430260635"
    }, {
      "d" : "1756387893695537838",
      "t" : 1756387893695,
      "tn" : 1756387893695537838,
      "q" : "723.8",
      "p" : "0.06907",
      "s" : "buy",
      "i" : "ENJ_USDT",
      "m" : "4611686018430260634"
    }, {
      "d" : "1756386041217447933",
      "t" : 1756386041217,
      "tn" : 1756386041217447933,
      "q" : "2872.9",
      "p" : "0.06885",
      "s" : "buy",
      "i" : "ENJ_USDT",
      "m" : "4611686018430260633"
    }, {
      "d" : "1756385851225527022",
      "t" : 1756385851225,
      "tn" : 1756385851225527022,
      "q" : "373.8",
      "p" : "0.06846",
      "s" : "sell",
      "i" : "ENJ_USDT",
      "m" : "4611686018430260632"
    }, {
      "d" : "1756385608429116427",
      "t" : 1756385608429,
      "tn" : 1756385608429116427,
      "q" : "253.5",
      "p" : "0.06851",
      "s" : "sell",
      "i" : "ENJ_USDT",
      "m" : "4611686018430260631"
    }, {
      "d" : "1756384213630119101",
      "t" : 1756384213630,
      "tn" : 1756384213630119101,
      "q" : "727.5",
      "p" : "0.06873",
      "s" : "buy",
      "i" : "ENJ_USDT",
      "m" : "4611686018430260630"
    }, {
      "d" : "1756383353120907093",
      "t" : 1756383353120,
      "tn" : 1756383353120907093,
      "q" : "2759.2",
      "p" : "0.06827",
      "s" : "sell",
      "i" : "ENJ_USDT",
      "m" : "4611686018430260629"
    }, {
      "d" : "1756383353120904766",
      "t" : 1756383353120,
      "tn" : 1756383353120904766,
      "q" : "7.4",
      "p" : "0.06838",
      "s" : "sell",
      "i" : "ENJ_USDT",
      "m" : "4611686018430260628"
    }, {
      "d" : "1756381480863144504",
      "t" : 1756381480863,
      "tn" : 1756381480863144504,
      "q" : "723.7",
      "p" : "0.06838",
      "s" : "sell",
      "i" : "ENJ_USDT",
      "m" : "4611686018430260627"
    }, {
      "d" : "1756381165964831059",
      "t" : 1756381165964,
      "tn" : 1756381165964831059,
      "q" : "1486.1",
      "p" : "0.06873",
      "s" : "buy",
      "i" : "ENJ_USDT",
      "m" : "4611686018430260626"
    }, {
      "d" : "1756381165963261798",
      "t" : 1756381165963,
      "tn" : 1756381165963261797,
      "q" : "585.2",
      "p" : "0.06873",
      "s" : "buy",
      "i" : "ENJ_USDT",
      "m" : "4611686018430260625"
    }, {
      "d" : "1756381165963261797",
      "t" : 1756381165963,
      "tn" : 1756381165963261797,
      "q" : "727.5",
      "p" : "0.06873",
      "s" : "buy",
      "i" : "ENJ_USDT",
      "m" : "4611686018430260625"
    }, {
      "d" : "1756381165963258559",
      "t" : 1756381165963,
      "tn" : 1756381165963258559,
      "q" : "177.0",
      "p" : "0.06871",
      "s" : "buy",
      "i" : "ENJ_USDT",
      "m" : "4611686018430260624"
    }, {
      "d" : "1756377158625124489",
      "t" : 1756377158625,
      "tn" : 1756377158625124489,
      "q" : "174.9",
      "p" : "0.06868",
      "s" : "buy",
      "i" : "ENJ_USDT",
      "m" : "4611686018430260623"
    }, {
      "d" : "1756375540346838553",
      "t" : 1756375540346,
      "tn" : 1756375540346838553,
      "q" : "126.4",
      "p" : "0.06806",
      "s" : "sell",
      "i" : "ENJ_USDT",
      "m" : "4611686018430260622"
    } ]
  }
}