{
  "id" : -1,
  "method" : "public/get-trades",
  "code" : 0,
  "result" : {
    "data" : [ {
      "d" : "1756454615902736308",
      "t" : 1756454615902,
      "tn" : 1756454615902736308,
      "q" : "2233",
      "p" : "0.06715",
      "s" : "sell",
      "i" : "ENJUSD-PERP",
      "m" : "4611686018430621819"
    }, {
      "d" : "1756453943369504779",
      "t" : 1756453943369,
      "tn" : 1756453943369504779,
      "q" : "2270",
      "p" : "0.06722",
      "s" : "sell",
      "i" : "ENJUSD-PERP",
      "m" : "4611686018430621818"
    }, {
      "d" : "1756453943333001363",
      "t" : 1756453943333,
      "tn" : 1756453943333001363,
      "q" : "4416",
      "p" : "0.06722",
      "s" : "sell",
      "i" : "ENJUSD-PERP",
      "m" : "4611686018430621817"
    }, {
      "d" : "1756453943316221277",
      "t" : 1756453943316,
      "tn" : 1756453943316221277,
      "q" : "6038",
      "p" : "0.06722",
      "s" : "sell",
      "i" : "ENJUSD-PERP",
      "m" : "4611686018430621816"
    }, {
      "d" : "1756453943312615473",
      "t" : 1756453943312,
      "tn" : 1756453943312615473,
      "q" : "1719",
      "p" : "0.06722",
      "s" : "sell",
      "i" : "ENJUSD-PERP",
      "m" : "4611686018430621815"
    }, {
      "d" : "1756453452177840375",
      "t" : 1756453452177,
      "tn" : 1756453452177840375,
      "q" : "1",
      "p" : "0.06721",
      "s" : "sell",
      "i" : "ENJUSD-PERP",
      "m" : "4611686018430621814"
    }, {
      "d" : "1756453452174209509",
      "t" : 1756453452174,
      "tn" : 1756453452174209509,
      "q" : "878",
      "p" : "0.06721",
      "s" : "sell",
      "i" : "ENJUSD-PERP",
      "m" : "4611686018430621813"
    }, {
      "d" : "1756453063048131291",
      "t" : 1756453063048,
      "tn" : 1756453063048131291,
      "q" : "506",
      "p" : "0.06723",
      "s" : "sell",
      "i" : "ENJUSD-PERP",
      "m" : "4611686018430621812"
    }, {
      "d" : "1756451945141470304",
      "t" : 1756451945141,
      "tn" : 1756451945141470304,
      "q" : "1",
      "p" : "0.06723",
      "s" : "sell",
      "i" : "ENJUSD-PERP",
      "m" : "4611686018430621811"
    }, {
      "d" : "1756451945137304926",
      "t" : 1756451945137,
      "tn" : 1756451945137304926,
      "q" : "355",
      "p" : "0.06723",
      "s" : "sell",
      "i" : "ENJUSD-PERP",
      "m" : "4611686018430621810"
    }, {
      "d" : "1756451761457237330",
      "t" : 1756451761457,
      "tn" : 1756451761457237330,
      "q" : "23",
      "p" : "0.06723",
      "s" : "sell",
      "i" : "ENJUSD-PERP",
      "m" : "4611686018430621809"
    }, {
      "d" : "1756451707423347223",
      "t" : 1756451707423,
      "tn" : 1756451707423347223,
      "q" : "3",
      "p" : "0.06723",
      "s" : "sell",
      "i" : "ENJUSD-PERP",
      "m" : "4611686018430621808"
    }, {
      "d" : "1756451707423345086",
      "t" : 1756451707423,
      "tn" : 1756451707423345085,
      "q" : "1",
      "p" : "0.06724",
      "s" : "sell",
      "i" : "ENJUSD-PERP",
      "m" : "4611686018430621807"
    }, {
      "d" : "1756451707423345085",
      "t" : 1756451707423,
      "tn" : 1756451707423345085,
      "q" : "1",
      "p" : "0.06724",
      "s" : "sell",
      "i" : "ENJUSD-PERP",
      "m" : "4611686018430621807"
    }, {
      "d" : "1756451691396437205",
      "t" : 1756451691396,
      "tn" : 1756451691396437204,
      "q" : "1",
      "p" : "0.06724",
      "s" : "sell",
      "i" : "ENJUSD-PERP",
      "m" : "4611686018430621806"
    }, {
      "d" : "1756451691396437204",
      "t" : 1756451691396,
      "tn" : 1756451691396437204,
      "q" : "1",
      "p" : "0.06724",
      "s" : "sell",
      "i" : "ENJUSD-PERP",
      "m" : "4611686018430621806"
    }, {
      "d" : "1756451675146346148",
      "t" : 1756451675146,
      "tn" : 1756451675146346148,
      "q" : "5",
      "p" : "0.06726",
      "s" : "sell",
      "i" : "ENJUSD-PERP",
      "m" : "4611686018430621805"
    }, {
      "d" : "1756451651377854115",
      "t" : 1756451651377,
      "tn" : 1756451651377854115,
      "q" : "1",
      "p" : "0.06736",
      "s" : "sell",
      "i" : "ENJUSD-PERP",
      "m" : "4611686018430621804"
    }, {
      "d" : "1756451645506398831",
      "t" : 1756451645506,
      "tn" : 1756451645506398829,
      "q" : "3",
      "p" : "0.06738",
      "s" : "sell",
      "i" : "ENJUSD-PERP",
      "m" : "4611686018430621803"
    }, {
      "d" : "1756451645506398830",
      "t" : 1756451645506,
      "tn" : 1756451645506398829,
      "q" : "1",
      "p" : "0.06738",
      "s" : "sell",
      "i" : "ENJUSD-PERP",
      "m" : "4611686018430621803"
    }, {
      "d" : "1756451645506398829",
      "t" : 1756451645506,
      "tn" : 1756451645506398829,
      "q" : "1",
      "p" : "0.06738",
      "s" : "sell",
      "i" : "ENJUSD-PERP",
      "m" : "4611686018430621803"
    }, {
      "d" : "1756451634177932065",
      "t" : 1756451634177,
      "tn" : 1756451634177932065,
      "q" : "1",
      "p" : "0.06742",
      "s" : "sell",
      "i" : "ENJUSD-PERP",
      "m" : "4611686018430621802"
    }, {
      "d" : "1756451628451275130",
      "t" : 1756451628451,
      "tn" : 1756451628451275130,
      "q" : "5",
      "p" : "0.06738",
      "s" : "sell",
      "i" : "ENJUSD-PERP",
      "m" : "4611686018430621801"
    }, {
      "d" : "1756451626529519257",
      "t" : 1756451626529,
      "tn" : 1756451626529519257,
      "q" : "3",
      "p" : "0.06736",
      "s" : "buy",
      "i" : "ENJUSD-PERP",
      "m" : "4611686018430621800"
    }, {
      "d" : "1756451618048838104",
      "t" : 1756451618048,
      "tn" : 1756451618048838103,
      "q" : "1",
      "p" : "0.06736",
      "s" : "sell",
      "i" : "ENJUSD-PERP",
      "m" : "4611686018430621799"
    }, {
      "d" : "1756451618048838103",
      "t" : 1756451618048,
      "tn" : 1756451618048838103,
      "q" : "1",
      "p" : "0.06736",
      "s" : "sell",
      "i" : "ENJUSD-PERP",
      "m" : "4611686018430621799"
    }, {
      "d" : "1756451590778797261",
      "t" : 1756451590778,
      "tn" : 1756451590778797261,
      "q" : "1",
      "p" : "0.06744",
      "s" : "sell",
      "i" : "ENJUSD-PERP",
      "m" : "4611686018430621798"
    }, {
      "d" : "1756451584689625452",
      "t" : 1756451584689,
      "tn" : 1756451584689625452,
      "q" : "4",
      "p" : "0.06741",
      "s" : "sell",
      "i" : "ENJUSD-PERP",
      "m" : "4611686018430621797"
    }, {
      "d" : "1756451584689623513",
      "t" : 1756451584689,
      "tn" : 1756451584689623513,
      "q" : "1",
      "p" : "0.06742",
      "s" : "sell",
      "i" : "ENJUSD-PERP",
      "m" : "4611686018430621796"
    }, {
      "d" : "1756451573297509941",
      "t" : 1756451573297,
      "tn" : 1756451573297509941,
      "q" : "1",
      "p" : "0.06743",
      "s" : "sell",
      "i" : "ENJUSD-PERP",
      "m" : "4611686018430621795"
    }, {
      "d" : "1756451568661060748",
      "t" : 1756451568661,
      "tn" : 1756451568661060748,
      "q" : "4",
      "p" : "0.06741",
      "s" : "sell",
      "i" : "ENJUSD-PERP",
      "m" : "4611686018430621794"
    }, {
      "d" : "1756451568661058704",
      "t" : 1756451568661,
      "tn" : 1756451568661058704,
      "q" : "1",
      "p" : "0.06742",
      "s" : "sell",
      "i" : "ENJUSD-PERP",
      "m" : "4611686018430621793"
    }, {
      "d" : "1756451545748963711",
      "t" : 1756451545748,
      "tn" : 1756451545748963711,
      "q" : "1",
      "p" : "0.06755",
      "s" : "sell",
      "i" : "ENJUSD-PERP",
      "m" : "4611686018430621792"
    }, {
      "d" : "1756451545748961631",
      "t" : 1756451545748,
      "tn" : 1756451545748961631,
      "q" : "1",
      "p" : "0.06756",
      "s" : "sell",
      "i" : "ENJUSD-PERP",
      "m" : "4611686018430621791"
    }, {
      "d" : "1756451534432572657",
      "t" : 1756451534432,
      "tn" : 1756451534432572657,
      "q" : "1",
      "p" : "0.06756",
      "s" : "sell",
      "i" : "ENJUSD-PERP",
      "m" : "4611686018430621790"
    }, {
      "d" : "1756451529494562916",
      "t" : 1756451529494,
      "tn" : 1756451529494562916,
      "q" : "3",
      "p" : "0.06753",
      "s" : "sell",
      "i" : "ENJUSD-PERP",
      "m" : "4611686018430621789"
    }, {
      "d" : "1756451529494561274",
      "t" : 1756451529494,
      "tn" : 1756451529494561274,
      "q" : "1",
      "p" : "0.06755",
      "s" : "sell",
      "i" : "ENJUSD-PERP",
      "m" : "4611686018430621788"
    }, {
      "d" : "1756451529494559076",
      "t" : 1756451529494,
      "tn" : 1756451529494559076,
      "q" : "1",
      "p" : "0.06756",
      "s" : "sell",
      "i" : "ENJUSD-PERP",
      "m" : "4611686018430621787"
    }, {
      "d" : "1756451513971768532",
      "t" : 1756451513971,
      "tn" : 1756451513971768532,
      "q" : "1",
      "p" : "0.06754",
      "s" : "sell",
      "i" : "ENJUSD-PERP",
      "m" : "4611686018430621786"
    }, {
      "d" : "1756451513971766552",
      "t" : 1756451513971,
      "tn" : 1756451513971766552,
      "q" : "1",
      "p" : "0.06755",
      "s" : "sell",
      "i" : "ENJUSD-PERP",
      "m" : "4611686018430621785"
    }, {
      "d" : "1756451502420574292",
      "t" : 1756451502420,
      "tn" : 1756451502420574292,
      "q" : "1",
      "p" : "0.06755",
      "s" : "sell",
      "i" : "ENJUSD-PERP",
      "m" : "4611686018430621784"
    }, {
      "d" : "1756451502420572229",
      "t" : 1756451502420,
      "tn" : 1756451502420572229,
      "q" : "1",
      "p" : "0.06756",
      "s" : "sell",
      "i" : "ENJUSD-PERP",
      "m" : "4611686018430621783"
    }, {
      "d" : "1756451497630206275",
      "t" : 1756451497630,
      "tn" : 1756451497630206275,
      "q" : "3",
      "p" : "0.06750",
      "s" : "sell",
      "i" : "ENJUSD-PERP",
      "m" : "4611686018430621782"
    }, {
      "d" : "1756451497630204323",
      "t" : 1756451497630,
      "tn" : 1756451497630204322,
      "q" : "1",
      "p" : "0.06754",
      "s" : "sell",
      "i" : "ENJUSD-PERP",
      "m" : "4611686018430621781"
    }, {
      "d" : "1756451497630204322",
      "t" : 1756451497630,
      "tn" : 1756451497630204322,
      "q" : "1",
      "p" : "0.06754",
      "s" : "sell",
      "i" : "ENJUSD-PERP",
      "m" : "4611686018430621781"
    }, {
      "d" : "1756451454023255367",
      "t" : 1756451454023,
      "tn" : 1756451454023255367,
      "q" : "1",
      "p" : "0.06772",
      "s" : "sell",
      "i" : "ENJUSD-PERP",
      "m" : "4611686018430621780"
    }, {
      "d" : "1756451454023252773",
      "t" : 1756451454023,
      "tn" : 1756451454023252773,
      "q" : "1",
      "p" : "0.06773",
      "s" : "sell",
      "i" : "ENJUSD-PERP",
      "m" : "4611686018430621779"
    }, {
      "d" : "1756451438491266736",
      "t" : 1756451438491,
      "tn" : 1756451438491266736,
      "q" : "1",
      "p" : "0.06773",
      "s" : "sell",
      "i" : "ENJUSD-PERP",
      "m" : "4611686018430621778"
    }, {
      "d" : "1756451438491263858",
      "t" : 1756451438491,
      "tn" : 1756451438491263858,
      "q" : "1",
      "p" : "0.06774",
      "s" : "sell",
      "i" : "ENJUSD-PERP",
      "m" : "4611686018430621777"
    }, {
      "d" : "1756451426845591946",
      "t" : 1756451426845,
      "tn" : 1756451426845591945,
      "q" : "1",
      "p" : "0.06778",
      "s" : "sell",
      "i" : "ENJUSD-PERP",
      "m" : "4611686018430621776"
    }, {
      "d" : "1756451415438142048",
      "t" : 1756451415438,
      "tn" : 1756451415438142048,
      "q" : "1",
      "p" : "0.06784",
      "s" : "sell",
      "i" : "ENJUSD-PERP",
      "m" : "4611686018430621775"
    }, {
      "d" : "1756451410962076273",
      "t" : 1756451410962,
      "tn" : 1756451410962076273,
      "q" : "5",
      "p" : "0.06775",
      "s" : "buy",
      "i" : "ENJUSD-PERP",
      "m" : "4611686018430621774"
    }, {
      "d" : "1756451402354657109",
      "t" : 1756451402354,
      "tn" : 1756451402354657109,
      "q" : "4",
      "p" : "0.06769",
      "s" : "buy",
      "i" : "ENJUSD-PERP",
      "m" : "4611686018430621773"
    }, {
      "d" : "1756451398621745384",
      "t" : 1756451398621,
      "tn" : 1756451398621745384,
      "q" : "1",
      "p" : "0.06769",
      "s" : "sell",
      "i" : "ENJUSD-PERP",
      "m" : "4611686018430621772"
    }, {
      "d" : "1756451392878923007",
      "t" : 1756451392878,
      "tn" : 1756451392878923007,
      "q" : "5",
      "p" : "0.06768",
      "s" : "sell",
      "i" : "ENJUSD-PERP",
      "m" : "4611686018430621771"
    }, {
      "d" : "1756451381773738353",
      "t" : 1756451381773,
      "tn" : 1756451381773738353,
      "q" : "1",
      "p" : "0.06769",
      "s" : "sell",
      "i" : "ENJUSD-PERP",
      "m" : "4611686018430621770"
    }, {
      "d" : "1756451377099534939",
      "t" : 1756451377099,
      "tn" : 1756451377099534938,
      "q" : "3",
      "p" : "0.06768",
      "s" : "sell",
      "i" : "ENJUSD-PERP",
      "m" : "4611686018430621769"
    }, {
      "d" : "1756451377099534938",
      "t" : 1756451377099,
      "tn" : 1756451377099534938,
      "q" : "1",
      "p" : "0.06768",
      "s" : "sell",
      "i" : "ENJUSD-PERP",
      "m" : "4611686018430621769"
    }, {
      "d" : "1756451377099531892",
      "t" : 1756451377099,
      "tn" : 1756451377099531892,
      "q" : "1",
      "p" : "0.06769",
      "s" : "sell",
      "i" : "ENJUSD-PERP",
      "m" : "4611686018430621768"
    }, {
      "d" : "1756451360529032888",
      "t" : 1756451360529,
      "tn" : 1756451360529032886,
      "q" : "3",
      "p" : "0.06765",
      "s" : "sell",
      "i" : "ENJUSD-PERP",
      "m" : "4611686018430621767"
    }, {
      "d" : "1756451360529032887",
      "t" : 1756451360529,
      "tn" : 1756451360529032886,
      "q" : "1",
      "p" : "0.06765",
      "s" : "sell",
      "i" : "ENJUSD-PERP",
      "m" : "4611686018430621767"
    }, {
      "d" : "1756451360529032886",
      "t" : 1756451360529,
      "tn" : 1756451360529032886,
      "q" : "1",
      "p" : "0.06765",
      "s" : "sell",
      "i" : "ENJUSD-PERP",
      "m" : "4611686018430621767"
    }, {
      "d" : "1756451342012763924",
      "t" : 1756451342012,
      "tn" : 1756451342012763924,
      "q" : "3",
      "p" : "0.06766",
      "s" : "buy",
      "i" : "ENJUSD-PERP",
      "m" : "4611686018430621766"
    }, {
      "d" : "1756451333121846897",
      "t" : 1756451333121,
      "tn" : 1756451333121846896,
      "q" : "1",
      "p" : "0.06766",
      "s" : "sell",
      "i" : "ENJUSD-PERP",
      "m" : "4611686018430621765"
    }, {
      "d" : "1756451333121846896",
      "t" : 1756451333121,
      "tn" : 1756451333121846896,
      "q" : "1",
      "p" : "0.06766",
      "s" : "sell",
      "i" : "ENJUSD-PERP",
      "m" : "4611686018430621765"
    }, {
      "d" : "1756451328246244378",
      "t" : 1756451328246,
      "tn" : 1756451328246244378,
      "q" : "4",
      "p" : "0.06765",
      "s" : "sell",
      "i" : "ENJUSD-PERP",
      "m" : "4611686018430621764"
    }, {
      "d" : "1756451328246242545",
      "t" : 1756451328246,
      "tn" : 1756451328246242545,
      "q" : "1",
      "p" : "0.06766",
      "s" : "sell",
      "i" : "ENJUSD-PERP",
      "m" : "4611686018430621763"
    }, {
      "d" : "1756451312271419579",
      "t" : 1756451312271,
      "tn" : 1756451312271419578,
      "q" : "1",
      "p" : "0.06765",
      "s" : "sell",
      "i" : "ENJUSD-PERP",
      "m" : "4611686018430621762"
    }, {
      "d" : "1756451312271419578",
      "t" : 1756451312271,
      "tn" : 1756451312271419578,
      "q" : "1",
      "p" : "0.06765",
      "s" : "sell",
      "i" : "ENJUSD-PERP",
      "m" : "4611686018430621762"
    }, {
      "d" : "1756451300186634251",
      "t" : 1756451300186,
      "tn" : 1756451300186634250,
      "q" : "1",
      "p" : "0.06765",
      "s" : "sell",
      "i" : "ENJUSD-PERP",
      "m" : "4611686018430621761"
    }, {
      "d" : "1756451300186634250",
      "t" : 1756451300186,
      "tn" : 1756451300186634250,
      "q" : "1",
      "p" : "0.06765",
      "s" : "sell",
      "i" : "ENJUSD-PERP",
      "m" : "4611686018430621761"
    }, {
      "d" : "1756451266838203040",
      "t" : 1756451266838,
      "tn" : 1756451266838203040,
      "q" : "5",
      "p" : "0.06777",
      "s" : "sell",
      "i" : "ENJUSD-PERP",
      "m" : "4611686018430621760"
    }, {
      "d" : "1756451255650435464",
      "t" : 1756451255650,
      "tn" : 1756451255650435464,
      "q" : "1",
      "p" : "0.06779",
      "s" : "sell",
      "i" : "ENJUSD-PERP",
      "m" : "4611686018430621759"
    }, {
      "d" : "1756451240013877332",
      "t" : 1756451240013,
      "tn" : 1756451240013877332,
      "q" : "1",
      "p" : "0.06785",
      "s" : "sell",
      "i" : "ENJUSD-PERP",
      "m" : "4611686018430621758"
    }, {
      "d" : "1756451224101860704",
      "t" : 1756451224101,
      "tn" : 1756451224101860704,
      "q" : "1",
      "p" : "0.06792",
      "s" : "sell",
      "i" : "ENJUSD-PERP",
      "m" : "4611686018430621757"
    }, {
      "d" : "1756451212886550039",
      "t" : 1756451212886,
      "tn" : 1756451212886550039,
      "q" : "1",
      "p" : "0.06794",
      "s" : "sell",
      "i" : "ENJUSD-PERP",
      "m" : "4611686018430621756"
    }, {
      "d" : "1756451181026658865",
      "t" : 1756451181026,
      "tn" : 1756451181026658865,
      "q" : "1",
      "p" : "0.06805",
      "s" : "sell",
      "i" : "ENJUSD-PERP",
      "m" : "4611686018430621755"
    }, {
      "d" : "1756451181026656272",
      "t" : 1756451181026,
      "tn" : 1756451181026656272,
      "q" : "1",
      "p" : "0.06806",
      "s" : "sell",
      "i" : "ENJUSD-PERP",
      "m" : "4611686018430621754"
    }, {
      "d" : "1756451176232938611",
      "t" : 1756451176232,
      "tn" : 1756451176232938610,
      "q" : "3",
      "p" : "0.06804",
      "s" : "sell",
      "i" : "ENJUSD-PERP",
      "m" : "4611686018430621753"
    }, {
      "d" : "1756451176232938610",
      "t" : 1756451176232,
      "tn" : 1756451176232938610,
      "q" : "1",
      "p" : "0.06804",
      "s" : "sell",
      "i" : "ENJUSD-PERP",
      "m" : "4611686018430621753"
    }, {
      "d" : "1756451176232934874",
      "t" : 1756451176232,
      "tn" : 1756451176232934874,
      "q" : "1",
      "p" : "0.06805",
      "s" : "sell",
      "i" : "ENJUSD-PERP",
      "m" : "4611686018430621752"
    }, {
      "d" : "1756451159908254854",
      "t" : 1756451159908,
      "tn" : 1756451159908254854,
      "q" : "1",
      "p" : "0.06802",
      "s" : "sell",
      "i" : "ENJUSD-PERP",
      "m" : "4611686018430621751"
    }, {
      "d" : "1756451147976715209",
      "t" : 1756451147976,
      "tn" : 1756451147976715209,
      "q" : "1",
      "p" : "0.06805",
      "s" : "sell",
      "i" : "ENJUSD-PERP",
      "m" : "4611686018430621750"
    }, {
      "d" : "1756451136804443921",
      "t" : 1756451136804,
      "tn" : 1756451136804443921,
      "q" : "1",
      "p" : "0.06810",
      "s" : "sell",
      "i" : "ENJUSD-PERP",
      "m" : "4611686018430621749"
    }, {
      "d" : "1756451109738056760",
      "t" : 1756451109738,
      "tn" : 1756451109738056760,
      "q" : "1",
      "p" : "0.06817",
      "s" : "sell",
      "i" : "ENJUSD-PERP",
      "m" : "4611686018430621748"
    }, {
      "d" : "1756451098719030050",
      "t" : 1756451098719,
      "tn" : 1756451098719030050,
      "q" : "1",
      "p" : "0.06817",
      "s" : "sell",
      "i" : "ENJUSD-PERP",
      "m" : "4611686018430621747"
    }, {
      "d" : "1756451093160833632",
      "t" : 1756451093160,
      "tn" : 1756451093160833631,
      "q" : "3",
      "p" : "0.06816",
      "s" : "sell",
      "i" : "ENJUSD-PERP",
      "m" : "4611686018430621746"
    }, {
      "d" : "1756451093160833631",
      "t" : 1756451093160,
      "tn" : 1756451093160833631,
      "q" : "1",
      "p" : "0.06816",
      "s" : "sell",
      "i" : "ENJUSD-PERP",
      "m" : "4611686018430621746"
    }, {
      "d" : "1756451093160830836",
      "t" : 1756451093160,
      "tn" : 1756451093160830836,
      "q" : "1",
      "p" : "0.06818",
      "s" : "sell",
      "i" : "ENJUSD-PERP",
      "m" : "4611686018430621745"
    }, {
      "d" : "1756451082057445481",
      "t" : 1756451082057,
      "tn" : 1756451082057445481,
      "q" : "1",
      "p" : "0.06814",
      "s" : "sell",
      "i" : "ENJUSD-PERP",
      "m" : "4611686018430621744"
    }, {
      "d" : "1756451077209774776",
      "t" : 1756451077209,
      "tn" : 1756451077209774776,
      "q" : "3",
      "p" : "0.06810",
      "s" : "sell",
      "i" : "ENJUSD-PERP",
      "m" : "4611686018430621743"
    }, {
      "d" : "1756451077209773100",
      "t" : 1756451077209,
      "tn" : 1756451077209773100,
      "q" : "1",
      "p" : "0.06812",
      "s" : "sell",
      "i" : "ENJUSD-PERP",
      "m" : "4611686018430621742"
    }, {
      "d" : "1756451077209770780",
      "t" : 1756451077209,
      "tn" : 1756451077209770780,
      "q" : "1",
      "p" : "0.06814",
      "s" : "sell",
      "i" : "ENJUSD-PERP",
      "m" : "4611686018430621741"
    }, {
      "d" : "1756451065800357044",
      "t" : 1756451065800,
      "tn" : 1756451065800357044,
      "q" : "1",
      "p" : "0.06808",
      "s" : "sell",
      "i" : "ENJUSD-PERP",
      "m" : "4611686018430621740"
    }, {
      "d" : "1756451059901982041",
      "t" : 1756451059901,
      "tn" : 1756451059901982041,
      "q" : "5",
      "p" : "0.06788",
      "s" : "sell",
      "i" : "ENJUSD-PERP",
      "m" : "4611686018430621739"
    }, {
      "d" : "1756451054317128758",
      "t" : 1756451054317,
      "tn" : 1756451054317128758,
      "q" : "5",
      "p" : "0.06788",
      "s" : "sell",
      "i" : "ENJUSD-PERP",
      "m" : "4611686018430621738"
    }, {
      "d" : "1756451048314425942",
      "t" : 1756451048314,
      "tn" : 1756451048314425942,
      "q" : "5",
      "p" : "0.06789",
      "s" : "sell",
      "i" : "ENJUSD-PERP",
      "m" : "4611686018430621737"
    }, {
      "d" : "1756451042578387096",
      "t" : 1756451042578,
      "tn" : 1756451042578387096,
      "q" : "5",
      "p" : "0.06782",
      "s" : "sell",
      "i" : "ENJUSD-PERP",
      "m" : "4611686018430621736"
    }, {
      "d" : "1756451036781527517",
      "t" : 1756451036781,
      "tn" : 1756451036781527517,
      "q" : "5",
      "p" : "0.06782",
      "s" : "sell",
      "i" : "ENJUSD-PERP",
      "m" : "4611686018430621735"
    }, {
      "d" : "1756451031057455774",
      "t" : 1756451031057,
      "tn" : 1756451031057455774,
      "q" : "5",
      "p" : "0.06782",
      "s" : "sell",
      "i" : "ENJUSD-PERP",
      "m" : "4611686018430621734"
    }, {
      "d" : "1756451025390354841",
      "t" : 1756451025390,
      "tn" : 1756451025390354841,
      "q" : "5",
      "p" : "0.06782",
      "s" : "sell",
      "i" : "ENJUSD-PERP",
      "m" : "4611686018430621733"
    }, {
      "d" : "1756451020504431174",
      "t" : 1756451020504,
      "tn" : 1756451020504431174,
      "q" : "5",
      "p" : "0.06776",
      "s" : "buy",
      "i" : "ENJUSD-PERP",
      "m" : "4611686018430621732"
    }, {
      "d" : "1756451014404340295",
      "t" : 1756451014404,
      "tn" : 1756451014404340295,
      "q" : "5",
      "p" : "0.06776",
      "s" : "sell",
      "i" : "ENJUSD-PERP",
      "m" : "4611686018430621731"
    }, {
      "d" : "1756451008648070087",
      "t" : 1756451008648,
      "tn" : 1756451008648070087,
      "q" : "5",
      "p" : "0.06770",
      "s" : "sell",
      "i" : "ENJUSD-PERP",
      "m" : "4611686018430621730"
    }, {
      "d" : "1756451002931782683",
      "t" : 1756451002931,
      "tn" : 1756451002931782683,
      "q" : "5",
      "p" : "0.06770",
      "s" : "sell",
      "i" : "ENJUSD-PERP",
      "m" : "4611686018430621729"
    }, {
      "d" : "1756450997206565393",
      "t" : 1756450997206,
      "tn" : 1756450997206565393,
      "q" : "5",
      "p" : "0.06766",
      "s" : "sell",
      "i" : "ENJUSD-PERP",
      "m" : "4611686018430621728"
    }, {
      "d" : "1756450991526705351",
      "t" : 1756450991526,
      "tn" : 1756450991526705351,
      "q" : "5",
      "p" : "0.06766",
      "s" : "sell",
      "i" : "ENJUSD-PERP",
      "m" : "4611686018430621727"
    }, {
      "d" : "1756450986767384128",
      "t" : 1756450986767,
      "tn" : 1756450986767384128,
      "q" : "5",
      "p" : "0.06766",
      "s" : "sell",
      "i" : "ENJUSD-PERP",
      "m" : "4611686018430621726"
    }, {
      "d" : "1756450980372521019",
      "t" : 1756450980372,
      "tn" : 1756450980372521019,
      "q" : "5",
      "p" : "0.06766",
      "s" : "sell",
      "i" : "ENJUSD-PERP",
      "m" : "4611686018430621725"
    }, {
      "d" : "1756450974428458238",
      "t" : 1756450974428,
      "tn" : 1756450974428458238,
      "q" : "5",
      "p" : "0.06766",
      "s" : "sell",
      "i" : "ENJUSD-PERP",
      "m" : "4611686018430621724"
    }, {
      "d" : "1756450968508119687",
      "t" : 1756450968508,
      "tn" : 1756450968508119687,
      "q" : "5",
      "p" : "0.06766",
      "s" : "sell",
      "i" : "ENJUSD-PERP",
      "m" : "4611686018430621723"
    }, {
      "d" : "1756450963816760702",
      "t" : 1756450963816,
      "tn" : 1756450963816760702,
      "q" : "5",
      "p" : "0.06766",
      "s" : "sell",
      "i" : "ENJUSD-PERP",
      "m" : "4611686018430621722"
    }, {
      "d" : "1756450940901502650",
      "t" : 1756450940901,
      "tn" : 1756450940901502650,
      "q" : "5",
      "p" : "0.06796",
      "s" : "sell",
      "i" : "ENJUSD-PERP",
      "m" : "4611686018430621721"
    }, {
      "d" : "1756450935944861916",
      "t" : 1756450935944,
      "tn" : 1756450935944861916,
      "q" : "5",
      "p" : "0.06796",
      "s" : "sell",
      "i" : "ENJUSD-PERP",
      "m" : "4611686018430621720"
    }, {
      "d" : "1756450929648903156",
      "t" : 1756450929648,
      "tn" : 1756450929648903156,
      "q" : "5",
      "p" : "0.06796",
      "s" : "sell",
      "i" : "ENJUSD-PERP",
      "m" : "4611686018430621719"
    }, {
      "d" : "1756450924039384992",
      "t" : 1756450924039,
      "tn" : 1756450924039384992,
      "q" : "5",
      "p" : "0.06796",
      "s" : "sell",
      "i" : "ENJUSD-PERP",
      "m" : "4611686018430621718"
    }, {
      "d" : "1756450918484276975",
      "t" : 1756450918484,
      "tn" : 1756450918484276975,
      "q" : "5",
      "p" : "0.06796",
      "s" : "sell",
      "i" : "ENJUSD-PERP",
      "m" : "4611686018430621717"
    }, {
      "d" : "1756450912947422828",
      "t" : 1756450912947,
      "tn" : 1756450912947422828,
      "q" : "5",
      "p" : "0.06796",
      "s" : "sell",
      "i" : "ENJUSD-PERP",
      "m" : "4611686018430621716"
    }, {
      "d" : "1756450907227559722",
      "t" : 1756450907227,
      "tn" : 1756450907227559722,
      "q" : "5",
      "p" : "0.06779",
      "s" : "sell",
      "i" : "ENJUSD-PERP",
      "m" : "4611686018430621715"
    }, {
      "d" : "1756450902634279387",
      "t" : 1756450902634,
      "tn" : 1756450902634279387,
      "q" : "5",
      "p" : "0.06786",
      "s" : "sell",
      "i" : "ENJUSD-PERP",
      "m" : "4611686018430621714"
    }, {
      "d" : "1756450896389897645",
      "t" : 1756450896389,
      "tn" : 1756450896389897645,
      "q" : "5",
      "p" : "0.06806",
      "s" : "sell",
      "i" : "ENJUSD-PERP",
      "m" : "4611686018430621713"
    }, {
      "d" : "1756450890490949133",
      "t" : 1756450890490,
      "tn" : 1756450890490949133,
      "q" : "5",
      "p" : "0.06801",
      "s" : "sell",
      "i" : "ENJUSD-PERP",
      "m" : "4611686018430621712"
    }, {
      "d" : "1756450884734769146",
      "t" : 1756450884734,
      "tn" : 1756450884734769146,
      "q" : "5",
      "p" : "0.06816",
      "s" : "sell",
      "i" : "ENJUSD-PERP",
      "m" : "4611686018430621711"
    }, {
      "d" : "1756450879220123740",
      "t" : 1756450879220,
      "tn" : 1756450879220123740,
      "q" : "5",
      "p" : "0.06811",
      "s" : "sell",
      "i" : "ENJUSD-PERP",
      "m" : "4611686018430621710"
    }, {
      "d" : "1756450873495500608",
      "t" : 1756450873495,
      "tn" : 1756450873495500608,
      "q" : "5",
      "p" : "0.06826",
      "s" : "sell",
      "i" : "ENJUSD-PERP",
      "m" : "4611686018430621709"
    }, {
      "d" : "1756450867814373533",
      "t" : 1756450867814,
      "tn" : 1756450867814373533,
      "q" : "5",
      "p" : "0.06826",
      "s" : "sell",
      "i" : "ENJUSD-PERP",
      "m" : "4611686018430621708"
    }, {
      "d" : "1756450861854820352",
      "t" : 1756450861854,
      "tn" : 1756450861854820352,
      "q" : "5",
      "p" : "0.06826",
      "s" : "sell",
      "i" : "ENJUSD-PERP",
      "m" : "4611686018430621707"
    }, {
      "d" : "1756450856326650411",
      "t" : 1756450856326,
      "tn" : 1756450856326650411,
      "q" : "5",
      "p" : "0.06826",
      "s" : "sell",
      "i" : "ENJUSD-PERP",
      "m" : "4611686018430621706"
    }, {
      "d" : "1756450850783010283",
      "t" : 1756450850783,
      "tn" : 1756450850783010283,
      "q" : "5",
      "p" : "0.06826",
      "s" : "sell",
      "i" : "ENJUSD-PERP",
      "m" : "4611686018430621705"
    }, {
      "d" : "1756450845158568713",
      "t" : 1756450845158,
      "tn" : 1756450845158568713,
      "q" : "5",
      "p" : "0.06826",
      "s" : "sell",
      "i" : "ENJUSD-PERP",
      "m" : "4611686018430621704"
    }, {
      "d" : "1756450839351548095",
      "t" : 1756450839351,
      "tn" : 1756450839351548095,
      "q" : "5",
      "p" : "0.06826",
      "s" : "sell",
      "i" : "ENJUSD-PERP",
      "m" : "4611686018430621703"
    }, {
      "d" : "1756450834142913915",
      "t" : 1756450834142,
      "tn" : 1756450834142913915,
      "q" : "5",
      "p" : "0.06826",
      "s" : "sell",
      "i" : "ENJUSD-PERP",
      "m" : "4611686018430621702"
    }, {
      "d" : "1756450827823042445",
      "t" : 1756450827823,
      "tn" : 1756450827823042445,
      "q" : "5",
      "p" : "0.06826",
      "s" : "sell",
      "i" : "ENJUSD-PERP",
      "m" : "4611686018430621701"
    }, {
      "d" : "1756450822143177082",
      "t" : 1756450822143,
      "tn" : 1756450822143177082,
      "q" : "5",
      "p" : "0.06826",
      "s" : "sell",
      "i" : "ENJUSD-PERP",
      "m" : "4611686018430621700"
    }, {
      "d" : "1756450816221473012",
      "t" : 1756450816221,
      "tn" : 1756450816221473012,
      "q" : "5",
      "p" : "0.06825",
      "s" : "sell",
      "i" : "ENJUSD-PERP",
      "m" : "4611686018430621699"
    }, {
      "d" : "1756450811201820776",
      "t" : 1756450811201,
      "tn" : 1756450811201820776,
      "q" : "5",
      "p" : "0.06825",
      "s" : "sell",
      "i" : "ENJUSD-PERP",
      "m" : "4611686018430621698"
    }, {
      "d" : "1756450804984819871",
      "t" : 1756450804984,
      "tn" : 1756450804984819871,
      "q" : "5",
      "p" : "0.06825",
      "s" : "sell",
      "i" : "ENJUSD-PERP",
      "m" : "4611686018430621697"
    }, {
      "d" : "1756450800151013224",
      "t" : 1756450800151,
      "tn" : 1756450800151013224,
      "q" : "5",
      "p" : "0.06825",
      "s" : "sell",
      "i" : "ENJUSD-PERP",
      "m" : "4611686018430621696"
    }, {
      "d" : "1756450794130795089",
      "t" : 1756450794130,
      "tn" : 1756450794130795089,
      "q" : "5",
      "p" : "0.06825",
      "s" : "sell",
      "i" : "ENJUSD-PERP",
      "m" : "4611686018430621695"
    }, {
      "d" : "1756450788627158182",
      "t" : 1756450788627,
      "tn" : 1756450788627158182,
      "q" : "5",
      "p" : "0.06825",
      "s" : "sell",
      "i" : "ENJUSD-PERP",
      "m" : "4611686018430621694"
    }, {
      "d" : "1756450783102878073",
      "t" : 1756450783102,
      "tn" : 1756450783102878073,
      "q" : "5",
      "p" : "0.06825",
      "s" : "sell",
      "i" : "ENJUSD-PERP",
      "m" : "4611686018430621693"
    }, {
      "d" : "1756450777425178930",
      "t" : 1756450777425,
      "tn" : 1756450777425178930,
      "q" : "5",
      "p" : "0.06825",
      "s" : "sell",
      "i" : "ENJUSD-PERP",
      "m" : "4611686018430621692"
    }, {
      "d" : "1756450771646682337",
      "t" : 1756450771646,
      "tn" : 1756450771646682337,
      "q" : "5",
      "p" : "0.06825",
      "s" : "sell",
      "i" : "ENJUSD-PERP",
      "m" : "4611686018430621691"
    }, {
      "d" : "1756450766920248974",
      "t" : 1756450766920,
      "tn" : 1756450766920248974,
      "q" : "5",
      "p" : "0.06825",
      "s" : "sell",
      "i" : "ENJUSD-PERP",
      "m" : "4611686018430621690"
    }, {
      "d" : "1756450760587834644",
      "t" : 1756450760587,
      "tn" : 1756450760587834644,
      "q" : "5",
      "p" : "0.06825",
      "s" : "sell",
      "i" : "ENJUSD-PERP",
      "m" : "4611686018430621689"
    }, {
      "d" : "1756450754850501730",
      "t" : 1756450754850,
      "tn" : 1756450754850501730,
      "q" : "5",
      "p" : "0.06825",
      "s" : "sell",
      "i" : "ENJUSD-PERP",
      "m" : "4611686018430621688"
    }, {
      "d" : "1756450749288906545",
      "t" : 1756450749288,
      "tn" : 1756450749288906545,
      "q" : "5",
      "p" : "0.06825",
      "s" : "sell",
      "i" : "ENJUSD-PERP",
      "m" : "4611686018430621687"
    }, {
      "d" : "1756450743777988587",
      "t" : 1756450743777,
      "tn" : 1756450743777988587,
      "q" : "5",
      "p" : "0.06825",
      "s" : "sell",
      "i" : "ENJUSD-PERP",
      "m" : "4611686018430621686"
    }, {
      "d" : "1756450738034200504",
      "t" : 1756450738034,
      "tn" : 1756450738034200504,
      "q" : "5",
      "p" : "0.06825",
      "s" : "sell",
      "i" : "ENJUSD-PERP",
      "m" : "4611686018430621685"
    }, {
      "d" : "1756450732376910707",
      "t" : 1756450732376,
      "tn" : 1756450732376910707,
      "q" : "5",
      "p" : "0.06825",
      "s" : "sell",
      "i" : "ENJUSD-PERP",
      "m" : "4611686018430621684"
    } ]
  }
}