{
  "id" : -1,
  "method" : "public/get-trades",
  "code" : 0,
  "result" : {
    "data" : [ {
      "d" : "1756460809755871113",
      "t" : 1756460809755,
      "tn" : 1756460809755871113,
      "q" : "0.05",
      "p" : "22.967",
      "s" : "buy",
      "i" : "ENS_USDT",
      "m" : "4611686018430339501"
    }, {
      "d" : "1756460735457856780",
      "t" : 1756460735457,
      "tn" : 1756460735457856780,
      "q" : "0.05",
      "p" : "22.957",
      "s" : "buy",
      "i" : "ENS_USDT",
      "m" : "4611686018430339500"
    }, {
      "d" : "1756460563406390274",
      "t" : 1756460563406,
      "tn" : 1756460563406390274,
      "q" : "0.05",
      "p" : "22.953",
      "s" : "sell",
      "i" : "ENS_USDT",
      "m" : "4611686018430339499"
    }, {
      "d" : "1756460293500177307",
      "t" : 1756460293500,
      "tn" : 1756460293500177307,
      "q" : "0.05",
      "p" : "22.977",
      "s" : "buy",
      "i" : "ENS_USDT",
      "m" : "4611686018430339498"
    }, {
      "d" : "1756460206991318912",
      "t" : 1756460206991,
      "tn" : 1756460206991318912,
      "q" : "0.05",
      "p" : "22.953",
      "s" : "sell",
      "i" : "ENS_USDT",
      "m" : "4611686018430339497"
    }, {
      "d" : "1756460206958023447",
      "t" : 1756460206958,
      "tn" : 1756460206958023447,
      "q" : "0.05",
      "p" : "22.953",
      "s" : "sell",
      "i" : "ENS_USDT",
      "m" : "4611686018430339496"
    }, {
      "d" : "1756460201498813814",
      "t" : 1756460201498,
      "tn" : 1756460201498813814,
      "q" : "0.05",
      "p" : "22.973",
      "s" : "sell",
      "i" : "ENS_USDT",
      "m" : "4611686018430339495"
    }, {
      "d" : "1756460081988786675",
      "t" : 1756460081988,
      "tn" : 1756460081988786675,
      "q" : "0.05",
      "p" : "22.963",
      "s" : "sell",
      "i" : "ENS_USDT",
      "m" : "4611686018430339494"
    }, {
      "d" : "1756459760024855272",
      "t" : 1756459760024,
      "tn" : 1756459760024855272,
      "q" : "0.05",
      "p" : "22.977",
      "s" : "buy",
      "i" : "ENS_USDT",
      "m" : "4611686018430339493"
    }, {
      "d" : "1756459401454170601",
      "t" : 1756459401454,
      "tn" : 1756459401454170601,
      "q" : "0.05",
      "p" : "22.993",
      "s" : "sell",
      "i" : "ENS_USDT",
      "m" : "4611686018430339492"
    }, {
      "d" : "1756459204109198472",
      "t" : 1756459204109,
      "tn" : 1756459204109198472,
      "q" : "0.05",
      "p" : "23.017",
      "s" : "buy",
      "i" : "ENS_USDT",
      "m" : "4611686018430339491"
    }, {
      "d" : "1756459024846906564",
      "t" : 1756459024846,
      "tn" : 1756459024846906564,
      "q" : "0.05",
      "p" : "22.963",
      "s" : "sell",
      "i" : "ENS_USDT",
      "m" : "4611686018430339490"
    }, {
      "d" : "1756458928756410645",
      "t" : 1756458928756,
      "tn" : 1756458928756410645,
      "q" : "0.05",
      "p" : "22.903",
      "s" : "sell",
      "i" : "ENS_USDT",
      "m" : "4611686018430339489"
    }, {
      "d" : "1756458928531982832",
      "t" : 1756458928531,
      "tn" : 1756458928531982832,
      "q" : "0.05",
      "p" : "22.913",
      "s" : "sell",
      "i" : "ENS_USDT",
      "m" : "4611686018430339488"
    }, {
      "d" : "1756458847436165705",
      "t" : 1756458847436,
      "tn" : 1756458847436165705,
      "q" : "0.05",
      "p" : "22.923",
      "s" : "sell",
      "i" : "ENS_USDT",
      "m" : "4611686018430339487"
    }, {
      "d" : "1756458821286985522",
      "t" : 1756458821286,
      "tn" : 1756458821286985522,
      "q" : "0.05",
      "p" : "22.943",
      "s" : "sell",
      "i" : "ENS_USDT",
      "m" : "4611686018430339486"
    }, {
      "d" : "1756458821235570755",
      "t" : 1756458821235,
      "tn" : 1756458821235570755,
      "q" : "0.05",
      "p" : "22.943",
      "s" : "sell",
      "i" : "ENS_USDT",
      "m" : "4611686018430339485"
    }, {
      "d" : "1756458813764592823",
      "t" : 1756458813764,
      "tn" : 1756458813764592823,
      "q" : "0.05",
      "p" : "22.953",
      "s" : "sell",
      "i" : "ENS_USDT",
      "m" : "4611686018430339484"
    }, {
      "d" : "1756458711809505867",
      "t" : 1756458711809,
      "tn" : 1756458711809505867,
      "q" : "0.05",
      "p" : "22.943",
      "s" : "sell",
      "i" : "ENS_USDT",
      "m" : "4611686018430339483"
    }, {
      "d" : "1756458708997237810",
      "t" : 1756458708997,
      "tn" : 1756458708997237810,
      "q" : "0.05",
      "p" : "22.943",
      "s" : "sell",
      "i" : "ENS_USDT",
      "m" : "4611686018430339482"
    }, {
      "d" : "1756458675098560574",
      "t" : 1756458675098,
      "tn" : 1756458675098560574,
      "q" : "0.05",
      "p" : "22.903",
      "s" : "sell",
      "i" : "ENS_USDT",
      "m" : "4611686018430339481"
    }, {
      "d" : "1756458568461346011",
      "t" : 1756458568461,
      "tn" : 1756458568461346011,
      "q" : "0.05",
      "p" : "22.903",
      "s" : "sell",
      "i" : "ENS_USDT",
      "m" : "4611686018430339480"
    }, {
      "d" : "1756458567026121248",
      "t" : 1756458567026,
      "tn" : 1756458567026121248,
      "q" : "0.05",
      "p" : "22.903",
      "s" : "sell",
      "i" : "ENS_USDT",
      "m" : "4611686018430339479"
    }, {
      "d" : "1756458567006051872",
      "t" : 1756458567006,
      "tn" : 1756458567006051872,
      "q" : "0.05",
      "p" : "22.903",
      "s" : "sell",
      "i" : "ENS_USDT",
      "m" : "4611686018430339478"
    }, {
      "d" : "1756458566972499491",
      "t" : 1756458566972,
      "tn" : 1756458566972499491,
      "q" : "0.05",
      "p" : "22.903",
      "s" : "sell",
      "i" : "ENS_USDT",
      "m" : "4611686018430339477"
    }, {
      "d" : "1756458465478558691",
      "t" : 1756458465478,
      "tn" : 1756458465478558691,
      "q" : "0.05",
      "p" : "22.863",
      "s" : "sell",
      "i" : "ENS_USDT",
      "m" : "4611686018430339476"
    }, {
      "d" : "1756458461217784669",
      "t" : 1756458461217,
      "tn" : 1756458461217784669,
      "q" : "0.05",
      "p" : "22.863",
      "s" : "sell",
      "i" : "ENS_USDT",
      "m" : "4611686018430339475"
    }, {
      "d" : "1756458413308928182",
      "t" : 1756458413308,
      "tn" : 1756458413308928182,
      "q" : "0.05",
      "p" : "22.883",
      "s" : "sell",
      "i" : "ENS_USDT",
      "m" : "4611686018430339474"
    }, {
      "d" : "1756458316554631540",
      "t" : 1756458316554,
      "tn" : 1756458316554631540,
      "q" : "0.05",
      "p" : "22.887",
      "s" : "buy",
      "i" : "ENS_USDT",
      "m" : "4611686018430339473"
    }, {
      "d" : "1756458000935418287",
      "t" : 1756458000935,
      "tn" : 1756458000935418287,
      "q" : "0.05",
      "p" : "22.943",
      "s" : "sell",
      "i" : "ENS_USDT",
      "m" : "4611686018430339472"
    }, {
      "d" : "1756457994014967404",
      "t" : 1756457994014,
      "tn" : 1756457994014967404,
      "q" : "1.66",
      "p" : "22.885",
      "s" : "sell",
      "i" : "ENS_USDT",
      "m" : "4611686018430339471"
    }, {
      "d" : "1756457994014965482",
      "t" : 1756457994014,
      "tn" : 1756457994014965482,
      "q" : "0.05",
      "p" : "22.943",
      "s" : "sell",
      "i" : "ENS_USDT",
      "m" : "4611686018430339470"
    }, {
      "d" : "1756457924079497640",
      "t" : 1756457924079,
      "tn" : 1756457924079497640,
      "q" : "1.67",
      "p" : "22.864",
      "s" : "sell",
      "i" : "ENS_USDT",
      "m" : "4611686018430339469"
    }, {
      "d" : "1756457924079495419",
      "t" : 1756457924079,
      "tn" : 1756457924079495419,
      "q" : "0.05",
      "p" : "22.913",
      "s" : "sell",
      "i" : "ENS_USDT",
      "m" : "4611686018430339468"
    }, {
      "d" : "1756457893498658737",
      "t" : 1756457893498,
      "tn" : 1756457893498658737,
      "q" : "0.05",
      "p" : "22.943",
      "s" : "sell",
      "i" : "ENS_USDT",
      "m" : "4611686018430339467"
    }, {
      "d" : "1756457864061662125",
      "t" : 1756457864061,
      "tn" : 1756457864061662125,
      "q" : "0.05",
      "p" : "22.903",
      "s" : "sell",
      "i" : "ENS_USDT",
      "m" : "4611686018430339466"
    }, {
      "d" : "1756457861051052334",
      "t" : 1756457861051,
      "tn" : 1756457861051052334,
      "q" : "0.05",
      "p" : "22.913",
      "s" : "sell",
      "i" : "ENS_USDT",
      "m" : "4611686018430339465"
    }, {
      "d" : "1756457842228666128",
      "t" : 1756457842228,
      "tn" : 1756457842228666128,
      "q" : "0.05",
      "p" : "22.923",
      "s" : "sell",
      "i" : "ENS_USDT",
      "m" : "4611686018430339464"
    }, {
      "d" : "1756457706026875377",
      "t" : 1756457706026,
      "tn" : 1756457706026875377,
      "q" : "0.05",
      "p" : "22.973",
      "s" : "sell",
      "i" : "ENS_USDT",
      "m" : "4611686018430339463"
    }, {
      "d" : "1756457683448491507",
      "t" : 1756457683448,
      "tn" : 1756457683448491507,
      "q" : "0.05",
      "p" : "22.973",
      "s" : "sell",
      "i" : "ENS_USDT",
      "m" : "4611686018430339462"
    }, {
      "d" : "1756457678038798653",
      "t" : 1756457678038,
      "tn" : 1756457678038798653,
      "q" : "0.05",
      "p" : "22.983",
      "s" : "sell",
      "i" : "ENS_USDT",
      "m" : "4611686018430339461"
    }, {
      "d" : "1756457636661111608",
      "t" : 1756457636661,
      "tn" : 1756457636661111608,
      "q" : "0.05",
      "p" : "23.003",
      "s" : "sell",
      "i" : "ENS_USDT",
      "m" : "4611686018430339460"
    }, {
      "d" : "1756457631974485789",
      "t" : 1756457631974,
      "tn" : 1756457631974485789,
      "q" : "0.05",
      "p" : "23.003",
      "s" : "sell",
      "i" : "ENS_USDT",
      "m" : "4611686018430339459"
    }, {
      "d" : "1756457617209430722",
      "t" : 1756457617209,
      "tn" : 1756457617209430722,
      "q" : "0.05",
      "p" : "23.013",
      "s" : "sell",
      "i" : "ENS_USDT",
      "m" : "4611686018430339458"
    }, {
      "d" : "1756457586494761358",
      "t" : 1756457586494,
      "tn" : 1756457586494761358,
      "q" : "0.05",
      "p" : "22.993",
      "s" : "sell",
      "i" : "ENS_USDT",
      "m" : "4611686018430339457"
    }, {
      "d" : "1756457551089811707",
      "t" : 1756457551089,
      "tn" : 1756457551089811707,
      "q" : "0.05",
      "p" : "22.993",
      "s" : "sell",
      "i" : "ENS_USDT",
      "m" : "4611686018430339456"
    }, {
      "d" : "1756457551019179633",
      "t" : 1756457551019,
      "tn" : 1756457551019179633,
      "q" : "0.05",
      "p" : "22.993",
      "s" : "sell",
      "i" : "ENS_USDT",
      "m" : "4611686018430339455"
    }, {
      "d" : "1756457547366843494",
      "t" : 1756457547366,
      "tn" : 1756457547366843494,
      "q" : "0.05",
      "p" : "22.993",
      "s" : "sell",
      "i" : "ENS_USDT",
      "m" : "4611686018430339454"
    }, {
      "d" : "1756457547294657181",
      "t" : 1756457547294,
      "tn" : 1756457547294657181,
      "q" : "0.05",
      "p" : "22.993",
      "s" : "sell",
      "i" : "ENS_USDT",
      "m" : "4611686018430339453"
    }, {
      "d" : "1756457544274438558",
      "t" : 1756457544274,
      "tn" : 1756457544274438558,
      "q" : "0.05",
      "p" : "23.003",
      "s" : "sell",
      "i" : "ENS_USDT",
      "m" : "4611686018430339452"
    }, {
      "d" : "1756457544123013035",
      "t" : 1756457544123,
      "tn" : 1756457544123013035,
      "q" : "0.05",
      "p" : "23.003",
      "s" : "sell",
      "i" : "ENS_USDT",
      "m" : "4611686018430339451"
    }, {
      "d" : "1756457476947002404",
      "t" : 1756457476947,
      "tn" : 1756457476947002404,
      "q" : "0.05",
      "p" : "23.043",
      "s" : "sell",
      "i" : "ENS_USDT",
      "m" : "4611686018430339450"
    }, {
      "d" : "1756456094289634168",
      "t" : 1756456094289,
      "tn" : 1756456094289634168,
      "q" : "0.05",
      "p" : "23.127",
      "s" : "buy",
      "i" : "ENS_USDT",
      "m" : "4611686018430339449"
    }, {
      "d" : "1756455750497721881",
      "t" : 1756455750497,
      "tn" : 1756455750497721881,
      "q" : "0.05",
      "p" : "23.133",
      "s" : "sell",
      "i" : "ENS_USDT",
      "m" : "4611686018430339448"
    }, {
      "d" : "1756455566543810754",
      "t" : 1756455566543,
      "tn" : 1756455566543810754,
      "q" : "0.05",
      "p" : "23.163",
      "s" : "sell",
      "i" : "ENS_USDT",
      "m" : "4611686018430339447"
    }, {
      "d" : "1756455421164008075",
      "t" : 1756455421164,
      "tn" : 1756455421164008075,
      "q" : "0.05",
      "p" : "23.193",
      "s" : "sell",
      "i" : "ENS_USDT",
      "m" : "4611686018430339446"
    }, {
      "d" : "1756455372579633469",
      "t" : 1756455372579,
      "tn" : 1756455372579633469,
      "q" : "0.05",
      "p" : "23.193",
      "s" : "sell",
      "i" : "ENS_USDT",
      "m" : "4611686018430339445"
    }, {
      "d" : "1756454616061796360",
      "t" : 1756454616061,
      "tn" : 1756454616061796360,
      "q" : "0.05",
      "p" : "23.333",
      "s" : "sell",
      "i" : "ENS_USDT",
      "m" : "4611686018430339444"
    }, {
      "d" : "1756454347543622085",
      "t" : 1756454347543,
      "tn" : 1756454347543622085,
      "q" : "0.05",
      "p" : "23.267",
      "s" : "buy",
      "i" : "ENS_USDT",
      "m" : "4611686018430339443"
    }, {
      "d" : "1756453854164145300",
      "t" : 1756453854164,
      "tn" : 1756453854164145300,
      "q" : "0.05",
      "p" : "23.346",
      "s" : "sell",
      "i" : "ENS_USDT",
      "m" : "4611686018430339442"
    }, {
      "d" : "1756453833994852082",
      "t" : 1756453833994,
      "tn" : 1756453833994852082,
      "q" : "0.05",
      "p" : "23.317",
      "s" : "buy",
      "i" : "ENS_USDT",
      "m" : "4611686018430339441"
    }, {
      "d" : "1756453560923033420",
      "t" : 1756453560923,
      "tn" : 1756453560923033420,
      "q" : "0.05",
      "p" : "23.327",
      "s" : "buy",
      "i" : "ENS_USDT",
      "m" : "4611686018430339440"
    }, {
      "d" : "1756453136532410581",
      "t" : 1756453136532,
      "tn" : 1756453136532410581,
      "q" : "0.05",
      "p" : "23.347",
      "s" : "buy",
      "i" : "ENS_USDT",
      "m" : "4611686018430339439"
    }, {
      "d" : "1756451418874763557",
      "t" : 1756451418874,
      "tn" : 1756451418874763557,
      "q" : "0.05",
      "p" : "23.607",
      "s" : "buy",
      "i" : "ENS_USDT",
      "m" : "4611686018430339438"
    }, {
      "d" : "1756451292325717500",
      "t" : 1756451292325,
      "tn" : 1756451292325717500,
      "q" : "0.05",
      "p" : "23.573",
      "s" : "sell",
      "i" : "ENS_USDT",
      "m" : "4611686018430339437"
    }, {
      "d" : "1756450989129474680",
      "t" : 1756450989129,
      "tn" : 1756450989129474680,
      "q" : "0.05",
      "p" : "23.583",
      "s" : "sell",
      "i" : "ENS_USDT",
      "m" : "4611686018430339436"
    }, {
      "d" : "1756450875020152254",
      "t" : 1756450875020,
      "tn" : 1756450875020152254,
      "q" : "0.05",
      "p" : "23.757",
      "s" : "buy",
      "i" : "ENS_USDT",
      "m" : "4611686018430339435"
    }, {
      "d" : "1756450498314046232",
      "t" : 1756450498314,
      "tn" : 1756450498314046232,
      "q" : "0.05",
      "p" : "23.717",
      "s" : "buy",
      "i" : "ENS_USDT",
      "m" : "4611686018430339434"
    }, {
      "d" : "1756450140323114787",
      "t" : 1756450140323,
      "tn" : 1756450140323114787,
      "q" : "0.05",
      "p" : "23.753",
      "s" : "sell",
      "i" : "ENS_USDT",
      "m" : "4611686018430339433"
    }, {
      "d" : "1756449907659497109",
      "t" : 1756449907659,
      "tn" : 1756449907659497109,
      "q" : "0.05",
      "p" : "23.743",
      "s" : "sell",
      "i" : "ENS_USDT",
      "m" : "4611686018430339432"
    }, {
      "d" : "1756449881867747920",
      "t" : 1756449881867,
      "tn" : 1756449881867747920,
      "q" : "0.05",
      "p" : "23.751",
      "s" : "sell",
      "i" : "ENS_USDT",
      "m" : "4611686018430339431"
    }, {
      "d" : "1756449879908203849",
      "t" : 1756449879908,
      "tn" : 1756449879908203849,
      "q" : "0.05",
      "p" : "23.753",
      "s" : "sell",
      "i" : "ENS_USDT",
      "m" : "4611686018430339430"
    }, {
      "d" : "1756449756007838464",
      "t" : 1756449756007,
      "tn" : 1756449756007838464,
      "q" : "0.05",
      "p" : "23.777",
      "s" : "buy",
      "i" : "ENS_USDT",
      "m" : "4611686018430339429"
    }, {
      "d" : "1756449619632413992",
      "t" : 1756449619632,
      "tn" : 1756449619632413992,
      "q" : "0.05",
      "p" : "23.693",
      "s" : "sell",
      "i" : "ENS_USDT",
      "m" : "4611686018430339428"
    }, {
      "d" : "1756449603157916398",
      "t" : 1756449603157,
      "tn" : 1756449603157916398,
      "q" : "0.05",
      "p" : "23.683",
      "s" : "sell",
      "i" : "ENS_USDT",
      "m" : "4611686018430339427"
    }, {
      "d" : "1756449602826905355",
      "t" : 1756449602826,
      "tn" : 1756449602826905355,
      "q" : "0.05",
      "p" : "23.683",
      "s" : "sell",
      "i" : "ENS_USDT",
      "m" : "4611686018430339426"
    }, {
      "d" : "1756449602800045375",
      "t" : 1756449602800,
      "tn" : 1756449602800045375,
      "q" : "0.05",
      "p" : "23.683",
      "s" : "sell",
      "i" : "ENS_USDT",
      "m" : "4611686018430339425"
    }, {
      "d" : "1756449602641017166",
      "t" : 1756449602641,
      "tn" : 1756449602641017166,
      "q" : "0.05",
      "p" : "23.683",
      "s" : "sell",
      "i" : "ENS_USDT",
      "m" : "4611686018430339424"
    }, {
      "d" : "1756448150535873475",
      "t" : 1756448150535,
      "tn" : 1756448150535873475,
      "q" : "0.05",
      "p" : "23.803",
      "s" : "sell",
      "i" : "ENS_USDT",
      "m" : "4611686018430339423"
    }, {
      "d" : "1756448137892652942",
      "t" : 1756448137892,
      "tn" : 1756448137892652942,
      "q" : "0.05",
      "p" : "23.818",
      "s" : "sell",
      "i" : "ENS_USDT",
      "m" : "4611686018430339422"
    }, {
      "d" : "1756448080603061495",
      "t" : 1756448080603,
      "tn" : 1756448080603061495,
      "q" : "0.05",
      "p" : "23.837",
      "s" : "buy",
      "i" : "ENS_USDT",
      "m" : "4611686018430339421"
    }, {
      "d" : "1756448080601414170",
      "t" : 1756448080601,
      "tn" : 1756448080601414170,
      "q" : "0.05",
      "p" : "23.837",
      "s" : "buy",
      "i" : "ENS_USDT",
      "m" : "4611686018430339420"
    }, {
      "d" : "1756447419285739588",
      "t" : 1756447419285,
      "tn" : 1756447419285739588,
      "q" : "0.05",
      "p" : "23.917",
      "s" : "buy",
      "i" : "ENS_USDT",
      "m" : "4611686018430339419"
    }, {
      "d" : "1756447270531122596",
      "t" : 1756447270531,
      "tn" : 1756447270531122596,
      "q" : "0.05",
      "p" : "23.977",
      "s" : "buy",
      "i" : "ENS_USDT",
      "m" : "4611686018430339418"
    }, {
      "d" : "1756447136047499049",
      "t" : 1756447136047,
      "tn" : 1756447136047499049,
      "q" : "0.05",
      "p" : "23.937",
      "s" : "buy",
      "i" : "ENS_USDT",
      "m" : "4611686018430339417"
    }, {
      "d" : "1756447082249338818",
      "t" : 1756447082249,
      "tn" : 1756447082249338818,
      "q" : "0.05",
      "p" : "23.937",
      "s" : "buy",
      "i" : "ENS_USDT",
      "m" : "4611686018430339416"
    }, {
      "d" : "1756446933741477639",
      "t" : 1756446933741,
      "tn" : 1756446933741477639,
      "q" : "0.05",
      "p" : "23.907",
      "s" : "buy",
      "i" : "ENS_USDT",
      "m" : "4611686018430339415"
    }, {
      "d" : "1756446907440821662",
      "t" : 1756446907440,
      "tn" : 1756446907440821662,
      "q" : "0.05",
      "p" : "23.907",
      "s" : "buy",
      "i" : "ENS_USDT",
      "m" : "4611686018430339414"
    }, {
      "d" : "1756446542493920019",
      "t" : 1756446542493,
      "tn" : 1756446542493920019,
      "q" : "0.05",
      "p" : "24.003",
      "s" : "sell",
      "i" : "ENS_USDT",
      "m" : "4611686018430339413"
    }, {
      "d" : "1756446439140704004",
      "t" : 1756446439140,
      "tn" : 1756446439140704004,
      "q" : "0.05",
      "p" : "23.967",
      "s" : "buy",
      "i" : "ENS_USDT",
      "m" : "4611686018430339412"
    }, {
      "d" : "1756445903708851426",
      "t" : 1756445903708,
      "tn" : 1756445903708851426,
      "q" : "0.05",
      "p" : "23.893",
      "s" : "sell",
      "i" : "ENS_USDT",
      "m" : "4611686018430339411"
    }, {
      "d" : "1756445236714400231",
      "t" : 1756445236714,
      "tn" : 1756445236714400231,
      "q" : "0.05",
      "p" : "23.873",
      "s" : "sell",
      "i" : "ENS_USDT",
      "m" : "4611686018430339410"
    }, {
      "d" : "1756444899499913805",
      "t" : 1756444899499,
      "tn" : 1756444899499913805,
      "q" : "0.05",
      "p" : "23.887",
      "s" : "buy",
      "i" : "ENS_USDT",
      "m" : "4611686018430339409"
    }, {
      "d" : "1756444113183912876",
      "t" : 1756444113183,
      "tn" : 1756444113183912876,
      "q" : "0.05",
      "p" : "23.903",
      "s" : "sell",
      "i" : "ENS_USDT",
      "m" : "4611686018430339408"
    }, {
      "d" : "1756443299133375289",
      "t" : 1756443299133,
      "tn" : 1756443299133375289,
      "q" : "0.05",
      "p" : "23.921",
      "s" : "sell",
      "i" : "ENS_USDT",
      "m" : "4611686018430339407"
    }, {
      "d" : "1756443172098043593",
      "t" : 1756443172098,
      "tn" : 1756443172098043593,
      "q" : "0.05",
      "p" : "23.953",
      "s" : "sell",
      "i" : "ENS_USDT",
      "m" : "4611686018430339406"
    }, {
      "d" : "1756442414500772888",
      "t" : 1756442414500,
      "tn" : 1756442414500772888,
      "q" : "0.05",
      "p" : "24.007",
      "s" : "buy",
      "i" : "ENS_USDT",
      "m" : "4611686018430339405"
    }, {
      "d" : "1756442382997201410",
      "t" : 1756442382997,
      "tn" : 1756442382997201410,
      "q" : "0.05",
      "p" : "24.003",
      "s" : "sell",
      "i" : "ENS_USDT",
      "m" : "4611686018430339404"
    }, {
      "d" : "1756441639673965313",
      "t" : 1756441639673,
      "tn" : 1756441639673965313,
      "q" : "1.59",
      "p" : "23.987",
      "s" : "sell",
      "i" : "ENS_USDT",
      "m" : "4611686018430339403"
    }, {
      "d" : "1756441639673963632",
      "t" : 1756441639673,
      "tn" : 1756441639673963632,
      "q" : "0.05",
      "p" : "24.053",
      "s" : "sell",
      "i" : "ENS_USDT",
      "m" : "4611686018430339402"
    }, {
      "d" : "1756441585298444287",
      "t" : 1756441585298,
      "tn" : 1756441585298444287,
      "q" : "0.05",
      "p" : "24.047",
      "s" : "buy",
      "i" : "ENS_USDT",
      "m" : "4611686018430339401"
    }, {
      "d" : "1756441312299571812",
      "t" : 1756441312299,
      "tn" : 1756441312299571812,
      "q" : "0.05",
      "p" : "23.977",
      "s" : "buy",
      "i" : "ENS_USDT",
      "m" : "4611686018430339400"
    }, {
      "d" : "1756440790530893028",
      "t" : 1756440790530,
      "tn" : 1756440790530893028,
      "q" : "0.05",
      "p" : "23.943",
      "s" : "sell",
      "i" : "ENS_USDT",
      "m" : "4611686018430339399"
    }, {
      "d" : "1756440370620377983",
      "t" : 1756440370620,
      "tn" : 1756440370620377983,
      "q" : "1.59",
      "p" : "23.878",
      "s" : "sell",
      "i" : "ENS_USDT",
      "m" : "4611686018430339398"
    }, {
      "d" : "1756440370620376212",
      "t" : 1756440370620,
      "tn" : 1756440370620376212,
      "q" : "0.05",
      "p" : "23.933",
      "s" : "sell",
      "i" : "ENS_USDT",
      "m" : "4611686018430339397"
    }, {
      "d" : "1756440313673403179",
      "t" : 1756440313673,
      "tn" : 1756440313673403179,
      "q" : "1.59",
      "p" : "23.896",
      "s" : "sell",
      "i" : "ENS_USDT",
      "m" : "4611686018430339396"
    }, {
      "d" : "1756440313673401519",
      "t" : 1756440313673,
      "tn" : 1756440313673401519,
      "q" : "0.05",
      "p" : "23.943",
      "s" : "sell",
      "i" : "ENS_USDT",
      "m" : "4611686018430339395"
    }, {
      "d" : "1756440240278462452",
      "t" : 1756440240278,
      "tn" : 1756440240278462452,
      "q" : "3.70",
      "p" : "23.897",
      "s" : "sell",
      "i" : "ENS_USDT",
      "m" : "4611686018430339394"
    }, {
      "d" : "1756440240278460429",
      "t" : 1756440240278,
      "tn" : 1756440240278460429,
      "q" : "0.05",
      "p" : "23.963",
      "s" : "sell",
      "i" : "ENS_USDT",
      "m" : "4611686018430339393"
    }, {
      "d" : "1756440195700957944",
      "t" : 1756440195700,
      "tn" : 1756440195700957944,
      "q" : "1.58",
      "p" : "23.877",
      "s" : "sell",
      "i" : "ENS_USDT",
      "m" : "4611686018430339392"
    }, {
      "d" : "1756440195700956440",
      "t" : 1756440195700,
      "tn" : 1756440195700956440,
      "q" : "0.05",
      "p" : "23.983",
      "s" : "sell",
      "i" : "ENS_USDT",
      "m" : "4611686018430339391"
    }, {
      "d" : "1756439563176541455",
      "t" : 1756439563176,
      "tn" : 1756439563176541455,
      "q" : "1.59",
      "p" : "23.963",
      "s" : "sell",
      "i" : "ENS_USDT",
      "m" : "4611686018430339390"
    }, {
      "d" : "1756439563176539618",
      "t" : 1756439563176,
      "tn" : 1756439563176539618,
      "q" : "0.05",
      "p" : "24.063",
      "s" : "sell",
      "i" : "ENS_USDT",
      "m" : "4611686018430339389"
    }, {
      "d" : "1756439562504583228",
      "t" : 1756439562504,
      "tn" : 1756439562504583228,
      "q" : "0.05",
      "p" : "24.073",
      "s" : "sell",
      "i" : "ENS_USDT",
      "m" : "4611686018430339388"
    }, {
      "d" : "1756439409822620342",
      "t" : 1756439409822,
      "tn" : 1756439409822620342,
      "q" : "0.05",
      "p" : "24.057",
      "s" : "buy",
      "i" : "ENS_USDT",
      "m" : "4611686018430339387"
    }, {
      "d" : "1756439388122057502",
      "t" : 1756439388122,
      "tn" : 1756439388122057502,
      "q" : "1.59",
      "p" : "23.986",
      "s" : "sell",
      "i" : "ENS_USDT",
      "m" : "4611686018430339386"
    }, {
      "d" : "1756439388122055850",
      "t" : 1756439388122,
      "tn" : 1756439388122055850,
      "q" : "0.05",
      "p" : "24.053",
      "s" : "sell",
      "i" : "ENS_USDT",
      "m" : "4611686018430339385"
    }, {
      "d" : "1756439351720710706",
      "t" : 1756439351720,
      "tn" : 1756439351720710706,
      "q" : "3.70",
      "p" : "23.980",
      "s" : "sell",
      "i" : "ENS_USDT",
      "m" : "4611686018430339384"
    }, {
      "d" : "1756439351720708868",
      "t" : 1756439351720,
      "tn" : 1756439351720708868,
      "q" : "0.05",
      "p" : "24.063",
      "s" : "sell",
      "i" : "ENS_USDT",
      "m" : "4611686018430339383"
    }, {
      "d" : "1756439021624916782",
      "t" : 1756439021624,
      "tn" : 1756439021624916782,
      "q" : "0.05",
      "p" : "24.083",
      "s" : "sell",
      "i" : "ENS_USDT",
      "m" : "4611686018430339382"
    }, {
      "d" : "1756438982860764329",
      "t" : 1756438982860,
      "tn" : 1756438982860764329,
      "q" : "0.05",
      "p" : "24.087",
      "s" : "buy",
      "i" : "ENS_USDT",
      "m" : "4611686018430339381"
    }, {
      "d" : "1756438982640734073",
      "t" : 1756438982640,
      "tn" : 1756438982640734073,
      "q" : "0.05",
      "p" : "24.087",
      "s" : "buy",
      "i" : "ENS_USDT",
      "m" : "4611686018430339380"
    }, {
      "d" : "1756438672177213043",
      "t" : 1756438672177,
      "tn" : 1756438672177213043,
      "q" : "0.05",
      "p" : "24.017",
      "s" : "buy",
      "i" : "ENS_USDT",
      "m" : "4611686018430339379"
    }, {
      "d" : "1756438650619547815",
      "t" : 1756438650619,
      "tn" : 1756438650619547815,
      "q" : "2.20",
      "p" : "23.939",
      "s" : "sell",
      "i" : "ENS_USDT",
      "m" : "4611686018430339378"
    }, {
      "d" : "1756438650619546204",
      "t" : 1756438650619,
      "tn" : 1756438650619546204,
      "q" : "0.05",
      "p" : "23.993",
      "s" : "sell",
      "i" : "ENS_USDT",
      "m" : "4611686018430339377"
    }, {
      "d" : "1756438643121496308",
      "t" : 1756438643121,
      "tn" : 1756438643121496308,
      "q" : "0.05",
      "p" : "23.987",
      "s" : "buy",
      "i" : "ENS_USDT",
      "m" : "4611686018430339376"
    }, {
      "d" : "1756437989169231353",
      "t" : 1756437989169,
      "tn" : 1756437989169231353,
      "q" : "0.05",
      "p" : "23.993",
      "s" : "sell",
      "i" : "ENS_USDT",
      "m" : "4611686018430339375"
    }, {
      "d" : "1756437479654439013",
      "t" : 1756437479654,
      "tn" : 1756437479654439013,
      "q" : "1.64",
      "p" : "23.915",
      "s" : "sell",
      "i" : "ENS_USDT",
      "m" : "4611686018430339374"
    }, {
      "d" : "1756436888468318297",
      "t" : 1756436888468,
      "tn" : 1756436888468318297,
      "q" : "0.05",
      "p" : "24.057",
      "s" : "buy",
      "i" : "ENS_USDT",
      "m" : "4611686018430339373"
    }, {
      "d" : "1756436888028492528",
      "t" : 1756436888028,
      "tn" : 1756436888028492528,
      "q" : "0.05",
      "p" : "24.047",
      "s" : "buy",
      "i" : "ENS_USDT",
      "m" : "4611686018430339372"
    }, {
      "d" : "1756436887998790592",
      "t" : 1756436887998,
      "tn" : 1756436887998790592,
      "q" : "0.05",
      "p" : "24.047",
      "s" : "buy",
      "i" : "ENS_USDT",
      "m" : "4611686018430339371"
    }, {
      "d" : "1756436887758869400",
      "t" : 1756436887758,
      "tn" : 1756436887758869400,
      "q" : "0.05",
      "p" : "24.042",
      "s" : "buy",
      "i" : "ENS_USDT",
      "m" : "4611686018430339370"
    }, {
      "d" : "1756435792757876614",
      "t" : 1756435792757,
      "tn" : 1756435792757876614,
      "q" : "0.05",
      "p" : "24.033",
      "s" : "sell",
      "i" : "ENS_USDT",
      "m" : "4611686018430339369"
    }, {
      "d" : "1756435690748198367",
      "t" : 1756435690748,
      "tn" : 1756435690748198367,
      "q" : "0.05",
      "p" : "24.017",
      "s" : "buy",
      "i" : "ENS_USDT",
      "m" : "4611686018430339368"
    }, {
      "d" : "1756435250841230257",
      "t" : 1756435250841,
      "tn" : 1756435250841230257,
      "q" : "0.05",
      "p" : "23.977",
      "s" : "buy",
      "i" : "ENS_USDT",
      "m" : "4611686018430339367"
    }, {
      "d" : "1756435250688767042",
      "t" : 1756435250688,
      "tn" : 1756435250688767042,
      "q" : "0.05",
      "p" : "23.977",
      "s" : "buy",
      "i" : "ENS_USDT",
      "m" : "4611686018430339366"
    }, {
      "d" : "1756434699384968791",
      "t" : 1756434699384,
      "tn" : 1756434699384968791,
      "q" : "0.05",
      "p" : "24.013",
      "s" : "sell",
      "i" : "ENS_USDT",
      "m" : "4611686018430339365"
    }, {
      "d" : "1756434531532907505",
      "t" : 1756434531532,
      "tn" : 1756434531532907505,
      "q" : "0.05",
      "p" : "24.037",
      "s" : "buy",
      "i" : "ENS_USDT",
      "m" : "4611686018430339364"
    }, {
      "d" : "1756434359900347480",
      "t" : 1756434359900,
      "tn" : 1756434359900347480,
      "q" : "3.67",
      "p" : "24.023",
      "s" : "sell",
      "i" : "ENS_USDT",
      "m" : "4611686018430339363"
    }, {
      "d" : "1756434359900345648",
      "t" : 1756434359900,
      "tn" : 1756434359900345648,
      "q" : "0.05",
      "p" : "24.073",
      "s" : "sell",
      "i" : "ENS_USDT",
      "m" : "4611686018430339362"
    }, {
      "d" : "1756434322527683896",
      "t" : 1756434322527,
      "tn" : 1756434322527683896,
      "q" : "3.68",
      "p" : "24.016",
      "s" : "sell",
      "i" : "ENS_USDT",
      "m" : "4611686018430339361"
    }, {
      "d" : "1756434322527682193",
      "t" : 1756434322527,
      "tn" : 1756434322527682193,
      "q" : "0.05",
      "p" : "24.073",
      "s" : "sell",
      "i" : "ENS_USDT",
      "m" : "4611686018430339360"
    }, {
      "d" : "1756434231185435845",
      "t" : 1756434231185,
      "tn" : 1756434231185435845,
      "q" : "1.58",
      "p" : "24.030",
      "s" : "sell",
      "i" : "ENS_USDT",
      "m" : "4611686018430339359"
    }, {
      "d" : "1756434231185433667",
      "t" : 1756434231185,
      "tn" : 1756434231185433667,
      "q" : "0.05",
      "p" : "24.083",
      "s" : "sell",
      "i" : "ENS_USDT",
      "m" : "4611686018430339358"
    }, {
      "d" : "1756433654791617947",
      "t" : 1756433654791,
      "tn" : 1756433654791617947,
      "q" : "0.05",
      "p" : "24.027",
      "s" : "buy",
      "i" : "ENS_USDT",
      "m" : "4611686018430339357"
    }, {
      "d" : "1756433654719994542",
      "t" : 1756433654719,
      "tn" : 1756433654719994542,
      "q" : "0.05",
      "p" : "24.027",
      "s" : "buy",
      "i" : "ENS_USDT",
      "m" : "4611686018430339356"
    }, {
      "d" : "1756433654552926484",
      "t" : 1756433654552,
      "tn" : 1756433654552926484,
      "q" : "0.05",
      "p" : "24.027",
      "s" : "buy",
      "i" : "ENS_USDT",
      "m" : "4611686018430339355"
    }, {
      "d" : "1756433630721228733",
      "t" : 1756433630721,
      "tn" : 1756433630721228733,
      "q" : "0.05",
      "p" : "23.987",
      "s" : "buy",
      "i" : "ENS_USDT",
      "m" : "4611686018430339354"
    }, {
      "d" : "1756433606302130734",
      "t" : 1756433606302,
      "tn" : 1756433606302130734,
      "q" : "0.05",
      "p" : "23.937",
      "s" : "buy",
      "i" : "ENS_USDT",
      "m" : "4611686018430339353"
    }, {
      "d" : "1756432813398829397",
      "t" : 1756432813398,
      "tn" : 1756432813398829397,
      "q" : "0.05",
      "p" : "23.883",
      "s" : "sell",
      "i" : "ENS_USDT",
      "m" : "4611686018430339352"
    } ]
  }
}