{
  "id" : -1,
  "method" : "public/get-trades",
  "code" : 0,
  "result" : {
    "data" : [ {
      "d" : "1756460563406452513",
      "t" : 1756460563406,
      "tn" : 1756460563406452513,
      "q" : "0.05",
      "p" : "22.956",
      "s" : "sell",
      "i" : "ENS_USD",
      "m" : "4611686018430299867"
    }, {
      "d" : "1756460206991246287",
      "t" : 1756460206991,
      "tn" : 1756460206991246287,
      "q" : "0.05",
      "p" : "22.956",
      "s" : "sell",
      "i" : "ENS_USD",
      "m" : "4611686018430299866"
    }, {
      "d" : "1756460206958116059",
      "t" : 1756460206958,
      "tn" : 1756460206958116059,
      "q" : "0.05",
      "p" : "22.956",
      "s" : "sell",
      "i" : "ENS_USD",
      "m" : "4611686018430299865"
    }, {
      "d" : "1756460081988762261",
      "t" : 1756460081988,
      "tn" : 1756460081988762261,
      "q" : "0.05",
      "p" : "22.966",
      "s" : "sell",
      "i" : "ENS_USD",
      "m" : "4611686018430299864"
    }, {
      "d" : "1756459024846814421",
      "t" : 1756459024846,
      "tn" : 1756459024846814421,
      "q" : "0.05",
      "p" : "22.966",
      "s" : "sell",
      "i" : "ENS_USD",
      "m" : "4611686018430299863"
    }, {
      "d" : "1756458928756433847",
      "t" : 1756458928756,
      "tn" : 1756458928756433847,
      "q" : "0.05",
      "p" : "22.906",
      "s" : "sell",
      "i" : "ENS_USD",
      "m" : "4611686018430299862"
    }, {
      "d" : "1756458928532074969",
      "t" : 1756458928532,
      "tn" : 1756458928532074969,
      "q" : "0.05",
      "p" : "22.916",
      "s" : "sell",
      "i" : "ENS_USD",
      "m" : "4611686018430299861"
    }, {
      "d" : "1756458847436175681",
      "t" : 1756458847436,
      "tn" : 1756458847436175681,
      "q" : "0.05",
      "p" : "22.926",
      "s" : "sell",
      "i" : "ENS_USD",
      "m" : "4611686018430299860"
    }, {
      "d" : "1756458821286914119",
      "t" : 1756458821286,
      "tn" : 1756458821286914119,
      "q" : "0.05",
      "p" : "22.946",
      "s" : "sell",
      "i" : "ENS_USD",
      "m" : "4611686018430299859"
    }, {
      "d" : "1756458821235744639",
      "t" : 1756458821235,
      "tn" : 1756458821235744639,
      "q" : "0.05",
      "p" : "22.946",
      "s" : "sell",
      "i" : "ENS_USD",
      "m" : "4611686018430299858"
    }, {
      "d" : "1756458813764577100",
      "t" : 1756458813764,
      "tn" : 1756458813764577100,
      "q" : "0.05",
      "p" : "22.956",
      "s" : "sell",
      "i" : "ENS_USD",
      "m" : "4611686018430299857"
    }, {
      "d" : "1756458708997341366",
      "t" : 1756458708997,
      "tn" : 1756458708997341366,
      "q" : "0.05",
      "p" : "22.946",
      "s" : "sell",
      "i" : "ENS_USD",
      "m" : "4611686018430299856"
    }, {
      "d" : "1756458675098468026",
      "t" : 1756458675098,
      "tn" : 1756458675098468026,
      "q" : "0.05",
      "p" : "22.906",
      "s" : "sell",
      "i" : "ENS_USD",
      "m" : "4611686018430299855"
    }, {
      "d" : "1756458653391207294",
      "t" : 1756458653391,
      "tn" : 1756458653391207294,
      "q" : "0.02",
      "p" : "22.887",
      "s" : "buy",
      "i" : "ENS_USD",
      "m" : "4611686018430299854"
    }, {
      "d" : "1756458568461319691",
      "t" : 1756458568461,
      "tn" : 1756458568461319691,
      "q" : "0.05",
      "p" : "22.906",
      "s" : "sell",
      "i" : "ENS_USD",
      "m" : "4611686018430299853"
    }, {
      "d" : "1756458567006047809",
      "t" : 1756458567006,
      "tn" : 1756458567006047809,
      "q" : "0.05",
      "p" : "22.906",
      "s" : "sell",
      "i" : "ENS_USD",
      "m" : "4611686018430299852"
    }, {
      "d" : "1756458566972525171",
      "t" : 1756458566972,
      "tn" : 1756458566972525171,
      "q" : "0.05",
      "p" : "22.906",
      "s" : "sell",
      "i" : "ENS_USD",
      "m" : "4611686018430299851"
    }, {
      "d" : "1756458465478565068",
      "t" : 1756458465478,
      "tn" : 1756458465478565068,
      "q" : "0.05",
      "p" : "22.866",
      "s" : "sell",
      "i" : "ENS_USD",
      "m" : "4611686018430299850"
    }, {
      "d" : "1756458461217729167",
      "t" : 1756458461217,
      "tn" : 1756458461217729167,
      "q" : "0.05",
      "p" : "22.866",
      "s" : "sell",
      "i" : "ENS_USD",
      "m" : "4611686018430299849"
    }, {
      "d" : "1756458413308812513",
      "t" : 1756458413308,
      "tn" : 1756458413308812513,
      "q" : "0.05",
      "p" : "22.886",
      "s" : "sell",
      "i" : "ENS_USD",
      "m" : "4611686018430299848"
    }, {
      "d" : "1756458000935408533",
      "t" : 1756458000935,
      "tn" : 1756458000935408533,
      "q" : "0.05",
      "p" : "22.946",
      "s" : "sell",
      "i" : "ENS_USD",
      "m" : "4611686018430299847"
    }, {
      "d" : "1756457994014186842",
      "t" : 1756457994014,
      "tn" : 1756457994014186842,
      "q" : "1.71",
      "p" : "22.819",
      "s" : "sell",
      "i" : "ENS_USD",
      "m" : "4611686018430299846"
    }, {
      "d" : "1756457994014185007",
      "t" : 1756457994014,
      "tn" : 1756457994014185007,
      "q" : "0.05",
      "p" : "22.946",
      "s" : "sell",
      "i" : "ENS_USD",
      "m" : "4611686018430299845"
    }, {
      "d" : "1756457935817009378",
      "t" : 1756457935817,
      "tn" : 1756457935817009378,
      "q" : "1.71",
      "p" : "22.900",
      "s" : "sell",
      "i" : "ENS_USD",
      "m" : "4611686018430299844"
    }, {
      "d" : "1756457935817007488",
      "t" : 1756457935817,
      "tn" : 1756457935817007488,
      "q" : "0.05",
      "p" : "22.926",
      "s" : "sell",
      "i" : "ENS_USD",
      "m" : "4611686018430299843"
    }, {
      "d" : "1756457924078613310",
      "t" : 1756457924078,
      "tn" : 1756457924078613310,
      "q" : "1.72",
      "p" : "22.833",
      "s" : "sell",
      "i" : "ENS_USD",
      "m" : "4611686018430299842"
    }, {
      "d" : "1756457924078611442",
      "t" : 1756457924078,
      "tn" : 1756457924078611442,
      "q" : "0.05",
      "p" : "22.916",
      "s" : "sell",
      "i" : "ENS_USD",
      "m" : "4611686018430299841"
    }, {
      "d" : "1756457864061658361",
      "t" : 1756457864061,
      "tn" : 1756457864061658361,
      "q" : "0.05",
      "p" : "22.906",
      "s" : "sell",
      "i" : "ENS_USD",
      "m" : "4611686018430299840"
    }, {
      "d" : "1756457842228738352",
      "t" : 1756457842228,
      "tn" : 1756457842228738352,
      "q" : "0.05",
      "p" : "22.926",
      "s" : "sell",
      "i" : "ENS_USD",
      "m" : "4611686018430299839"
    }, {
      "d" : "1756457730113166543",
      "t" : 1756457730113,
      "tn" : 1756457730113166543,
      "q" : "12.05",
      "p" : "22.923",
      "s" : "buy",
      "i" : "ENS_USD",
      "m" : "4611686018430299838"
    }, {
      "d" : "1756457724207905012",
      "t" : 1756457724207,
      "tn" : 1756457724207905012,
      "q" : "0.05",
      "p" : "22.956",
      "s" : "sell",
      "i" : "ENS_USD",
      "m" : "4611686018430299837"
    }, {
      "d" : "1756457718289014601",
      "t" : 1756457718289,
      "tn" : 1756457718289014601,
      "q" : "0.05",
      "p" : "22.976",
      "s" : "sell",
      "i" : "ENS_USD",
      "m" : "4611686018430299836"
    }, {
      "d" : "1756457712293312203",
      "t" : 1756457712293,
      "tn" : 1756457712293312203,
      "q" : "0.05",
      "p" : "22.976",
      "s" : "sell",
      "i" : "ENS_USD",
      "m" : "4611686018430299835"
    }, {
      "d" : "1756457706243649046",
      "t" : 1756457706243,
      "tn" : 1756457706243649046,
      "q" : "0.05",
      "p" : "22.976",
      "s" : "sell",
      "i" : "ENS_USD",
      "m" : "4611686018430299834"
    }, {
      "d" : "1756457706026894706",
      "t" : 1756457706026,
      "tn" : 1756457706026894706,
      "q" : "0.05",
      "p" : "22.976",
      "s" : "sell",
      "i" : "ENS_USD",
      "m" : "4611686018430299833"
    }, {
      "d" : "1756457700295326505",
      "t" : 1756457700295,
      "tn" : 1756457700295326505,
      "q" : "0.05",
      "p" : "22.976",
      "s" : "sell",
      "i" : "ENS_USD",
      "m" : "4611686018430299832"
    }, {
      "d" : "1756457697184829612",
      "t" : 1756457697184,
      "tn" : 1756457697184829612,
      "q" : "0.05",
      "p" : "22.976",
      "s" : "sell",
      "i" : "ENS_USD",
      "m" : "4611686018430299831"
    }, {
      "d" : "1756457691301466320",
      "t" : 1756457691301,
      "tn" : 1756457691301466320,
      "q" : "0.05",
      "p" : "22.976",
      "s" : "sell",
      "i" : "ENS_USD",
      "m" : "4611686018430299830"
    }, {
      "d" : "1756457685410655445",
      "t" : 1756457685410,
      "tn" : 1756457685410655445,
      "q" : "0.05",
      "p" : "22.976",
      "s" : "sell",
      "i" : "ENS_USD",
      "m" : "4611686018430299829"
    }, {
      "d" : "1756457683448377956",
      "t" : 1756457683448,
      "tn" : 1756457683448377956,
      "q" : "0.05",
      "p" : "22.976",
      "s" : "sell",
      "i" : "ENS_USD",
      "m" : "4611686018430299828"
    }, {
      "d" : "1756457679276737903",
      "t" : 1756457679276,
      "tn" : 1756457679276737903,
      "q" : "0.05",
      "p" : "22.986",
      "s" : "sell",
      "i" : "ENS_USD",
      "m" : "4611686018430299827"
    }, {
      "d" : "1756457678038826774",
      "t" : 1756457678038,
      "tn" : 1756457678038826774,
      "q" : "0.05",
      "p" : "22.986",
      "s" : "sell",
      "i" : "ENS_USD",
      "m" : "4611686018430299826"
    }, {
      "d" : "1756457678005767187",
      "t" : 1756457678005,
      "tn" : 1756457678005767187,
      "q" : "0.05",
      "p" : "22.986",
      "s" : "sell",
      "i" : "ENS_USD",
      "m" : "4611686018430299825"
    }, {
      "d" : "1756457673008159364",
      "t" : 1756457673008,
      "tn" : 1756457673008159364,
      "q" : "0.05",
      "p" : "22.986",
      "s" : "sell",
      "i" : "ENS_USD",
      "m" : "4611686018430299824"
    }, {
      "d" : "1756457667080469978",
      "t" : 1756457667080,
      "tn" : 1756457667080469978,
      "q" : "0.05",
      "p" : "22.986",
      "s" : "sell",
      "i" : "ENS_USD",
      "m" : "4611686018430299823"
    }, {
      "d" : "1756457661332095080",
      "t" : 1756457661332,
      "tn" : 1756457661332095080,
      "q" : "0.05",
      "p" : "22.986",
      "s" : "sell",
      "i" : "ENS_USD",
      "m" : "4611686018430299822"
    }, {
      "d" : "1756457652346564573",
      "t" : 1756457652346,
      "tn" : 1756457652346564573,
      "q" : "0.05",
      "p" : "22.996",
      "s" : "sell",
      "i" : "ENS_USD",
      "m" : "4611686018430299821"
    }, {
      "d" : "1756457636661105639",
      "t" : 1756457636661,
      "tn" : 1756457636661105639,
      "q" : "0.05",
      "p" : "23.006",
      "s" : "sell",
      "i" : "ENS_USD",
      "m" : "4611686018430299820"
    }, {
      "d" : "1756457631974460461",
      "t" : 1756457631974,
      "tn" : 1756457631974460461,
      "q" : "0.05",
      "p" : "23.006",
      "s" : "sell",
      "i" : "ENS_USD",
      "m" : "4611686018430299819"
    }, {
      "d" : "1756457617209356562",
      "t" : 1756457617209,
      "tn" : 1756457617209356562,
      "q" : "0.05",
      "p" : "23.016",
      "s" : "sell",
      "i" : "ENS_USD",
      "m" : "4611686018430299818"
    }, {
      "d" : "1756457551089765939",
      "t" : 1756457551089,
      "tn" : 1756457551089765939,
      "q" : "0.05",
      "p" : "22.996",
      "s" : "sell",
      "i" : "ENS_USD",
      "m" : "4611686018430299817"
    }, {
      "d" : "1756457551019132114",
      "t" : 1756457551019,
      "tn" : 1756457551019132114,
      "q" : "0.05",
      "p" : "22.996",
      "s" : "sell",
      "i" : "ENS_USD",
      "m" : "4611686018430299816"
    }, {
      "d" : "1756457547448487671",
      "t" : 1756457547448,
      "tn" : 1756457547448487671,
      "q" : "0.05",
      "p" : "22.996",
      "s" : "sell",
      "i" : "ENS_USD",
      "m" : "4611686018430299815"
    }, {
      "d" : "1756457547366986225",
      "t" : 1756457547366,
      "tn" : 1756457547366986225,
      "q" : "0.05",
      "p" : "22.996",
      "s" : "sell",
      "i" : "ENS_USD",
      "m" : "4611686018430299814"
    }, {
      "d" : "1756457547294559558",
      "t" : 1756457547294,
      "tn" : 1756457547294559558,
      "q" : "0.05",
      "p" : "22.996",
      "s" : "sell",
      "i" : "ENS_USD",
      "m" : "4611686018430299813"
    }, {
      "d" : "1756457544274374806",
      "t" : 1756457544274,
      "tn" : 1756457544274374806,
      "q" : "0.65",
      "p" : "23.000",
      "s" : "sell",
      "i" : "ENS_USD",
      "m" : "4611686018430299812"
    }, {
      "d" : "1756457544274372454",
      "t" : 1756457544274,
      "tn" : 1756457544274372454,
      "q" : "0.05",
      "p" : "23.006",
      "s" : "sell",
      "i" : "ENS_USD",
      "m" : "4611686018430299811"
    }, {
      "d" : "1756457544123000985",
      "t" : 1756457544123,
      "tn" : 1756457544123000985,
      "q" : "0.05",
      "p" : "23.006",
      "s" : "sell",
      "i" : "ENS_USD",
      "m" : "4611686018430299810"
    }, {
      "d" : "1756457476947024975",
      "t" : 1756457476947,
      "tn" : 1756457476947024975,
      "q" : "0.05",
      "p" : "23.046",
      "s" : "sell",
      "i" : "ENS_USD",
      "m" : "4611686018430299809"
    }, {
      "d" : "1756456932048863267",
      "t" : 1756456932048,
      "tn" : 1756456932048863266,
      "q" : "4.51",
      "p" : "23.083",
      "s" : "sell",
      "i" : "ENS_USD",
      "m" : "4611686018430299808"
    }, {
      "d" : "1756456932048863266",
      "t" : 1756456932048,
      "tn" : 1756456932048863266,
      "q" : "2.86",
      "p" : "23.083",
      "s" : "sell",
      "i" : "ENS_USD",
      "m" : "4611686018430299808"
    }, {
      "d" : "1756456300217482867",
      "t" : 1756456300217,
      "tn" : 1756456300217482867,
      "q" : "2.57",
      "p" : "23.083",
      "s" : "sell",
      "i" : "ENS_USD",
      "m" : "4611686018430299807"
    }, {
      "d" : "1756456300217480979",
      "t" : 1756456300217,
      "tn" : 1756456300217480979,
      "q" : "0.05",
      "p" : "23.146",
      "s" : "sell",
      "i" : "ENS_USD",
      "m" : "4611686018430299806"
    }, {
      "d" : "1756456295998938144",
      "t" : 1756456295998,
      "tn" : 1756456295998938144,
      "q" : "2.77",
      "p" : "23.169",
      "s" : "sell",
      "i" : "ENS_USD",
      "m" : "4611686018430299805"
    }, {
      "d" : "1756456290061466289",
      "t" : 1756456290061,
      "tn" : 1756456290061466289,
      "q" : "0.05",
      "p" : "23.141",
      "s" : "buy",
      "i" : "ENS_USD",
      "m" : "4611686018430299804"
    }, {
      "d" : "1756456284136962443",
      "t" : 1756456284136,
      "tn" : 1756456284136962443,
      "q" : "0.05",
      "p" : "23.141",
      "s" : "buy",
      "i" : "ENS_USD",
      "m" : "4611686018430299803"
    }, {
      "d" : "1756456278234984890",
      "t" : 1756456278234,
      "tn" : 1756456278234984890,
      "q" : "0.05",
      "p" : "23.141",
      "s" : "buy",
      "i" : "ENS_USD",
      "m" : "4611686018430299802"
    }, {
      "d" : "1756456271928310562",
      "t" : 1756456271928,
      "tn" : 1756456271928310562,
      "q" : "0.05",
      "p" : "23.121",
      "s" : "buy",
      "i" : "ENS_USD",
      "m" : "4611686018430299801"
    }, {
      "d" : "1756456265936944863",
      "t" : 1756456265936,
      "tn" : 1756456265936944863,
      "q" : "0.05",
      "p" : "23.141",
      "s" : "buy",
      "i" : "ENS_USD",
      "m" : "4611686018430299800"
    }, {
      "d" : "1756456260183090563",
      "t" : 1756456260183,
      "tn" : 1756456260183090563,
      "q" : "0.05",
      "p" : "23.141",
      "s" : "buy",
      "i" : "ENS_USD",
      "m" : "4611686018430299799"
    }, {
      "d" : "1756456254021314581",
      "t" : 1756456254021,
      "tn" : 1756456254021314581,
      "q" : "0.05",
      "p" : "23.141",
      "s" : "buy",
      "i" : "ENS_USD",
      "m" : "4611686018430299798"
    }, {
      "d" : "1756456247961016723",
      "t" : 1756456247961,
      "tn" : 1756456247961016723,
      "q" : "0.05",
      "p" : "23.141",
      "s" : "buy",
      "i" : "ENS_USD",
      "m" : "4611686018430299797"
    }, {
      "d" : "1756456242064542611",
      "t" : 1756456242064,
      "tn" : 1756456242064542611,
      "q" : "0.05",
      "p" : "23.151",
      "s" : "buy",
      "i" : "ENS_USD",
      "m" : "4611686018430299796"
    }, {
      "d" : "1756456236119647432",
      "t" : 1756456236119,
      "tn" : 1756456236119647432,
      "q" : "0.05",
      "p" : "23.151",
      "s" : "buy",
      "i" : "ENS_USD",
      "m" : "4611686018430299795"
    }, {
      "d" : "1756456230218982537",
      "t" : 1756456230218,
      "tn" : 1756456230218982537,
      "q" : "0.05",
      "p" : "23.131",
      "s" : "buy",
      "i" : "ENS_USD",
      "m" : "4611686018430299794"
    }, {
      "d" : "1756456224316226634",
      "t" : 1756456224316,
      "tn" : 1756456224316226634,
      "q" : "0.05",
      "p" : "23.121",
      "s" : "buy",
      "i" : "ENS_USD",
      "m" : "4611686018430299793"
    }, {
      "d" : "1756456218102023827",
      "t" : 1756456218102,
      "tn" : 1756456218102023827,
      "q" : "0.05",
      "p" : "23.122",
      "s" : "buy",
      "i" : "ENS_USD",
      "m" : "4611686018430299792"
    }, {
      "d" : "1756456212138528167",
      "t" : 1756456212138,
      "tn" : 1756456212138528167,
      "q" : "0.05",
      "p" : "23.121",
      "s" : "buy",
      "i" : "ENS_USD",
      "m" : "4611686018430299791"
    }, {
      "d" : "1756456206131193175",
      "t" : 1756456206131,
      "tn" : 1756456206131193175,
      "q" : "0.05",
      "p" : "23.131",
      "s" : "buy",
      "i" : "ENS_USD",
      "m" : "4611686018430299790"
    }, {
      "d" : "1756456200020507571",
      "t" : 1756456200020,
      "tn" : 1756456200020507571,
      "q" : "0.05",
      "p" : "23.131",
      "s" : "buy",
      "i" : "ENS_USD",
      "m" : "4611686018430299789"
    }, {
      "d" : "1756456193979820221",
      "t" : 1756456193979,
      "tn" : 1756456193979820221,
      "q" : "0.05",
      "p" : "23.131",
      "s" : "buy",
      "i" : "ENS_USD",
      "m" : "4611686018430299788"
    }, {
      "d" : "1756456188064453875",
      "t" : 1756456188064,
      "tn" : 1756456188064453875,
      "q" : "0.05",
      "p" : "23.141",
      "s" : "buy",
      "i" : "ENS_USD",
      "m" : "4611686018430299787"
    }, {
      "d" : "1756456182079087065",
      "t" : 1756456182079,
      "tn" : 1756456182079087065,
      "q" : "0.05",
      "p" : "23.131",
      "s" : "buy",
      "i" : "ENS_USD",
      "m" : "4611686018430299786"
    }, {
      "d" : "1756456176016693527",
      "t" : 1756456176016,
      "tn" : 1756456176016693527,
      "q" : "0.05",
      "p" : "23.131",
      "s" : "buy",
      "i" : "ENS_USD",
      "m" : "4611686018430299785"
    }, {
      "d" : "1756456170027634840",
      "t" : 1756456170027,
      "tn" : 1756456170027634840,
      "q" : "0.05",
      "p" : "23.131",
      "s" : "buy",
      "i" : "ENS_USD",
      "m" : "4611686018430299784"
    }, {
      "d" : "1756456163994608668",
      "t" : 1756456163994,
      "tn" : 1756456163994608668,
      "q" : "0.05",
      "p" : "23.121",
      "s" : "buy",
      "i" : "ENS_USD",
      "m" : "4611686018430299783"
    }, {
      "d" : "1756456158019032909",
      "t" : 1756456158019,
      "tn" : 1756456158019032909,
      "q" : "0.05",
      "p" : "23.121",
      "s" : "buy",
      "i" : "ENS_USD",
      "m" : "4611686018430299782"
    }, {
      "d" : "1756456151869626235",
      "t" : 1756456151869,
      "tn" : 1756456151869626235,
      "q" : "0.05",
      "p" : "23.121",
      "s" : "buy",
      "i" : "ENS_USD",
      "m" : "4611686018430299781"
    }, {
      "d" : "1756456146002097633",
      "t" : 1756456146002,
      "tn" : 1756456146002097633,
      "q" : "0.05",
      "p" : "23.121",
      "s" : "buy",
      "i" : "ENS_USD",
      "m" : "4611686018430299780"
    }, {
      "d" : "1756456140058699552",
      "t" : 1756456140058,
      "tn" : 1756456140058699552,
      "q" : "0.05",
      "p" : "23.131",
      "s" : "buy",
      "i" : "ENS_USD",
      "m" : "4611686018430299779"
    }, {
      "d" : "1756456134043676725",
      "t" : 1756456134043,
      "tn" : 1756456134043676725,
      "q" : "0.05",
      "p" : "23.131",
      "s" : "buy",
      "i" : "ENS_USD",
      "m" : "4611686018430299778"
    }, {
      "d" : "1756456128073915963",
      "t" : 1756456128073,
      "tn" : 1756456128073915963,
      "q" : "0.05",
      "p" : "23.141",
      "s" : "buy",
      "i" : "ENS_USD",
      "m" : "4611686018430299777"
    }, {
      "d" : "1756456121873166293",
      "t" : 1756456121873,
      "tn" : 1756456121873166293,
      "q" : "0.05",
      "p" : "23.121",
      "s" : "buy",
      "i" : "ENS_USD",
      "m" : "4611686018430299776"
    }, {
      "d" : "1756456116082088698",
      "t" : 1756456116082,
      "tn" : 1756456116082088698,
      "q" : "0.05",
      "p" : "23.121",
      "s" : "buy",
      "i" : "ENS_USD",
      "m" : "4611686018430299775"
    }, {
      "d" : "1756456109933109519",
      "t" : 1756456109933,
      "tn" : 1756456109933109519,
      "q" : "0.05",
      "p" : "23.131",
      "s" : "buy",
      "i" : "ENS_USD",
      "m" : "4611686018430299774"
    }, {
      "d" : "1756456104043342041",
      "t" : 1756456104043,
      "tn" : 1756456104043342041,
      "q" : "0.05",
      "p" : "23.137",
      "s" : "buy",
      "i" : "ENS_USD",
      "m" : "4611686018430299773"
    }, {
      "d" : "1756456098154479525",
      "t" : 1756456098154,
      "tn" : 1756456098154479525,
      "q" : "0.05",
      "p" : "23.141",
      "s" : "buy",
      "i" : "ENS_USD",
      "m" : "4611686018430299772"
    }, {
      "d" : "1756456091887480926",
      "t" : 1756456091887,
      "tn" : 1756456091887480926,
      "q" : "0.05",
      "p" : "23.121",
      "s" : "buy",
      "i" : "ENS_USD",
      "m" : "4611686018430299771"
    }, {
      "d" : "1756456086000221071",
      "t" : 1756456086000,
      "tn" : 1756456086000221071,
      "q" : "0.05",
      "p" : "23.121",
      "s" : "buy",
      "i" : "ENS_USD",
      "m" : "4611686018430299770"
    }, {
      "d" : "1756456080063780080",
      "t" : 1756456080063,
      "tn" : 1756456080063780080,
      "q" : "0.05",
      "p" : "23.121",
      "s" : "buy",
      "i" : "ENS_USD",
      "m" : "4611686018430299769"
    }, {
      "d" : "1756456074868094220",
      "t" : 1756456074868,
      "tn" : 1756456074868094220,
      "q" : "0.05",
      "p" : "23.111",
      "s" : "buy",
      "i" : "ENS_USD",
      "m" : "4611686018430299768"
    }, {
      "d" : "1756456068746585731",
      "t" : 1756456068746,
      "tn" : 1756456068746585731,
      "q" : "0.05",
      "p" : "23.121",
      "s" : "buy",
      "i" : "ENS_USD",
      "m" : "4611686018430299767"
    }, {
      "d" : "1756456062795822287",
      "t" : 1756456062795,
      "tn" : 1756456062795822287,
      "q" : "0.05",
      "p" : "23.121",
      "s" : "buy",
      "i" : "ENS_USD",
      "m" : "4611686018430299766"
    }, {
      "d" : "1756456056800422154",
      "t" : 1756456056800,
      "tn" : 1756456056800422154,
      "q" : "0.05",
      "p" : "23.123",
      "s" : "buy",
      "i" : "ENS_USD",
      "m" : "4611686018430299765"
    }, {
      "d" : "1756456050742072899",
      "t" : 1756456050742,
      "tn" : 1756456050742072899,
      "q" : "0.05",
      "p" : "23.123",
      "s" : "buy",
      "i" : "ENS_USD",
      "m" : "4611686018430299764"
    }, {
      "d" : "1756456044715640731",
      "t" : 1756456044715,
      "tn" : 1756456044715640731,
      "q" : "0.05",
      "p" : "23.133",
      "s" : "buy",
      "i" : "ENS_USD",
      "m" : "4611686018430299763"
    }, {
      "d" : "1756456038748792156",
      "t" : 1756456038748,
      "tn" : 1756456038748792156,
      "q" : "0.05",
      "p" : "23.130",
      "s" : "buy",
      "i" : "ENS_USD",
      "m" : "4611686018430299762"
    }, {
      "d" : "1756456035339318413",
      "t" : 1756456035339,
      "tn" : 1756456035339318413,
      "q" : "0.32",
      "p" : "23.133",
      "s" : "sell",
      "i" : "ENS_USD",
      "m" : "4611686018430299761"
    }, {
      "d" : "1756456035333241177",
      "t" : 1756456035333,
      "tn" : 1756456035333241177,
      "q" : "2.90",
      "p" : "23.134",
      "s" : "sell",
      "i" : "ENS_USD",
      "m" : "4611686018430299760"
    }, {
      "d" : "1756456032763534113",
      "t" : 1756456032763,
      "tn" : 1756456032763534113,
      "q" : "0.05",
      "p" : "23.133",
      "s" : "buy",
      "i" : "ENS_USD",
      "m" : "4611686018430299759"
    }, {
      "d" : "1756456026682567811",
      "t" : 1756456026682,
      "tn" : 1756456026682567811,
      "q" : "0.05",
      "p" : "23.133",
      "s" : "buy",
      "i" : "ENS_USD",
      "m" : "4611686018430299758"
    }, {
      "d" : "1756456021577992298",
      "t" : 1756456021577,
      "tn" : 1756456021577992298,
      "q" : "0.16",
      "p" : "23.153",
      "s" : "sell",
      "i" : "ENS_USD",
      "m" : "4611686018430299757"
    }, {
      "d" : "1756456020706940019",
      "t" : 1756456020706,
      "tn" : 1756456020706940019,
      "q" : "0.05",
      "p" : "23.153",
      "s" : "buy",
      "i" : "ENS_USD",
      "m" : "4611686018430299756"
    }, {
      "d" : "1756456014731530090",
      "t" : 1756456014731,
      "tn" : 1756456014731530090,
      "q" : "0.05",
      "p" : "23.153",
      "s" : "buy",
      "i" : "ENS_USD",
      "m" : "4611686018430299755"
    }, {
      "d" : "1756456011291461011",
      "t" : 1756456011291,
      "tn" : 1756456011291461011,
      "q" : "0.14",
      "p" : "23.163",
      "s" : "sell",
      "i" : "ENS_USD",
      "m" : "4611686018430299754"
    }, {
      "d" : "1756456008709015741",
      "t" : 1756456008709,
      "tn" : 1756456008709015741,
      "q" : "0.05",
      "p" : "23.163",
      "s" : "buy",
      "i" : "ENS_USD",
      "m" : "4611686018430299753"
    }, {
      "d" : "1756456002737295893",
      "t" : 1756456002737,
      "tn" : 1756456002737295893,
      "q" : "0.05",
      "p" : "23.163",
      "s" : "buy",
      "i" : "ENS_USD",
      "m" : "4611686018430299752"
    }, {
      "d" : "1756455996708140126",
      "t" : 1756455996708,
      "tn" : 1756455996708140126,
      "q" : "0.05",
      "p" : "23.163",
      "s" : "buy",
      "i" : "ENS_USD",
      "m" : "4611686018430299751"
    }, {
      "d" : "1756455990842667571",
      "t" : 1756455990842,
      "tn" : 1756455990842667571,
      "q" : "0.05",
      "p" : "23.173",
      "s" : "buy",
      "i" : "ENS_USD",
      "m" : "4611686018430299750"
    }, {
      "d" : "1756455982342194470",
      "t" : 1756455982342,
      "tn" : 1756455982342194470,
      "q" : "2.01",
      "p" : "23.173",
      "s" : "sell",
      "i" : "ENS_USD",
      "m" : "4611686018430299749"
    }, {
      "d" : "1756455981674553313",
      "t" : 1756455981674,
      "tn" : 1756455981674553313,
      "q" : "0.05",
      "p" : "23.173",
      "s" : "buy",
      "i" : "ENS_USD",
      "m" : "4611686018430299748"
    }, {
      "d" : "1756455975750859281",
      "t" : 1756455975750,
      "tn" : 1756455975750859281,
      "q" : "0.05",
      "p" : "23.173",
      "s" : "buy",
      "i" : "ENS_USD",
      "m" : "4611686018430299747"
    }, {
      "d" : "1756455969931438661",
      "t" : 1756455969931,
      "tn" : 1756455969931438661,
      "q" : "0.05",
      "p" : "23.173",
      "s" : "buy",
      "i" : "ENS_USD",
      "m" : "4611686018430299746"
    }, {
      "d" : "1756455960666029695",
      "t" : 1756455960666,
      "tn" : 1756455960666029695,
      "q" : "0.05",
      "p" : "23.153",
      "s" : "buy",
      "i" : "ENS_USD",
      "m" : "4611686018430299745"
    }, {
      "d" : "1756455954769109217",
      "t" : 1756455954769,
      "tn" : 1756455954769109217,
      "q" : "0.05",
      "p" : "23.143",
      "s" : "buy",
      "i" : "ENS_USD",
      "m" : "4611686018430299744"
    }, {
      "d" : "1756455949309021807",
      "t" : 1756455949309,
      "tn" : 1756455949309021807,
      "q" : "0.05",
      "p" : "23.143",
      "s" : "buy",
      "i" : "ENS_USD",
      "m" : "4611686018430299743"
    }, {
      "d" : "1756455053391563939",
      "t" : 1756455053391,
      "tn" : 1756455053391563939,
      "q" : "0.02",
      "p" : "23.213",
      "s" : "buy",
      "i" : "ENS_USD",
      "m" : "4611686018430299742"
    }, {
      "d" : "1756454833619658200",
      "t" : 1756454833619,
      "tn" : 1756454833619658200,
      "q" : "0.05",
      "p" : "23.309",
      "s" : "sell",
      "i" : "ENS_USD",
      "m" : "4611686018430299741"
    }, {
      "d" : "1756454827896648818",
      "t" : 1756454827896,
      "tn" : 1756454827896648818,
      "q" : "0.05",
      "p" : "23.309",
      "s" : "sell",
      "i" : "ENS_USD",
      "m" : "4611686018430299740"
    }, {
      "d" : "1756454821776525669",
      "t" : 1756454821776,
      "tn" : 1756454821776525669,
      "q" : "76.03",
      "p" : "23.285",
      "s" : "buy",
      "i" : "ENS_USD",
      "m" : "4611686018430299739"
    }, {
      "d" : "1756454821773856432",
      "t" : 1756454821773,
      "tn" : 1756454821773856432,
      "q" : "0.05",
      "p" : "23.285",
      "s" : "sell",
      "i" : "ENS_USD",
      "m" : "4611686018430299738"
    }, {
      "d" : "1756454815882155763",
      "t" : 1756454815882,
      "tn" : 1756454815882155763,
      "q" : "0.05",
      "p" : "23.299",
      "s" : "sell",
      "i" : "ENS_USD",
      "m" : "4611686018430299737"
    }, {
      "d" : "1756454809853296276",
      "t" : 1756454809853,
      "tn" : 1756454809853296276,
      "q" : "0.05",
      "p" : "23.289",
      "s" : "sell",
      "i" : "ENS_USD",
      "m" : "4611686018430299736"
    }, {
      "d" : "1756454797698157611",
      "t" : 1756454797698,
      "tn" : 1756454797698157611,
      "q" : "0.05",
      "p" : "23.289",
      "s" : "sell",
      "i" : "ENS_USD",
      "m" : "4611686018430299735"
    }, {
      "d" : "1756454791807502951",
      "t" : 1756454791807,
      "tn" : 1756454791807502951,
      "q" : "0.05",
      "p" : "23.289",
      "s" : "sell",
      "i" : "ENS_USD",
      "m" : "4611686018430299734"
    }, {
      "d" : "1756454788185512734",
      "t" : 1756454788185,
      "tn" : 1756454788185512734,
      "q" : "0.05",
      "p" : "23.297",
      "s" : "sell",
      "i" : "ENS_USD",
      "m" : "4611686018430299733"
    }, {
      "d" : "1756454785767024654",
      "t" : 1756454785767,
      "tn" : 1756454785767024654,
      "q" : "0.05",
      "p" : "23.299",
      "s" : "sell",
      "i" : "ENS_USD",
      "m" : "4611686018430299732"
    }, {
      "d" : "1756454779861143247",
      "t" : 1756454779861,
      "tn" : 1756454779861143247,
      "q" : "0.05",
      "p" : "23.309",
      "s" : "sell",
      "i" : "ENS_USD",
      "m" : "4611686018430299731"
    }, {
      "d" : "1756454772811044436",
      "t" : 1756454772811,
      "tn" : 1756454772811044436,
      "q" : "0.05",
      "p" : "23.287",
      "s" : "sell",
      "i" : "ENS_USD",
      "m" : "4611686018430299730"
    }, {
      "d" : "1756454770760820199",
      "t" : 1756454770760,
      "tn" : 1756454770760820199,
      "q" : "0.05",
      "p" : "23.289",
      "s" : "sell",
      "i" : "ENS_USD",
      "m" : "4611686018430299729"
    }, {
      "d" : "1756454764709325424",
      "t" : 1756454764709,
      "tn" : 1756454764709325424,
      "q" : "0.05",
      "p" : "23.299",
      "s" : "sell",
      "i" : "ENS_USD",
      "m" : "4611686018430299728"
    }, {
      "d" : "1756454758822703309",
      "t" : 1756454758822,
      "tn" : 1756454758822703309,
      "q" : "0.05",
      "p" : "23.299",
      "s" : "sell",
      "i" : "ENS_USD",
      "m" : "4611686018430299727"
    }, {
      "d" : "1756454752754015725",
      "t" : 1756454752754,
      "tn" : 1756454752754015725,
      "q" : "0.05",
      "p" : "23.299",
      "s" : "sell",
      "i" : "ENS_USD",
      "m" : "4611686018430299726"
    }, {
      "d" : "1756454746646367033",
      "t" : 1756454746646,
      "tn" : 1756454746646367033,
      "q" : "0.05",
      "p" : "23.299",
      "s" : "sell",
      "i" : "ENS_USD",
      "m" : "4611686018430299725"
    }, {
      "d" : "1756454740966032974",
      "t" : 1756454740966,
      "tn" : 1756454740966032974,
      "q" : "0.05",
      "p" : "23.289",
      "s" : "sell",
      "i" : "ENS_USD",
      "m" : "4611686018430299724"
    }, {
      "d" : "1756454731731225067",
      "t" : 1756454731731,
      "tn" : 1756454731731225067,
      "q" : "0.05",
      "p" : "23.279",
      "s" : "sell",
      "i" : "ENS_USD",
      "m" : "4611686018430299723"
    }, {
      "d" : "1756454727526497403",
      "t" : 1756454727526,
      "tn" : 1756454727526497403,
      "q" : "0.05",
      "p" : "23.267",
      "s" : "sell",
      "i" : "ENS_USD",
      "m" : "4611686018430299722"
    }, {
      "d" : "1756454725739389160",
      "t" : 1756454725739,
      "tn" : 1756454725739389160,
      "q" : "0.05",
      "p" : "23.269",
      "s" : "sell",
      "i" : "ENS_USD",
      "m" : "4611686018430299721"
    }, {
      "d" : "1756454722619522669",
      "t" : 1756454722619,
      "tn" : 1756454722619522669,
      "q" : "0.05",
      "p" : "23.258",
      "s" : "sell",
      "i" : "ENS_USD",
      "m" : "4611686018430299720"
    }, {
      "d" : "1756454719775453195",
      "t" : 1756454719775,
      "tn" : 1756454719775453195,
      "q" : "0.05",
      "p" : "23.259",
      "s" : "sell",
      "i" : "ENS_USD",
      "m" : "4611686018430299719"
    } ]
  }
}