{
  "id" : -1,
  "method" : "public/get-trades",
  "code" : 0,
  "result" : {
    "data" : [ {
      "d" : "1756460823786013409",
      "t" : 1756460823786,
      "tn" : 1756460823786013409,
      "q" : "0.01",
      "p" : "22.978",
      "s" : "sell",
      "i" : "ENSUSD-PERP",
      "m" : "4611686018430629834"
    }, {
      "d" : "1756460725948375645",
      "t" : 1756460725948,
      "tn" : 1756460725948375645,
      "q" : "0.01",
      "p" : "22.950",
      "s" : "sell",
      "i" : "ENSUSD-PERP",
      "m" : "4611686018430629833"
    }, {
      "d" : "1756460702521091202",
      "t" : 1756460702521,
      "tn" : 1756460702521091202,
      "q" : "0.01",
      "p" : "22.953",
      "s" : "sell",
      "i" : "ENSUSD-PERP",
      "m" : "4611686018430629832"
    }, {
      "d" : "1756460281330880087",
      "t" : 1756460281330,
      "tn" : 1756460281330880087,
      "q" : "0.01",
      "p" : "22.960",
      "s" : "sell",
      "i" : "ENSUSD-PERP",
      "m" : "4611686018430629831"
    }, {
      "d" : "1756460114340376839",
      "t" : 1756460114340,
      "tn" : 1756460114340376839,
      "q" : "0.01",
      "p" : "22.969",
      "s" : "sell",
      "i" : "ENSUSD-PERP",
      "m" : "4611686018430629830"
    }, {
      "d" : "1756460088259225044",
      "t" : 1756460088259,
      "tn" : 1756460088259225044,
      "q" : "0.01",
      "p" : "22.966",
      "s" : "sell",
      "i" : "ENSUSD-PERP",
      "m" : "4611686018430629829"
    }, {
      "d" : "1756459953080290549",
      "t" : 1756459953080,
      "tn" : 1756459953080290549,
      "q" : "5.13",
      "p" : "22.989",
      "s" : "buy",
      "i" : "ENSUSD-PERP",
      "m" : "4611686018430629828"
    }, {
      "d" : "1756459952080588240",
      "t" : 1756459952080,
      "tn" : 1756459952080588240,
      "q" : "0.01",
      "p" : "22.970",
      "s" : "buy",
      "i" : "ENSUSD-PERP",
      "m" : "4611686018430629827"
    }, {
      "d" : "1756459951080076573",
      "t" : 1756459951080,
      "tn" : 1756459951080076573,
      "q" : "0.01",
      "p" : "22.963",
      "s" : "buy",
      "i" : "ENSUSD-PERP",
      "m" : "4611686018430629826"
    }, {
      "d" : "1756459950079434874",
      "t" : 1756459950079,
      "tn" : 1756459950079434874,
      "q" : "8.68",
      "p" : "22.990",
      "s" : "buy",
      "i" : "ENSUSD-PERP",
      "m" : "4611686018430629825"
    }, {
      "d" : "1756459949078014401",
      "t" : 1756459949078,
      "tn" : 1756459949078014401,
      "q" : "0.01",
      "p" : "22.968",
      "s" : "buy",
      "i" : "ENSUSD-PERP",
      "m" : "4611686018430629824"
    }, {
      "d" : "1756459948077212000",
      "t" : 1756459948077,
      "tn" : 1756459948077212000,
      "q" : "0.01",
      "p" : "22.970",
      "s" : "buy",
      "i" : "ENSUSD-PERP",
      "m" : "4611686018430629823"
    }, {
      "d" : "1756459947077548349",
      "t" : 1756459947077,
      "tn" : 1756459947077548349,
      "q" : "0.01",
      "p" : "22.970",
      "s" : "buy",
      "i" : "ENSUSD-PERP",
      "m" : "4611686018430629822"
    }, {
      "d" : "1756459946076537092",
      "t" : 1756459946076,
      "tn" : 1756459946076537092,
      "q" : "0.01",
      "p" : "22.970",
      "s" : "buy",
      "i" : "ENSUSD-PERP",
      "m" : "4611686018430629821"
    }, {
      "d" : "1756459945076355837",
      "t" : 1756459945076,
      "tn" : 1756459945076355837,
      "q" : "0.01",
      "p" : "22.967",
      "s" : "buy",
      "i" : "ENSUSD-PERP",
      "m" : "4611686018430629820"
    }, {
      "d" : "1756459944074454626",
      "t" : 1756459944074,
      "tn" : 1756459944074454626,
      "q" : "0.01",
      "p" : "22.978",
      "s" : "buy",
      "i" : "ENSUSD-PERP",
      "m" : "4611686018430629819"
    }, {
      "d" : "1756459943074334832",
      "t" : 1756459943074,
      "tn" : 1756459943074334832,
      "q" : "0.01",
      "p" : "22.974",
      "s" : "buy",
      "i" : "ENSUSD-PERP",
      "m" : "4611686018430629818"
    }, {
      "d" : "1756459942074525375",
      "t" : 1756459942074,
      "tn" : 1756459942074525375,
      "q" : "0.01",
      "p" : "22.977",
      "s" : "buy",
      "i" : "ENSUSD-PERP",
      "m" : "4611686018430629817"
    }, {
      "d" : "1756459941073516726",
      "t" : 1756459941073,
      "tn" : 1756459941073516726,
      "q" : "0.01",
      "p" : "22.979",
      "s" : "buy",
      "i" : "ENSUSD-PERP",
      "m" : "4611686018430629816"
    }, {
      "d" : "1756459940072795118",
      "t" : 1756459940072,
      "tn" : 1756459940072795118,
      "q" : "0.01",
      "p" : "22.983",
      "s" : "buy",
      "i" : "ENSUSD-PERP",
      "m" : "4611686018430629815"
    }, {
      "d" : "1756459939072631187",
      "t" : 1756459939072,
      "tn" : 1756459939072631187,
      "q" : "0.01",
      "p" : "22.983",
      "s" : "buy",
      "i" : "ENSUSD-PERP",
      "m" : "4611686018430629814"
    }, {
      "d" : "1756459938072650388",
      "t" : 1756459938072,
      "tn" : 1756459938072650388,
      "q" : "0.01",
      "p" : "22.984",
      "s" : "buy",
      "i" : "ENSUSD-PERP",
      "m" : "4611686018430629813"
    }, {
      "d" : "1756459937072767714",
      "t" : 1756459937072,
      "tn" : 1756459937072767714,
      "q" : "0.01",
      "p" : "22.984",
      "s" : "buy",
      "i" : "ENSUSD-PERP",
      "m" : "4611686018430629812"
    }, {
      "d" : "1756459936072099648",
      "t" : 1756459936072,
      "tn" : 1756459936072099648,
      "q" : "0.01",
      "p" : "22.984",
      "s" : "buy",
      "i" : "ENSUSD-PERP",
      "m" : "4611686018430629811"
    }, {
      "d" : "1756459935072004371",
      "t" : 1756459935072,
      "tn" : 1756459935072004371,
      "q" : "0.01",
      "p" : "22.982",
      "s" : "buy",
      "i" : "ENSUSD-PERP",
      "m" : "4611686018430629810"
    }, {
      "d" : "1756459934071715920",
      "t" : 1756459934071,
      "tn" : 1756459934071715920,
      "q" : "0.01",
      "p" : "22.990",
      "s" : "buy",
      "i" : "ENSUSD-PERP",
      "m" : "4611686018430629809"
    }, {
      "d" : "1756459933071630922",
      "t" : 1756459933071,
      "tn" : 1756459933071630922,
      "q" : "0.01",
      "p" : "22.983",
      "s" : "buy",
      "i" : "ENSUSD-PERP",
      "m" : "4611686018430629808"
    }, {
      "d" : "1756459932071610620",
      "t" : 1756459932071,
      "tn" : 1756459932071610620,
      "q" : "0.01",
      "p" : "22.987",
      "s" : "buy",
      "i" : "ENSUSD-PERP",
      "m" : "4611686018430629807"
    }, {
      "d" : "1756459928067857401",
      "t" : 1756459928067,
      "tn" : 1756459928067857401,
      "q" : "0.01",
      "p" : "23.000",
      "s" : "buy",
      "i" : "ENSUSD-PERP",
      "m" : "4611686018430629806"
    }, {
      "d" : "1756459924064728536",
      "t" : 1756459924064,
      "tn" : 1756459924064728536,
      "q" : "0.01",
      "p" : "22.995",
      "s" : "buy",
      "i" : "ENSUSD-PERP",
      "m" : "4611686018430629805"
    }, {
      "d" : "1756459923064377042",
      "t" : 1756459923064,
      "tn" : 1756459923064377042,
      "q" : "0.01",
      "p" : "22.995",
      "s" : "buy",
      "i" : "ENSUSD-PERP",
      "m" : "4611686018430629804"
    }, {
      "d" : "1756459922063498516",
      "t" : 1756459922063,
      "tn" : 1756459922063498516,
      "q" : "0.01",
      "p" : "22.995",
      "s" : "buy",
      "i" : "ENSUSD-PERP",
      "m" : "4611686018430629803"
    }, {
      "d" : "1756459921063282691",
      "t" : 1756459921063,
      "tn" : 1756459921063282691,
      "q" : "0.01",
      "p" : "22.993",
      "s" : "buy",
      "i" : "ENSUSD-PERP",
      "m" : "4611686018430629802"
    }, {
      "d" : "1756459920062191055",
      "t" : 1756459920062,
      "tn" : 1756459920062191055,
      "q" : "0.01",
      "p" : "22.995",
      "s" : "buy",
      "i" : "ENSUSD-PERP",
      "m" : "4611686018430629801"
    }, {
      "d" : "1756459919062247472",
      "t" : 1756459919062,
      "tn" : 1756459919062247472,
      "q" : "0.01",
      "p" : "22.995",
      "s" : "buy",
      "i" : "ENSUSD-PERP",
      "m" : "4611686018430629800"
    }, {
      "d" : "1756459918061704385",
      "t" : 1756459918061,
      "tn" : 1756459918061704385,
      "q" : "0.01",
      "p" : "23.002",
      "s" : "buy",
      "i" : "ENSUSD-PERP",
      "m" : "4611686018430629799"
    }, {
      "d" : "1756459917059670835",
      "t" : 1756459917059,
      "tn" : 1756459917059670835,
      "q" : "0.01",
      "p" : "23.000",
      "s" : "buy",
      "i" : "ENSUSD-PERP",
      "m" : "4611686018430629798"
    }, {
      "d" : "1756459916059482295",
      "t" : 1756459916059,
      "tn" : 1756459916059482295,
      "q" : "0.01",
      "p" : "23.000",
      "s" : "buy",
      "i" : "ENSUSD-PERP",
      "m" : "4611686018430629797"
    }, {
      "d" : "1756459915058889789",
      "t" : 1756459915058,
      "tn" : 1756459915058889789,
      "q" : "0.01",
      "p" : "23.000",
      "s" : "buy",
      "i" : "ENSUSD-PERP",
      "m" : "4611686018430629796"
    }, {
      "d" : "1756459914059229389",
      "t" : 1756459914059,
      "tn" : 1756459914059229389,
      "q" : "0.01",
      "p" : "23.000",
      "s" : "buy",
      "i" : "ENSUSD-PERP",
      "m" : "4611686018430629795"
    }, {
      "d" : "1756459913058766387",
      "t" : 1756459913058,
      "tn" : 1756459913058766387,
      "q" : "0.01",
      "p" : "22.985",
      "s" : "buy",
      "i" : "ENSUSD-PERP",
      "m" : "4611686018430629794"
    }, {
      "d" : "1756459912058659560",
      "t" : 1756459912058,
      "tn" : 1756459912058659560,
      "q" : "0.01",
      "p" : "22.983",
      "s" : "buy",
      "i" : "ENSUSD-PERP",
      "m" : "4611686018430629793"
    }, {
      "d" : "1756459911058600997",
      "t" : 1756459911058,
      "tn" : 1756459911058600997,
      "q" : "0.01",
      "p" : "22.981",
      "s" : "buy",
      "i" : "ENSUSD-PERP",
      "m" : "4611686018430629792"
    }, {
      "d" : "1756459910058133638",
      "t" : 1756459910058,
      "tn" : 1756459910058133638,
      "q" : "0.01",
      "p" : "22.983",
      "s" : "buy",
      "i" : "ENSUSD-PERP",
      "m" : "4611686018430629791"
    }, {
      "d" : "1756459909057217783",
      "t" : 1756459909057,
      "tn" : 1756459909057217783,
      "q" : "0.01",
      "p" : "22.985",
      "s" : "buy",
      "i" : "ENSUSD-PERP",
      "m" : "4611686018430629790"
    }, {
      "d" : "1756459908056026665",
      "t" : 1756459908056,
      "tn" : 1756459908056026665,
      "q" : "0.01",
      "p" : "22.989",
      "s" : "buy",
      "i" : "ENSUSD-PERP",
      "m" : "4611686018430629789"
    }, {
      "d" : "1756459907055328019",
      "t" : 1756459907055,
      "tn" : 1756459907055328019,
      "q" : "0.01",
      "p" : "22.989",
      "s" : "buy",
      "i" : "ENSUSD-PERP",
      "m" : "4611686018430629788"
    }, {
      "d" : "1756459906054908487",
      "t" : 1756459906054,
      "tn" : 1756459906054908487,
      "q" : "0.01",
      "p" : "22.989",
      "s" : "buy",
      "i" : "ENSUSD-PERP",
      "m" : "4611686018430629787"
    }, {
      "d" : "1756459905054762717",
      "t" : 1756459905054,
      "tn" : 1756459905054762717,
      "q" : "0.01",
      "p" : "22.991",
      "s" : "buy",
      "i" : "ENSUSD-PERP",
      "m" : "4611686018430629786"
    }, {
      "d" : "1756459904054039088",
      "t" : 1756459904054,
      "tn" : 1756459904054039088,
      "q" : "0.01",
      "p" : "22.997",
      "s" : "buy",
      "i" : "ENSUSD-PERP",
      "m" : "4611686018430629785"
    }, {
      "d" : "1756459903052309530",
      "t" : 1756459903052,
      "tn" : 1756459903052309530,
      "q" : "0.01",
      "p" : "22.999",
      "s" : "buy",
      "i" : "ENSUSD-PERP",
      "m" : "4611686018430629784"
    }, {
      "d" : "1756459902051651366",
      "t" : 1756459902051,
      "tn" : 1756459902051651366,
      "q" : "0.01",
      "p" : "22.999",
      "s" : "buy",
      "i" : "ENSUSD-PERP",
      "m" : "4611686018430629783"
    }, {
      "d" : "1756459901050679515",
      "t" : 1756459901050,
      "tn" : 1756459901050679515,
      "q" : "0.01",
      "p" : "22.996",
      "s" : "buy",
      "i" : "ENSUSD-PERP",
      "m" : "4611686018430629782"
    }, {
      "d" : "1756459900048732709",
      "t" : 1756459900048,
      "tn" : 1756459900048732709,
      "q" : "0.01",
      "p" : "23.003",
      "s" : "buy",
      "i" : "ENSUSD-PERP",
      "m" : "4611686018430629781"
    }, {
      "d" : "1756459899048222906",
      "t" : 1756459899048,
      "tn" : 1756459899048222906,
      "q" : "0.01",
      "p" : "23.007",
      "s" : "buy",
      "i" : "ENSUSD-PERP",
      "m" : "4611686018430629780"
    }, {
      "d" : "1756459898047799185",
      "t" : 1756459898047,
      "tn" : 1756459898047799185,
      "q" : "0.01",
      "p" : "23.005",
      "s" : "buy",
      "i" : "ENSUSD-PERP",
      "m" : "4611686018430629779"
    }, {
      "d" : "1756459897047451198",
      "t" : 1756459897047,
      "tn" : 1756459897047451198,
      "q" : "0.01",
      "p" : "23.003",
      "s" : "buy",
      "i" : "ENSUSD-PERP",
      "m" : "4611686018430629778"
    }, {
      "d" : "1756459896046344773",
      "t" : 1756459896046,
      "tn" : 1756459896046344773,
      "q" : "0.01",
      "p" : "23.005",
      "s" : "buy",
      "i" : "ENSUSD-PERP",
      "m" : "4611686018430629777"
    }, {
      "d" : "1756459895044475624",
      "t" : 1756459895044,
      "tn" : 1756459895044475624,
      "q" : "0.01",
      "p" : "23.007",
      "s" : "buy",
      "i" : "ENSUSD-PERP",
      "m" : "4611686018430629776"
    }, {
      "d" : "1756459894044413473",
      "t" : 1756459894044,
      "tn" : 1756459894044413473,
      "q" : "0.01",
      "p" : "23.005",
      "s" : "buy",
      "i" : "ENSUSD-PERP",
      "m" : "4611686018430629775"
    }, {
      "d" : "1756459893042910987",
      "t" : 1756459893042,
      "tn" : 1756459893042910987,
      "q" : "0.01",
      "p" : "23.007",
      "s" : "buy",
      "i" : "ENSUSD-PERP",
      "m" : "4611686018430629774"
    }, {
      "d" : "1756459892042657807",
      "t" : 1756459892042,
      "tn" : 1756459892042657807,
      "q" : "0.01",
      "p" : "23.005",
      "s" : "buy",
      "i" : "ENSUSD-PERP",
      "m" : "4611686018430629773"
    }, {
      "d" : "1756459891042600602",
      "t" : 1756459891042,
      "tn" : 1756459891042600602,
      "q" : "0.01",
      "p" : "23.005",
      "s" : "buy",
      "i" : "ENSUSD-PERP",
      "m" : "4611686018430629772"
    }, {
      "d" : "1756459890042231889",
      "t" : 1756459890042,
      "tn" : 1756459890042231889,
      "q" : "0.01",
      "p" : "23.014",
      "s" : "buy",
      "i" : "ENSUSD-PERP",
      "m" : "4611686018430629771"
    }, {
      "d" : "1756459889042443046",
      "t" : 1756459889042,
      "tn" : 1756459889042443046,
      "q" : "0.01",
      "p" : "23.003",
      "s" : "buy",
      "i" : "ENSUSD-PERP",
      "m" : "4611686018430629770"
    }, {
      "d" : "1756459888040926300",
      "t" : 1756459888040,
      "tn" : 1756459888040926300,
      "q" : "0.01",
      "p" : "23.003",
      "s" : "buy",
      "i" : "ENSUSD-PERP",
      "m" : "4611686018430629769"
    }, {
      "d" : "1756459884037844445",
      "t" : 1756459884037,
      "tn" : 1756459884037844445,
      "q" : "0.01",
      "p" : "23.017",
      "s" : "buy",
      "i" : "ENSUSD-PERP",
      "m" : "4611686018430629768"
    }, {
      "d" : "1756459883037272310",
      "t" : 1756459883037,
      "tn" : 1756459883037272310,
      "q" : "0.01",
      "p" : "23.015",
      "s" : "buy",
      "i" : "ENSUSD-PERP",
      "m" : "4611686018430629767"
    }, {
      "d" : "1756459882751955056",
      "t" : 1756459882751,
      "tn" : 1756459882751955056,
      "q" : "2.75",
      "p" : "23.029",
      "s" : "buy",
      "i" : "ENSUSD-PERP",
      "m" : "4611686018430629766"
    }, {
      "d" : "1756459882747953370",
      "t" : 1756459882747,
      "tn" : 1756459882747953370,
      "q" : "0.58",
      "p" : "23.029",
      "s" : "buy",
      "i" : "ENSUSD-PERP",
      "m" : "4611686018430629765"
    }, {
      "d" : "1756459882747951081",
      "t" : 1756459882747,
      "tn" : 1756459882747951081,
      "q" : "0.01",
      "p" : "23.020",
      "s" : "buy",
      "i" : "ENSUSD-PERP",
      "m" : "4611686018430629764"
    }, {
      "d" : "1756459882747948697",
      "t" : 1756459882747,
      "tn" : 1756459882747948697,
      "q" : "0.01",
      "p" : "23.009",
      "s" : "buy",
      "i" : "ENSUSD-PERP",
      "m" : "4611686018430629763"
    }, {
      "d" : "1756459882036785223",
      "t" : 1756459882036,
      "tn" : 1756459882036785223,
      "q" : "0.01",
      "p" : "23.007",
      "s" : "buy",
      "i" : "ENSUSD-PERP",
      "m" : "4611686018430629762"
    }, {
      "d" : "1756459881036558090",
      "t" : 1756459881036,
      "tn" : 1756459881036558090,
      "q" : "0.01",
      "p" : "23.005",
      "s" : "buy",
      "i" : "ENSUSD-PERP",
      "m" : "4611686018430629761"
    }, {
      "d" : "1756459880036225677",
      "t" : 1756459880036,
      "tn" : 1756459880036225677,
      "q" : "0.01",
      "p" : "22.997",
      "s" : "buy",
      "i" : "ENSUSD-PERP",
      "m" : "4611686018430629760"
    }, {
      "d" : "1756459879035014771",
      "t" : 1756459879035,
      "tn" : 1756459879035014771,
      "q" : "0.01",
      "p" : "22.993",
      "s" : "buy",
      "i" : "ENSUSD-PERP",
      "m" : "4611686018430629759"
    }, {
      "d" : "1756459878034216255",
      "t" : 1756459878034,
      "tn" : 1756459878034216255,
      "q" : "0.01",
      "p" : "23.001",
      "s" : "buy",
      "i" : "ENSUSD-PERP",
      "m" : "4611686018430629758"
    }, {
      "d" : "1756459877033675633",
      "t" : 1756459877033,
      "tn" : 1756459877033675633,
      "q" : "0.01",
      "p" : "23.011",
      "s" : "buy",
      "i" : "ENSUSD-PERP",
      "m" : "4611686018430629757"
    }, {
      "d" : "1756459876033167307",
      "t" : 1756459876033,
      "tn" : 1756459876033167307,
      "q" : "0.01",
      "p" : "23.016",
      "s" : "buy",
      "i" : "ENSUSD-PERP",
      "m" : "4611686018430629756"
    }, {
      "d" : "1756459875032885860",
      "t" : 1756459875032,
      "tn" : 1756459875032885860,
      "q" : "0.01",
      "p" : "23.029",
      "s" : "buy",
      "i" : "ENSUSD-PERP",
      "m" : "4611686018430629755"
    }, {
      "d" : "1756459874031404872",
      "t" : 1756459874031,
      "tn" : 1756459874031404872,
      "q" : "0.01",
      "p" : "23.033",
      "s" : "buy",
      "i" : "ENSUSD-PERP",
      "m" : "4611686018430629754"
    }, {
      "d" : "1756459873030654039",
      "t" : 1756459873030,
      "tn" : 1756459873030654039,
      "q" : "0.01",
      "p" : "23.039",
      "s" : "buy",
      "i" : "ENSUSD-PERP",
      "m" : "4611686018430629753"
    }, {
      "d" : "1756459872029982382",
      "t" : 1756459872029,
      "tn" : 1756459872029982382,
      "q" : "0.01",
      "p" : "23.041",
      "s" : "buy",
      "i" : "ENSUSD-PERP",
      "m" : "4611686018430629752"
    }, {
      "d" : "1756459871028357763",
      "t" : 1756459871028,
      "tn" : 1756459871028357763,
      "q" : "0.01",
      "p" : "23.041",
      "s" : "buy",
      "i" : "ENSUSD-PERP",
      "m" : "4611686018430629751"
    }, {
      "d" : "1756459870038491856",
      "t" : 1756459870038,
      "tn" : 1756459870038491856,
      "q" : "1.84",
      "p" : "23.062",
      "s" : "buy",
      "i" : "ENSUSD-PERP",
      "m" : "4611686018430629750"
    }, {
      "d" : "1756459870038490413",
      "t" : 1756459870038,
      "tn" : 1756459870038490413,
      "q" : "0.01",
      "p" : "23.050",
      "s" : "buy",
      "i" : "ENSUSD-PERP",
      "m" : "4611686018430629749"
    }, {
      "d" : "1756459870027672708",
      "t" : 1756459870027,
      "tn" : 1756459870027672708,
      "q" : "0.01",
      "p" : "23.041",
      "s" : "buy",
      "i" : "ENSUSD-PERP",
      "m" : "4611686018430629748"
    }, {
      "d" : "1756459869041034017",
      "t" : 1756459869041,
      "tn" : 1756459869041034017,
      "q" : "1.84",
      "p" : "23.064",
      "s" : "buy",
      "i" : "ENSUSD-PERP",
      "m" : "4611686018430629747"
    }, {
      "d" : "1756459869041032514",
      "t" : 1756459869041,
      "tn" : 1756459869041032514,
      "q" : "0.01",
      "p" : "23.050",
      "s" : "buy",
      "i" : "ENSUSD-PERP",
      "m" : "4611686018430629746"
    }, {
      "d" : "1756459869026540155",
      "t" : 1756459869026,
      "tn" : 1756459869026540155,
      "q" : "0.01",
      "p" : "23.041",
      "s" : "buy",
      "i" : "ENSUSD-PERP",
      "m" : "4611686018430629745"
    }, {
      "d" : "1756459868289070577",
      "t" : 1756459868289,
      "tn" : 1756459868289070577,
      "q" : "1.16",
      "p" : "23.066",
      "s" : "buy",
      "i" : "ENSUSD-PERP",
      "m" : "4611686018430629744"
    }, {
      "d" : "1756459868289068984",
      "t" : 1756459868289,
      "tn" : 1756459868289068984,
      "q" : "0.01",
      "p" : "23.050",
      "s" : "buy",
      "i" : "ENSUSD-PERP",
      "m" : "4611686018430629743"
    }, {
      "d" : "1756459868025868836",
      "t" : 1756459868025,
      "tn" : 1756459868025868836,
      "q" : "0.01",
      "p" : "23.041",
      "s" : "buy",
      "i" : "ENSUSD-PERP",
      "m" : "4611686018430629742"
    }, {
      "d" : "1756459867025129054",
      "t" : 1756459867025,
      "tn" : 1756459867025129054,
      "q" : "0.01",
      "p" : "23.041",
      "s" : "buy",
      "i" : "ENSUSD-PERP",
      "m" : "4611686018430629741"
    }, {
      "d" : "1756459866024416864",
      "t" : 1756459866024,
      "tn" : 1756459866024416864,
      "q" : "0.01",
      "p" : "23.041",
      "s" : "buy",
      "i" : "ENSUSD-PERP",
      "m" : "4611686018430629740"
    }, {
      "d" : "1756459865022974110",
      "t" : 1756459865022,
      "tn" : 1756459865022974110,
      "q" : "0.01",
      "p" : "23.043",
      "s" : "buy",
      "i" : "ENSUSD-PERP",
      "m" : "4611686018430629739"
    }, {
      "d" : "1756459864032769929",
      "t" : 1756459864032,
      "tn" : 1756459864032769929,
      "q" : "5.41",
      "p" : "23.067",
      "s" : "buy",
      "i" : "ENSUSD-PERP",
      "m" : "4611686018430629738"
    }, {
      "d" : "1756459864026908094",
      "t" : 1756459864026,
      "tn" : 1756459864026908094,
      "q" : "0.55",
      "p" : "23.067",
      "s" : "buy",
      "i" : "ENSUSD-PERP",
      "m" : "4611686018430629737"
    }, {
      "d" : "1756459864023591396",
      "t" : 1756459864023,
      "tn" : 1756459864023591396,
      "q" : "4.06",
      "p" : "23.067",
      "s" : "buy",
      "i" : "ENSUSD-PERP",
      "m" : "4611686018430629736"
    }, {
      "d" : "1756459864023588371",
      "t" : 1756459864023,
      "tn" : 1756459864023588371,
      "q" : "0.01",
      "p" : "23.052",
      "s" : "buy",
      "i" : "ENSUSD-PERP",
      "m" : "4611686018430629735"
    }, {
      "d" : "1756459864023585687",
      "t" : 1756459864023,
      "tn" : 1756459864023585687,
      "q" : "0.01",
      "p" : "23.041",
      "s" : "buy",
      "i" : "ENSUSD-PERP",
      "m" : "4611686018430629734"
    }, {
      "d" : "1756459807845720782",
      "t" : 1756459807845,
      "tn" : 1756459807845720782,
      "q" : "8.68",
      "p" : "23.035",
      "s" : "sell",
      "i" : "ENSUSD-PERP",
      "m" : "4611686018430629733"
    }, {
      "d" : "1756459760101167269",
      "t" : 1756459760101,
      "tn" : 1756459760101167269,
      "q" : "0.01",
      "p" : "22.994",
      "s" : "sell",
      "i" : "ENSUSD-PERP",
      "m" : "4611686018430629732"
    }, {
      "d" : "1756459521196237441",
      "t" : 1756459521196,
      "tn" : 1756459521196237441,
      "q" : "0.01",
      "p" : "22.976",
      "s" : "sell",
      "i" : "ENSUSD-PERP",
      "m" : "4611686018430629731"
    }, {
      "d" : "1756459375326949889",
      "t" : 1756459375326,
      "tn" : 1756459375326949889,
      "q" : "0.01",
      "p" : "23.002",
      "s" : "sell",
      "i" : "ENSUSD-PERP",
      "m" : "4611686018430629730"
    }, {
      "d" : "1756459365321376165",
      "t" : 1756459365321,
      "tn" : 1756459365321376165,
      "q" : "0.01",
      "p" : "23.000",
      "s" : "sell",
      "i" : "ENSUSD-PERP",
      "m" : "4611686018430629729"
    }, {
      "d" : "1756459355262133357",
      "t" : 1756459355262,
      "tn" : 1756459355262133357,
      "q" : "0.01",
      "p" : "23.010",
      "s" : "sell",
      "i" : "ENSUSD-PERP",
      "m" : "4611686018430629728"
    }, {
      "d" : "1756459332295902716",
      "t" : 1756459332295,
      "tn" : 1756459332295902716,
      "q" : "0.01",
      "p" : "23.008",
      "s" : "sell",
      "i" : "ENSUSD-PERP",
      "m" : "4611686018430629727"
    }, {
      "d" : "1756459318364701472",
      "t" : 1756459318364,
      "tn" : 1756459318364701472,
      "q" : "0.01",
      "p" : "23.020",
      "s" : "sell",
      "i" : "ENSUSD-PERP",
      "m" : "4611686018430629726"
    }, {
      "d" : "1756459318240631721",
      "t" : 1756459318240,
      "tn" : 1756459318240631721,
      "q" : "0.01",
      "p" : "23.018",
      "s" : "sell",
      "i" : "ENSUSD-PERP",
      "m" : "4611686018430629725"
    }, {
      "d" : "1756459282939775838",
      "t" : 1756459282939,
      "tn" : 1756459282939775838,
      "q" : "0.01",
      "p" : "23.000",
      "s" : "sell",
      "i" : "ENSUSD-PERP",
      "m" : "4611686018430629724"
    }, {
      "d" : "1756459258563034022",
      "t" : 1756459258563,
      "tn" : 1756459258563034022,
      "q" : "0.01",
      "p" : "23.014",
      "s" : "sell",
      "i" : "ENSUSD-PERP",
      "m" : "4611686018430629723"
    }, {
      "d" : "1756459191077351836",
      "t" : 1756459191077,
      "tn" : 1756459191077351836,
      "q" : "0.01",
      "p" : "23.012",
      "s" : "sell",
      "i" : "ENSUSD-PERP",
      "m" : "4611686018430629722"
    }, {
      "d" : "1756459181039485692",
      "t" : 1756459181039,
      "tn" : 1756459181039485692,
      "q" : "0.01",
      "p" : "22.988",
      "s" : "sell",
      "i" : "ENSUSD-PERP",
      "m" : "4611686018430629721"
    }, {
      "d" : "1756459171022529234",
      "t" : 1756459171022,
      "tn" : 1756459171022529234,
      "q" : "0.01",
      "p" : "22.984",
      "s" : "sell",
      "i" : "ENSUSD-PERP",
      "m" : "4611686018430629720"
    }, {
      "d" : "1756459160986744126",
      "t" : 1756459160986,
      "tn" : 1756459160986744126,
      "q" : "0.01",
      "p" : "22.980",
      "s" : "sell",
      "i" : "ENSUSD-PERP",
      "m" : "4611686018430629719"
    }, {
      "d" : "1756459087782229698",
      "t" : 1756459087782,
      "tn" : 1756459087782229698,
      "q" : "0.01",
      "p" : "22.974",
      "s" : "sell",
      "i" : "ENSUSD-PERP",
      "m" : "4611686018430629718"
    }, {
      "d" : "1756458780075275078",
      "t" : 1756458780075,
      "tn" : 1756458780075275078,
      "q" : "0.01",
      "p" : "22.946",
      "s" : "sell",
      "i" : "ENSUSD-PERP",
      "m" : "4611686018430629717"
    }, {
      "d" : "1756458366610598806",
      "t" : 1756458366610,
      "tn" : 1756458366610598806,
      "q" : "0.01",
      "p" : "22.886",
      "s" : "sell",
      "i" : "ENSUSD-PERP",
      "m" : "4611686018430629716"
    }, {
      "d" : "1756458220846878313",
      "t" : 1756458220846,
      "tn" : 1756458220846878313,
      "q" : "7.29",
      "p" : "22.845",
      "s" : "sell",
      "i" : "ENSUSD-PERP",
      "m" : "4611686018430629715"
    }, {
      "d" : "1756458220846876655",
      "t" : 1756458220846,
      "tn" : 1756458220846876655,
      "q" : "0.01",
      "p" : "22.846",
      "s" : "sell",
      "i" : "ENSUSD-PERP",
      "m" : "4611686018430629714"
    }, {
      "d" : "1756458210274725469",
      "t" : 1756458210274,
      "tn" : 1756458210274725469,
      "q" : "8.74",
      "p" : "22.855",
      "s" : "sell",
      "i" : "ENSUSD-PERP",
      "m" : "4611686018430629713"
    }, {
      "d" : "1756458210274723651",
      "t" : 1756458210274,
      "tn" : 1756458210274723651,
      "q" : "0.01",
      "p" : "22.856",
      "s" : "sell",
      "i" : "ENSUSD-PERP",
      "m" : "4611686018430629712"
    }, {
      "d" : "1756458179389947094",
      "t" : 1756458179389,
      "tn" : 1756458179389947094,
      "q" : "0.01",
      "p" : "22.836",
      "s" : "sell",
      "i" : "ENSUSD-PERP",
      "m" : "4611686018430629711"
    }, {
      "d" : "1756458135888579348",
      "t" : 1756458135888,
      "tn" : 1756458135888579348,
      "q" : "0.01",
      "p" : "22.896",
      "s" : "sell",
      "i" : "ENSUSD-PERP",
      "m" : "4611686018430629710"
    }, {
      "d" : "1756457989089331702",
      "t" : 1756457989089,
      "tn" : 1756457989089331702,
      "q" : "0.01",
      "p" : "22.940",
      "s" : "sell",
      "i" : "ENSUSD-PERP",
      "m" : "4611686018430629709"
    }, {
      "d" : "1756457976619372214",
      "t" : 1756457976619,
      "tn" : 1756457976619372214,
      "q" : "0.01",
      "p" : "22.936",
      "s" : "sell",
      "i" : "ENSUSD-PERP",
      "m" : "4611686018430629708"
    }, {
      "d" : "1756457861085308671",
      "t" : 1756457861085,
      "tn" : 1756457861085308671,
      "q" : "8.72",
      "p" : "22.905",
      "s" : "sell",
      "i" : "ENSUSD-PERP",
      "m" : "4611686018430629707"
    }, {
      "d" : "1756457861085307153",
      "t" : 1756457861085,
      "tn" : 1756457861085307153,
      "q" : "0.01",
      "p" : "22.906",
      "s" : "sell",
      "i" : "ENSUSD-PERP",
      "m" : "4611686018430629706"
    }, {
      "d" : "1756457720805029838",
      "t" : 1756457720805,
      "tn" : 1756457720805029838,
      "q" : "0.01",
      "p" : "22.964",
      "s" : "sell",
      "i" : "ENSUSD-PERP",
      "m" : "4611686018430629705"
    }, {
      "d" : "1756455363590911373",
      "t" : 1756455363590,
      "tn" : 1756455363590911373,
      "q" : "0.01",
      "p" : "23.177",
      "s" : "sell",
      "i" : "ENSUSD-PERP",
      "m" : "4611686018430629704"
    }, {
      "d" : "1756455363590329832",
      "t" : 1756455363590,
      "tn" : 1756455363590329830,
      "q" : "6.00",
      "p" : "23.185",
      "s" : "sell",
      "i" : "ENSUSD-PERP",
      "m" : "4611686018430629703"
    }, {
      "d" : "1756455363590329831",
      "t" : 1756455363590,
      "tn" : 1756455363590329830,
      "q" : "0.01",
      "p" : "23.185",
      "s" : "sell",
      "i" : "ENSUSD-PERP",
      "m" : "4611686018430629703"
    }, {
      "d" : "1756455363590329830",
      "t" : 1756455363590,
      "tn" : 1756455363590329830,
      "q" : "8.62",
      "p" : "23.185",
      "s" : "sell",
      "i" : "ENSUSD-PERP",
      "m" : "4611686018430629703"
    }, {
      "d" : "1756454821137006777",
      "t" : 1756454821137,
      "tn" : 1756454821137006777,
      "q" : "0.01",
      "p" : "23.300",
      "s" : "sell",
      "i" : "ENSUSD-PERP",
      "m" : "4611686018430629702"
    }, {
      "d" : "1756454783047281269",
      "t" : 1756454783047,
      "tn" : 1756454783047281268,
      "q" : "8.58",
      "p" : "23.298",
      "s" : "sell",
      "i" : "ENSUSD-PERP",
      "m" : "4611686018430629701"
    }, {
      "d" : "1756454783047281268",
      "t" : 1756454783047,
      "tn" : 1756454783047281268,
      "q" : "0.01",
      "p" : "23.298",
      "s" : "sell",
      "i" : "ENSUSD-PERP",
      "m" : "4611686018430629701"
    }, {
      "d" : "1756454648735454900",
      "t" : 1756454648735,
      "tn" : 1756454648735454900,
      "q" : "7.48",
      "p" : "23.300",
      "s" : "sell",
      "i" : "ENSUSD-PERP",
      "m" : "4611686018430629700"
    }, {
      "d" : "1756454648734859848",
      "t" : 1756454648734,
      "tn" : 1756454648734859848,
      "q" : "1.10",
      "p" : "23.300",
      "s" : "sell",
      "i" : "ENSUSD-PERP",
      "m" : "4611686018430629699"
    }, {
      "d" : "1756454590307181352",
      "t" : 1756454590307,
      "tn" : 1756454590307181352,
      "q" : "0.01",
      "p" : "23.360",
      "s" : "sell",
      "i" : "ENSUSD-PERP",
      "m" : "4611686018430629698"
    }, {
      "d" : "1756454564142101269",
      "t" : 1756454564142,
      "tn" : 1756454564142101269,
      "q" : "0.01",
      "p" : "23.370",
      "s" : "sell",
      "i" : "ENSUSD-PERP",
      "m" : "4611686018430629697"
    }, {
      "d" : "1756454518129969972",
      "t" : 1756454518129,
      "tn" : 1756454518129969972,
      "q" : "0.01",
      "p" : "23.366",
      "s" : "sell",
      "i" : "ENSUSD-PERP",
      "m" : "4611686018430629696"
    }, {
      "d" : "1756454417413738912",
      "t" : 1756454417413,
      "tn" : 1756454417413738912,
      "q" : "8.58",
      "p" : "23.280",
      "s" : "sell",
      "i" : "ENSUSD-PERP",
      "m" : "4611686018430629695"
    }, {
      "d" : "1756454417413736896",
      "t" : 1756454417413,
      "tn" : 1756454417413736896,
      "q" : "0.01",
      "p" : "23.284",
      "s" : "sell",
      "i" : "ENSUSD-PERP",
      "m" : "4611686018430629694"
    }, {
      "d" : "1756454321090121688",
      "t" : 1756454321090,
      "tn" : 1756454321090121687,
      "q" : "8.60",
      "p" : "23.245",
      "s" : "sell",
      "i" : "ENSUSD-PERP",
      "m" : "4611686018430629693"
    }, {
      "d" : "1756454321090121687",
      "t" : 1756454321090,
      "tn" : 1756454321090121687,
      "q" : "0.01",
      "p" : "23.245",
      "s" : "sell",
      "i" : "ENSUSD-PERP",
      "m" : "4611686018430629693"
    }, {
      "d" : "1756453834001191732",
      "t" : 1756453834001,
      "tn" : 1756453834001191732,
      "q" : "14.92",
      "p" : "23.368",
      "s" : "buy",
      "i" : "ENSUSD-PERP",
      "m" : "4611686018430629692"
    }, {
      "d" : "1756453833999330818",
      "t" : 1756453833999,
      "tn" : 1756453833999330818,
      "q" : "0.01",
      "p" : "23.326",
      "s" : "buy",
      "i" : "ENSUSD-PERP",
      "m" : "4611686018430629691"
    }, {
      "d" : "1756453833999329315",
      "t" : 1756453833999,
      "tn" : 1756453833999329315,
      "q" : "0.01",
      "p" : "23.303",
      "s" : "buy",
      "i" : "ENSUSD-PERP",
      "m" : "4611686018430629690"
    }, {
      "d" : "1756453630189306883",
      "t" : 1756453630189,
      "tn" : 1756453630189306883,
      "q" : "0.01",
      "p" : "23.344",
      "s" : "sell",
      "i" : "ENSUSD-PERP",
      "m" : "4611686018430629689"
    } ]
  }
}