{
  "id" : -1,
  "method" : "public/get-trades",
  "code" : 0,
  "result" : {
    "data" : [ {
      "d" : "1756458210912450867",
      "t" : 1756458210912,
      "tn" : 1756458210912450867,
      "q" : "0.7",
      "p" : "2.3550",
      "s" : "sell",
      "i" : "EPIC_USD",
      "m" : "4611686018427401371"
    }, {
      "d" : "1756458167896030392",
      "t" : 1756458167896,
      "tn" : 1756458167896030392,
      "q" : "2.3",
      "p" : "2.3634",
      "s" : "sell",
      "i" : "EPIC_USD",
      "m" : "4611686018427401370"
    }, {
      "d" : "1756458167033078435",
      "t" : 1756458167033,
      "tn" : 1756458167033078435,
      "q" : "3.4",
      "p" : "2.3634",
      "s" : "sell",
      "i" : "EPIC_USD",
      "m" : "4611686018427401369"
    }, {
      "d" : "1756431779254498078",
      "t" : 1756431779254,
      "tn" : 1756431779254498078,
      "q" : "73.9",
      "p" : "2.4342",
      "s" : "sell",
      "i" : "EPIC_USD",
      "m" : "4611686018427401368"
    }, {
      "d" : "1756431779254495798",
      "t" : 1756431779254,
      "tn" : 1756431779254495798,
      "q" : "102.5",
      "p" : "2.4343",
      "s" : "sell",
      "i" : "EPIC_USD",
      "m" : "4611686018427401367"
    }, {
      "d" : "1756431779254493421",
      "t" : 1756431779254,
      "tn" : 1756431779254493421,
      "q" : "3.3",
      "p" : "2.4344",
      "s" : "sell",
      "i" : "EPIC_USD",
      "m" : "4611686018427401366"
    }, {
      "d" : "1756431779254490089",
      "t" : 1756431779254,
      "tn" : 1756431779254490089,
      "q" : "0.5",
      "p" : "2.4532",
      "s" : "sell",
      "i" : "EPIC_USD",
      "m" : "4611686018427401365"
    }, {
      "d" : "1756419922970095995",
      "t" : 1756419922970,
      "tn" : 1756419922970095995,
      "q" : "862.1",
      "p" : "2.4553",
      "s" : "buy",
      "i" : "EPIC_USD",
      "m" : "4611686018427401364"
    }, {
      "d" : "1756419922970093640",
      "t" : 1756419922970,
      "tn" : 1756419922970093640,
      "q" : "101.7",
      "p" : "2.4546",
      "s" : "buy",
      "i" : "EPIC_USD",
      "m" : "4611686018427401363"
    }, {
      "d" : "1756419922970089886",
      "t" : 1756419922970,
      "tn" : 1756419922970089885,
      "q" : "190.8",
      "p" : "2.4545",
      "s" : "buy",
      "i" : "EPIC_USD",
      "m" : "4611686018427401362"
    }, {
      "d" : "1756419922970089885",
      "t" : 1756419922970,
      "tn" : 1756419922970089885,
      "q" : "3.7",
      "p" : "2.4545",
      "s" : "buy",
      "i" : "EPIC_USD",
      "m" : "4611686018427401362"
    }, {
      "d" : "1756395221793384666",
      "t" : 1756395221793,
      "tn" : 1756395221793384666,
      "q" : "624.5",
      "p" : "2.4094",
      "s" : "sell",
      "i" : "EPIC_USD",
      "m" : "4611686018427401361"
    }, {
      "d" : "1756395221793383135",
      "t" : 1756395221793,
      "tn" : 1756395221793383135,
      "q" : "0.5",
      "p" : "2.4282",
      "s" : "sell",
      "i" : "EPIC_USD",
      "m" : "4611686018427401360"
    }, {
      "d" : "1756394476168108586",
      "t" : 1756394476168,
      "tn" : 1756394476168108586,
      "q" : "1233.8",
      "p" : "2.3678",
      "s" : "sell",
      "i" : "EPIC_USD",
      "m" : "4611686018427401359"
    }, {
      "d" : "1756394476168106985",
      "t" : 1756394476168,
      "tn" : 1756394476168106985,
      "q" : "15.7",
      "p" : "2.3679",
      "s" : "sell",
      "i" : "EPIC_USD",
      "m" : "4611686018427401358"
    }, {
      "d" : "1756394476168105282",
      "t" : 1756394476168,
      "tn" : 1756394476168105282,
      "q" : "0.5",
      "p" : "2.3872",
      "s" : "sell",
      "i" : "EPIC_USD",
      "m" : "4611686018427401357"
    }, {
      "d" : "1756389803681238779",
      "t" : 1756389803681,
      "tn" : 1756389803681238779,
      "q" : "0.2",
      "p" : "2.3670",
      "s" : "buy",
      "i" : "EPIC_USD",
      "m" : "4611686018427401356"
    }, {
      "d" : "1756389803675225197",
      "t" : 1756389803675,
      "tn" : 1756389803675225197,
      "q" : "10.0",
      "p" : "2.3670",
      "s" : "buy",
      "i" : "EPIC_USD",
      "m" : "4611686018427401355"
    }, {
      "d" : "1756389803646900596",
      "t" : 1756389803646,
      "tn" : 1756389803646900596,
      "q" : "10.0",
      "p" : "2.3670",
      "s" : "buy",
      "i" : "EPIC_USD",
      "m" : "4611686018427401354"
    }, {
      "d" : "1756389803611584144",
      "t" : 1756389803611,
      "tn" : 1756389803611584144,
      "q" : "10.0",
      "p" : "2.3670",
      "s" : "buy",
      "i" : "EPIC_USD",
      "m" : "4611686018427401353"
    }, {
      "d" : "1756389803607039988",
      "t" : 1756389803607,
      "tn" : 1756389803607039988,
      "q" : "0.8",
      "p" : "2.3670",
      "s" : "buy",
      "i" : "EPIC_USD",
      "m" : "4611686018427401352"
    }, {
      "d" : "1756389799547812469",
      "t" : 1756389799547,
      "tn" : 1756389799547812469,
      "q" : "193.7",
      "p" : "2.3670",
      "s" : "buy",
      "i" : "EPIC_USD",
      "m" : "4611686018427401351"
    }, {
      "d" : "1756389780924543855",
      "t" : 1756389780924,
      "tn" : 1756389780924543855,
      "q" : "0.5",
      "p" : "2.3669",
      "s" : "sell",
      "i" : "EPIC_USD",
      "m" : "4611686018427401350"
    }, {
      "d" : "1756389738828653228",
      "t" : 1756389738828,
      "tn" : 1756389738828653228,
      "q" : "0.5",
      "p" : "2.3669",
      "s" : "sell",
      "i" : "EPIC_USD",
      "m" : "4611686018427401349"
    }, {
      "d" : "1756389726962540572",
      "t" : 1756389726962,
      "tn" : 1756389726962540572,
      "q" : "0.5",
      "p" : "2.3669",
      "s" : "sell",
      "i" : "EPIC_USD",
      "m" : "4611686018427401348"
    }, {
      "d" : "1756389713530083956",
      "t" : 1756389713530,
      "tn" : 1756389713530083956,
      "q" : "0.5",
      "p" : "2.3672",
      "s" : "sell",
      "i" : "EPIC_USD",
      "m" : "4611686018427401347"
    }, {
      "d" : "1756389398835738545",
      "t" : 1756389398835,
      "tn" : 1756389398835738545,
      "q" : "0.5",
      "p" : "2.3774",
      "s" : "sell",
      "i" : "EPIC_USD",
      "m" : "4611686018427401346"
    }, {
      "d" : "1756389383949768174",
      "t" : 1756389383949,
      "tn" : 1756389383949768174,
      "q" : "0.5",
      "p" : "2.3774",
      "s" : "sell",
      "i" : "EPIC_USD",
      "m" : "4611686018427401345"
    }, {
      "d" : "1756389360632557333",
      "t" : 1756389360632,
      "tn" : 1756389360632557333,
      "q" : "0.5",
      "p" : "2.3774",
      "s" : "sell",
      "i" : "EPIC_USD",
      "m" : "4611686018427401344"
    }, {
      "d" : "1756389017914848896",
      "t" : 1756389017914,
      "tn" : 1756389017914848896,
      "q" : "0.5",
      "p" : "2.3774",
      "s" : "sell",
      "i" : "EPIC_USD",
      "m" : "4611686018427401343"
    }, {
      "d" : "1756389012871058859",
      "t" : 1756389012871,
      "tn" : 1756389012871058859,
      "q" : "0.5",
      "p" : "2.3774",
      "s" : "sell",
      "i" : "EPIC_USD",
      "m" : "4611686018427401342"
    }, {
      "d" : "1756387442889730170",
      "t" : 1756387442889,
      "tn" : 1756387442889730170,
      "q" : "0.5",
      "p" : "2.3981",
      "s" : "sell",
      "i" : "EPIC_USD",
      "m" : "4611686018427401341"
    }, {
      "d" : "1756387433401089300",
      "t" : 1756387433401,
      "tn" : 1756387433401089300,
      "q" : "0.5",
      "p" : "2.3981",
      "s" : "sell",
      "i" : "EPIC_USD",
      "m" : "4611686018427401340"
    }, {
      "d" : "1756386931934016920",
      "t" : 1756386931934,
      "tn" : 1756386931934016920,
      "q" : "0.5",
      "p" : "2.3981",
      "s" : "sell",
      "i" : "EPIC_USD",
      "m" : "4611686018427401339"
    }, {
      "d" : "1756386910909826341",
      "t" : 1756386910909,
      "tn" : 1756386910909826341,
      "q" : "0.5",
      "p" : "2.3981",
      "s" : "sell",
      "i" : "EPIC_USD",
      "m" : "4611686018427401338"
    }, {
      "d" : "1756386896905216428",
      "t" : 1756386896905,
      "tn" : 1756386896905216428,
      "q" : "0.5",
      "p" : "2.3981",
      "s" : "sell",
      "i" : "EPIC_USD",
      "m" : "4611686018427401337"
    }, {
      "d" : "1756386888889291757",
      "t" : 1756386888889,
      "tn" : 1756386888889291757,
      "q" : "0.5",
      "p" : "2.3981",
      "s" : "sell",
      "i" : "EPIC_USD",
      "m" : "4611686018427401336"
    }, {
      "d" : "1756386845077257686",
      "t" : 1756386845077,
      "tn" : 1756386845077257686,
      "q" : "0.5",
      "p" : "2.3981",
      "s" : "sell",
      "i" : "EPIC_USD",
      "m" : "4611686018427401335"
    }, {
      "d" : "1756386836931609145",
      "t" : 1756386836931,
      "tn" : 1756386836931609145,
      "q" : "0.5",
      "p" : "2.3981",
      "s" : "sell",
      "i" : "EPIC_USD",
      "m" : "4611686018427401334"
    }, {
      "d" : "1756386831872782928",
      "t" : 1756386831872,
      "tn" : 1756386831872782928,
      "q" : "0.5",
      "p" : "2.3981",
      "s" : "sell",
      "i" : "EPIC_USD",
      "m" : "4611686018427401333"
    }, {
      "d" : "1756386813939258572",
      "t" : 1756386813939,
      "tn" : 1756386813939258572,
      "q" : "0.5",
      "p" : "2.3981",
      "s" : "sell",
      "i" : "EPIC_USD",
      "m" : "4611686018427401332"
    }, {
      "d" : "1756386794919598852",
      "t" : 1756386794919,
      "tn" : 1756386794919598852,
      "q" : "0.5",
      "p" : "2.3981",
      "s" : "sell",
      "i" : "EPIC_USD",
      "m" : "4611686018427401331"
    }, {
      "d" : "1756386789841958109",
      "t" : 1756386789841,
      "tn" : 1756386789841958109,
      "q" : "0.5",
      "p" : "2.3981",
      "s" : "sell",
      "i" : "EPIC_USD",
      "m" : "4611686018427401330"
    }, {
      "d" : "1756386781918623220",
      "t" : 1756386781918,
      "tn" : 1756386781918623220,
      "q" : "0.5",
      "p" : "2.3981",
      "s" : "sell",
      "i" : "EPIC_USD",
      "m" : "4611686018427401329"
    }, {
      "d" : "1756386777030127276",
      "t" : 1756386777030,
      "tn" : 1756386777030127276,
      "q" : "1.0",
      "p" : "2.3982",
      "s" : "buy",
      "i" : "EPIC_USD",
      "m" : "4611686018427401328"
    }, {
      "d" : "1756386755937853909",
      "t" : 1756386755937,
      "tn" : 1756386755937853909,
      "q" : "0.5",
      "p" : "2.3981",
      "s" : "sell",
      "i" : "EPIC_USD",
      "m" : "4611686018427401327"
    }, {
      "d" : "1756386747906807079",
      "t" : 1756386747906,
      "tn" : 1756386747906807079,
      "q" : "0.5",
      "p" : "2.3981",
      "s" : "sell",
      "i" : "EPIC_USD",
      "m" : "4611686018427401326"
    }, {
      "d" : "1756386739845597546",
      "t" : 1756386739845,
      "tn" : 1756386739845597546,
      "q" : "0.5",
      "p" : "2.3981",
      "s" : "sell",
      "i" : "EPIC_USD",
      "m" : "4611686018427401325"
    }, {
      "d" : "1756386687978696841",
      "t" : 1756386687978,
      "tn" : 1756386687978696841,
      "q" : "0.5",
      "p" : "2.3981",
      "s" : "sell",
      "i" : "EPIC_USD",
      "m" : "4611686018427401324"
    }, {
      "d" : "1756386682950367798",
      "t" : 1756386682950,
      "tn" : 1756386682950367798,
      "q" : "0.5",
      "p" : "2.3981",
      "s" : "sell",
      "i" : "EPIC_USD",
      "m" : "4611686018427401323"
    }, {
      "d" : "1756386673862108463",
      "t" : 1756386673862,
      "tn" : 1756386673862108463,
      "q" : "0.5",
      "p" : "2.3981",
      "s" : "sell",
      "i" : "EPIC_USD",
      "m" : "4611686018427401322"
    }, {
      "d" : "1756386619957624390",
      "t" : 1756386619957,
      "tn" : 1756386619957624390,
      "q" : "0.5",
      "p" : "2.3981",
      "s" : "sell",
      "i" : "EPIC_USD",
      "m" : "4611686018427401321"
    }, {
      "d" : "1756386612853242516",
      "t" : 1756386612853,
      "tn" : 1756386612853242516,
      "q" : "0.5",
      "p" : "2.3981",
      "s" : "sell",
      "i" : "EPIC_USD",
      "m" : "4611686018427401320"
    }, {
      "d" : "1756386605950707617",
      "t" : 1756386605950,
      "tn" : 1756386605950707617,
      "q" : "0.5",
      "p" : "2.3981",
      "s" : "sell",
      "i" : "EPIC_USD",
      "m" : "4611686018427401319"
    }, {
      "d" : "1756386580875317815",
      "t" : 1756386580875,
      "tn" : 1756386580875317815,
      "q" : "0.5",
      "p" : "2.3981",
      "s" : "sell",
      "i" : "EPIC_USD",
      "m" : "4611686018427401318"
    }, {
      "d" : "1756386574340633800",
      "t" : 1756386574340,
      "tn" : 1756386574340633800,
      "q" : "0.5",
      "p" : "2.3982",
      "s" : "sell",
      "i" : "EPIC_USD",
      "m" : "4611686018427401317"
    }, {
      "d" : "1756385710747224085",
      "t" : 1756385710747,
      "tn" : 1756385710747224085,
      "q" : "29.7",
      "p" : "2.3704",
      "s" : "sell",
      "i" : "EPIC_USD",
      "m" : "4611686018427401316"
    }, {
      "d" : "1756385710747222267",
      "t" : 1756385710747,
      "tn" : 1756385710747222267,
      "q" : "7.6",
      "p" : "2.3705",
      "s" : "sell",
      "i" : "EPIC_USD",
      "m" : "4611686018427401315"
    }, {
      "d" : "1756385710747219519",
      "t" : 1756385710747,
      "tn" : 1756385710747219519,
      "q" : "0.5",
      "p" : "2.3932",
      "s" : "sell",
      "i" : "EPIC_USD",
      "m" : "4611686018427401314"
    }, {
      "d" : "1756384498935411441",
      "t" : 1756384498935,
      "tn" : 1756384498935411441,
      "q" : "0.5",
      "p" : "2.4031",
      "s" : "sell",
      "i" : "EPIC_USD",
      "m" : "4611686018427401313"
    }, {
      "d" : "1756384493862746763",
      "t" : 1756384493862,
      "tn" : 1756384493862746763,
      "q" : "0.5",
      "p" : "2.4031",
      "s" : "sell",
      "i" : "EPIC_USD",
      "m" : "4611686018427401312"
    }, {
      "d" : "1756384481936858773",
      "t" : 1756384481936,
      "tn" : 1756384481936858773,
      "q" : "0.5",
      "p" : "2.4031",
      "s" : "sell",
      "i" : "EPIC_USD",
      "m" : "4611686018427401311"
    }, {
      "d" : "1756384470553010586",
      "t" : 1756384470553,
      "tn" : 1756384470553010586,
      "q" : "0.5",
      "p" : "2.4031",
      "s" : "sell",
      "i" : "EPIC_USD",
      "m" : "4611686018427401310"
    }, {
      "d" : "1756384457901417191",
      "t" : 1756384457901,
      "tn" : 1756384457901417191,
      "q" : "0.5",
      "p" : "2.4031",
      "s" : "sell",
      "i" : "EPIC_USD",
      "m" : "4611686018427401309"
    }, {
      "d" : "1756384452939835551",
      "t" : 1756384452939,
      "tn" : 1756384452939835551,
      "q" : "0.5",
      "p" : "2.4031",
      "s" : "sell",
      "i" : "EPIC_USD",
      "m" : "4611686018427401308"
    }, {
      "d" : "1756384442881346647",
      "t" : 1756384442881,
      "tn" : 1756384442881346647,
      "q" : "0.5",
      "p" : "2.4031",
      "s" : "sell",
      "i" : "EPIC_USD",
      "m" : "4611686018427401307"
    }, {
      "d" : "1756384433913947149",
      "t" : 1756384433913,
      "tn" : 1756384433913947149,
      "q" : "0.5",
      "p" : "2.4031",
      "s" : "sell",
      "i" : "EPIC_USD",
      "m" : "4611686018427401306"
    }, {
      "d" : "1756384412961996523",
      "t" : 1756384412961,
      "tn" : 1756384412961996523,
      "q" : "0.5",
      "p" : "2.4031",
      "s" : "sell",
      "i" : "EPIC_USD",
      "m" : "4611686018427401305"
    }, {
      "d" : "1756384412268046329",
      "t" : 1756384412268,
      "tn" : 1756384412268046329,
      "q" : "5.6",
      "p" : "2.4032",
      "s" : "buy",
      "i" : "EPIC_USD",
      "m" : "4611686018427401304"
    }, {
      "d" : "1756384407568439251",
      "t" : 1756384407568,
      "tn" : 1756384407568439251,
      "q" : "0.5",
      "p" : "2.4031",
      "s" : "sell",
      "i" : "EPIC_USD",
      "m" : "4611686018427401303"
    }, {
      "d" : "1756384395040868828",
      "t" : 1756384395040,
      "tn" : 1756384395040868828,
      "q" : "0.5",
      "p" : "2.4031",
      "s" : "sell",
      "i" : "EPIC_USD",
      "m" : "4611686018427401302"
    }, {
      "d" : "1756384388896677525",
      "t" : 1756384388896,
      "tn" : 1756384388896677525,
      "q" : "0.5",
      "p" : "2.4031",
      "s" : "sell",
      "i" : "EPIC_USD",
      "m" : "4611686018427401301"
    }, {
      "d" : "1756384384895235271",
      "t" : 1756384384895,
      "tn" : 1756384384895235271,
      "q" : "0.5",
      "p" : "2.4031",
      "s" : "sell",
      "i" : "EPIC_USD",
      "m" : "4611686018427401300"
    }, {
      "d" : "1756384369991096086",
      "t" : 1756384369991,
      "tn" : 1756384369991096086,
      "q" : "0.5",
      "p" : "2.4031",
      "s" : "sell",
      "i" : "EPIC_USD",
      "m" : "4611686018427401299"
    }, {
      "d" : "1756384357100136873",
      "t" : 1756384357100,
      "tn" : 1756384357100136873,
      "q" : "3.5",
      "p" : "2.4032",
      "s" : "buy",
      "i" : "EPIC_USD",
      "m" : "4611686018427401298"
    }, {
      "d" : "1756384328859213346",
      "t" : 1756384328859,
      "tn" : 1756384328859213346,
      "q" : "0.5",
      "p" : "2.4031",
      "s" : "sell",
      "i" : "EPIC_USD",
      "m" : "4611686018427401297"
    }, {
      "d" : "1756384323242815020",
      "t" : 1756384323242,
      "tn" : 1756384323242815020,
      "q" : "0.5",
      "p" : "2.4042",
      "s" : "sell",
      "i" : "EPIC_USD",
      "m" : "4611686018427401296"
    }, {
      "d" : "1756383217789019856",
      "t" : 1756383217789,
      "tn" : 1756383217789019856,
      "q" : "9.2",
      "p" : "2.3777",
      "s" : "sell",
      "i" : "EPIC_USD",
      "m" : "4611686018427401295"
    }, {
      "d" : "1756383217789017953",
      "t" : 1756383217789,
      "tn" : 1756383217789017953,
      "q" : "3.7",
      "p" : "2.3778",
      "s" : "sell",
      "i" : "EPIC_USD",
      "m" : "4611686018427401294"
    }, {
      "d" : "1756383217789013541",
      "t" : 1756383217789,
      "tn" : 1756383217789013541,
      "q" : "0.5",
      "p" : "2.3962",
      "s" : "sell",
      "i" : "EPIC_USD",
      "m" : "4611686018427401293"
    }, {
      "d" : "1756379473641042897",
      "t" : 1756379473641,
      "tn" : 1756379473641042897,
      "q" : "0.5",
      "p" : "2.4132",
      "s" : "sell",
      "i" : "EPIC_USD",
      "m" : "4611686018427401292"
    }, {
      "d" : "1756375525678859711",
      "t" : 1756375525678,
      "tn" : 1756375525678859710,
      "q" : "11.0",
      "p" : "2.4342",
      "s" : "buy",
      "i" : "EPIC_USD",
      "m" : "4611686018427401291"
    }, {
      "d" : "1756375525678859710",
      "t" : 1756375525678,
      "tn" : 1756375525678859710,
      "q" : "3.7",
      "p" : "2.4342",
      "s" : "buy",
      "i" : "EPIC_USD",
      "m" : "4611686018427401291"
    }, {
      "d" : "1756375525678856336",
      "t" : 1756375525678,
      "tn" : 1756375525678856336,
      "q" : "0.5",
      "p" : "2.4165",
      "s" : "buy",
      "i" : "EPIC_USD",
      "m" : "4611686018427401290"
    } ]
  }
}