{
  "id" : -1,
  "method" : "public/get-trades",
  "code" : 0,
  "result" : {
    "data" : [ {
      "d" : "1756460160374133209",
      "t" : 1756460160374,
      "tn" : 1756460160374133209,
      "q" : "26.0",
      "p" : "0.7688",
      "s" : "sell",
      "i" : "ERA_USD",
      "m" : "4611686018427508512"
    }, {
      "d" : "1756460160372769482",
      "t" : 1756460160372,
      "tn" : 1756460160372769482,
      "q" : "325.1",
      "p" : "0.7689",
      "s" : "sell",
      "i" : "ERA_USD",
      "m" : "4611686018427508511"
    }, {
      "d" : "1756459199107477044",
      "t" : 1756459199107,
      "tn" : 1756459199107477044,
      "q" : "298.0",
      "p" : "0.7716",
      "s" : "sell",
      "i" : "ERA_USD",
      "m" : "4611686018427508510"
    }, {
      "d" : "1756459199107475284",
      "t" : 1756459199107,
      "tn" : 1756459199107475284,
      "q" : "25.9",
      "p" : "0.7717",
      "s" : "sell",
      "i" : "ERA_USD",
      "m" : "4611686018427508509"
    }, {
      "d" : "1756458867630578615",
      "t" : 1756458867630,
      "tn" : 1756458867630578615,
      "q" : "26.0",
      "p" : "0.7680",
      "s" : "sell",
      "i" : "ERA_USD",
      "m" : "4611686018427508508"
    }, {
      "d" : "1756458867366401586",
      "t" : 1756458867366,
      "tn" : 1756458867366401586,
      "q" : "325.6",
      "p" : "0.7678",
      "s" : "buy",
      "i" : "ERA_USD",
      "m" : "4611686018427508507"
    }, {
      "d" : "1756458867364569745",
      "t" : 1756458867364,
      "tn" : 1756458867364569744,
      "q" : "26.1",
      "p" : "0.7673",
      "s" : "buy",
      "i" : "ERA_USD",
      "m" : "4611686018427508506"
    }, {
      "d" : "1756458867364569744",
      "t" : 1756458867364,
      "tn" : 1756458867364569744,
      "q" : "325.8",
      "p" : "0.7673",
      "s" : "buy",
      "i" : "ERA_USD",
      "m" : "4611686018427508506"
    }, {
      "d" : "1756458867364363196",
      "t" : 1756458867364,
      "tn" : 1756458867364363196,
      "q" : "65.8",
      "p" : "0.7672",
      "s" : "buy",
      "i" : "ERA_USD",
      "m" : "4611686018427508505"
    }, {
      "d" : "1756458867364018357",
      "t" : 1756458867364,
      "tn" : 1756458867364018357,
      "q" : "260.0",
      "p" : "0.7672",
      "s" : "buy",
      "i" : "ERA_USD",
      "m" : "4611686018427508504"
    }, {
      "d" : "1756458205496219149",
      "t" : 1756458205496,
      "tn" : 1756458205496219149,
      "q" : "260.9",
      "p" : "0.7654",
      "s" : "buy",
      "i" : "ERA_USD",
      "m" : "4611686018427508503"
    }, {
      "d" : "1756458205490098835",
      "t" : 1756458205490,
      "tn" : 1756458205490098834,
      "q" : "26.2",
      "p" : "0.7640",
      "s" : "buy",
      "i" : "ERA_USD",
      "m" : "4611686018427508502"
    }, {
      "d" : "1756458205490098834",
      "t" : 1756458205490,
      "tn" : 1756458205490098834,
      "q" : "327.2",
      "p" : "0.7640",
      "s" : "buy",
      "i" : "ERA_USD",
      "m" : "4611686018427508502"
    }, {
      "d" : "1756458195347108831",
      "t" : 1756458195347,
      "tn" : 1756458195347108831,
      "q" : "1.7",
      "p" : "0.7638",
      "s" : "sell",
      "i" : "ERA_USD",
      "m" : "4611686018427508501"
    }, {
      "d" : "1756458195341806236",
      "t" : 1756458195341,
      "tn" : 1756458195341806236,
      "q" : "24.5",
      "p" : "0.7638",
      "s" : "sell",
      "i" : "ERA_USD",
      "m" : "4611686018427508500"
    }, {
      "d" : "1756458191240838445",
      "t" : 1756458191240,
      "tn" : 1756458191240838445,
      "q" : "7.1",
      "p" : "0.7648",
      "s" : "sell",
      "i" : "ERA_USD",
      "m" : "4611686018427508499"
    }, {
      "d" : "1756458191238003902",
      "t" : 1756458191238,
      "tn" : 1756458191238003902,
      "q" : "19.1",
      "p" : "0.7648",
      "s" : "sell",
      "i" : "ERA_USD",
      "m" : "4611686018427508498"
    }, {
      "d" : "1756458152102974659",
      "t" : 1756458152102,
      "tn" : 1756458152102974659,
      "q" : "26.1",
      "p" : "0.7662",
      "s" : "buy",
      "i" : "ERA_USD",
      "m" : "4611686018427508497"
    }, {
      "d" : "1756458151957429353",
      "t" : 1756458151957,
      "tn" : 1756458151957429353,
      "q" : "26.1",
      "p" : "0.7662",
      "s" : "buy",
      "i" : "ERA_USD",
      "m" : "4611686018427508496"
    }, {
      "d" : "1756458151590069055",
      "t" : 1756458151590,
      "tn" : 1756458151590069054,
      "q" : "26.1",
      "p" : "0.7667",
      "s" : "sell",
      "i" : "ERA_USD",
      "m" : "4611686018427508495"
    }, {
      "d" : "1756458151590069054",
      "t" : 1756458151590,
      "tn" : 1756458151590069054,
      "q" : "326.0",
      "p" : "0.7667",
      "s" : "sell",
      "i" : "ERA_USD",
      "m" : "4611686018427508495"
    }, {
      "d" : "1756458015538739455",
      "t" : 1756458015538,
      "tn" : 1756458015538739455,
      "q" : "26.0",
      "p" : "0.7686",
      "s" : "buy",
      "i" : "ERA_USD",
      "m" : "4611686018427508494"
    }, {
      "d" : "1756458009119466568",
      "t" : 1756458009119,
      "tn" : 1756458009119466568,
      "q" : "299.1",
      "p" : "0.7690",
      "s" : "buy",
      "i" : "ERA_USD",
      "m" : "4611686018427508493"
    }, {
      "d" : "1756458009119465134",
      "t" : 1756458009119,
      "tn" : 1756458009119465134,
      "q" : "26.0",
      "p" : "0.7689",
      "s" : "buy",
      "i" : "ERA_USD",
      "m" : "4611686018427508492"
    }, {
      "d" : "1756458008028512268",
      "t" : 1756458008028,
      "tn" : 1756458008028512268,
      "q" : "26.1",
      "p" : "0.7677",
      "s" : "buy",
      "i" : "ERA_USD",
      "m" : "4611686018427508491"
    }, {
      "d" : "1756458008017272306",
      "t" : 1756458008017,
      "tn" : 1756458008017272306,
      "q" : "6.6",
      "p" : "0.7677",
      "s" : "buy",
      "i" : "ERA_USD",
      "m" : "4611686018427508490"
    }, {
      "d" : "1756458008013261021",
      "t" : 1756458008013,
      "tn" : 1756458008013261021,
      "q" : "19.5",
      "p" : "0.7677",
      "s" : "buy",
      "i" : "ERA_USD",
      "m" : "4611686018427508489"
    }, {
      "d" : "1756458006052284347",
      "t" : 1756458006052,
      "tn" : 1756458006052284347,
      "q" : "26.0",
      "p" : "0.7696",
      "s" : "sell",
      "i" : "ERA_USD",
      "m" : "4611686018427508488"
    }, {
      "d" : "1756458003969790260",
      "t" : 1756458003969,
      "tn" : 1756458003969790260,
      "q" : "324.5",
      "p" : "0.7703",
      "s" : "sell",
      "i" : "ERA_USD",
      "m" : "4611686018427508487"
    }, {
      "d" : "1756457945271997978",
      "t" : 1756457945271,
      "tn" : 1756457945271997977,
      "q" : "324.1",
      "p" : "0.7712",
      "s" : "buy",
      "i" : "ERA_USD",
      "m" : "4611686018427508486"
    }, {
      "d" : "1756457945271997977",
      "t" : 1756457945271,
      "tn" : 1756457945271997977,
      "q" : "25.9",
      "p" : "0.7712",
      "s" : "buy",
      "i" : "ERA_USD",
      "m" : "4611686018427508486"
    }, {
      "d" : "1756457940185778814",
      "t" : 1756457940185,
      "tn" : 1756457940185778814,
      "q" : "233.1",
      "p" : "0.7705",
      "s" : "sell",
      "i" : "ERA_USD",
      "m" : "4611686018427508485"
    }, {
      "d" : "1756457940185777108",
      "t" : 1756457940185,
      "tn" : 1756457940185777108,
      "q" : "25.9",
      "p" : "0.7711",
      "s" : "sell",
      "i" : "ERA_USD",
      "m" : "4611686018427508484"
    }, {
      "d" : "1756457934448996925",
      "t" : 1756457934448,
      "tn" : 1756457934448996925,
      "q" : "25.9",
      "p" : "0.7711",
      "s" : "buy",
      "i" : "ERA_USD",
      "m" : "4611686018427508483"
    }, {
      "d" : "1756457933427628286",
      "t" : 1756457933427,
      "tn" : 1756457933427628286,
      "q" : "52.1",
      "p" : "0.7718",
      "s" : "sell",
      "i" : "ERA_USD",
      "m" : "4611686018427508482"
    }, {
      "d" : "1756457933427568757",
      "t" : 1756457933427,
      "tn" : 1756457933427568757,
      "q" : "38.7",
      "p" : "0.7718",
      "s" : "sell",
      "i" : "ERA_USD",
      "m" : "4611686018427508481"
    }, {
      "d" : "1756457933427084746",
      "t" : 1756457933427,
      "tn" : 1756457933427084746,
      "q" : "233.1",
      "p" : "0.7718",
      "s" : "sell",
      "i" : "ERA_USD",
      "m" : "4611686018427508480"
    }, {
      "d" : "1756457933427083011",
      "t" : 1756457933427,
      "tn" : 1756457933427083011,
      "q" : "25.9",
      "p" : "0.7720",
      "s" : "sell",
      "i" : "ERA_USD",
      "m" : "4611686018427508479"
    }, {
      "d" : "1756457933425671842",
      "t" : 1756457933425,
      "tn" : 1756457933425671842,
      "q" : "323.7",
      "p" : "0.7722",
      "s" : "sell",
      "i" : "ERA_USD",
      "m" : "4611686018427508478"
    }, {
      "d" : "1756457926116319098",
      "t" : 1756457926116,
      "tn" : 1756457926116319098,
      "q" : "323.6",
      "p" : "0.7725",
      "s" : "buy",
      "i" : "ERA_USD",
      "m" : "4611686018427508477"
    }, {
      "d" : "1756456690038610396",
      "t" : 1756456690038,
      "tn" : 1756456690038610396,
      "q" : "323.1",
      "p" : "0.7735",
      "s" : "sell",
      "i" : "ERA_USD",
      "m" : "4611686018427508476"
    }, {
      "d" : "1756456690037295238",
      "t" : 1756456690037,
      "tn" : 1756456690037295238,
      "q" : "25.8",
      "p" : "0.7739",
      "s" : "sell",
      "i" : "ERA_USD",
      "m" : "4611686018427508475"
    }, {
      "d" : "1756456690035531912",
      "t" : 1756456690035,
      "tn" : 1756456690035531912,
      "q" : "322.9",
      "p" : "0.7740",
      "s" : "sell",
      "i" : "ERA_USD",
      "m" : "4611686018427508474"
    }, {
      "d" : "1756456566191954311",
      "t" : 1756456566191,
      "tn" : 1756456566191954311,
      "q" : "322.8",
      "p" : "0.7743",
      "s" : "buy",
      "i" : "ERA_USD",
      "m" : "4611686018427508473"
    }, {
      "d" : "1756456206494777481",
      "t" : 1756456206494,
      "tn" : 1756456206494777481,
      "q" : "322.4",
      "p" : "0.7754",
      "s" : "buy",
      "i" : "ERA_USD",
      "m" : "4611686018427508472"
    }, {
      "d" : "1756455739347862801",
      "t" : 1756455739347,
      "tn" : 1756455739347862801,
      "q" : "25.7",
      "p" : "0.7770",
      "s" : "buy",
      "i" : "ERA_USD",
      "m" : "4611686018427508471"
    }, {
      "d" : "1756455641384011439",
      "t" : 1756455641384,
      "tn" : 1756455641384011439,
      "q" : "25.8",
      "p" : "0.7761",
      "s" : "sell",
      "i" : "ERA_USD",
      "m" : "4611686018427508470"
    }, {
      "d" : "1756455631046760859",
      "t" : 1756455631046,
      "tn" : 1756455631046760858,
      "q" : "25.8",
      "p" : "0.7751",
      "s" : "sell",
      "i" : "ERA_USD",
      "m" : "4611686018427508469"
    }, {
      "d" : "1756455631046760858",
      "t" : 1756455631046,
      "tn" : 1756455631046760858,
      "q" : "322.5",
      "p" : "0.7751",
      "s" : "sell",
      "i" : "ERA_USD",
      "m" : "4611686018427508469"
    }, {
      "d" : "1756455466817383754",
      "t" : 1756455466817,
      "tn" : 1756455466817383754,
      "q" : "321.4",
      "p" : "0.7776",
      "s" : "sell",
      "i" : "ERA_USD",
      "m" : "4611686018427508468"
    }, {
      "d" : "1756455285485435066",
      "t" : 1756455285485,
      "tn" : 1756455285485435066,
      "q" : "321.3",
      "p" : "0.7779",
      "s" : "sell",
      "i" : "ERA_USD",
      "m" : "4611686018427508467"
    }, {
      "d" : "1756454778771336514",
      "t" : 1756454778771,
      "tn" : 1756454778771336514,
      "q" : "25.6",
      "p" : "0.7801",
      "s" : "buy",
      "i" : "ERA_USD",
      "m" : "4611686018427508466"
    }, {
      "d" : "1756454778761532502",
      "t" : 1756454778761,
      "tn" : 1756454778761532502,
      "q" : "320.5",
      "p" : "0.7799",
      "s" : "buy",
      "i" : "ERA_USD",
      "m" : "4611686018427508465"
    }, {
      "d" : "1756454218802118150",
      "t" : 1756454218802,
      "tn" : 1756454218802118150,
      "q" : "25.7",
      "p" : "0.7785",
      "s" : "buy",
      "i" : "ERA_USD",
      "m" : "4611686018427508464"
    }, {
      "d" : "1756453824404797639",
      "t" : 1756453824404,
      "tn" : 1756453824404797639,
      "q" : "25.7",
      "p" : "0.7785",
      "s" : "buy",
      "i" : "ERA_USD",
      "m" : "4611686018427508463"
    }, {
      "d" : "1756453824266377988",
      "t" : 1756453824266,
      "tn" : 1756453824266377988,
      "q" : "321.1",
      "p" : "0.7784",
      "s" : "buy",
      "i" : "ERA_USD",
      "m" : "4611686018427508462"
    }, {
      "d" : "1756453716219237457",
      "t" : 1756453716219,
      "tn" : 1756453716219237457,
      "q" : "25.7",
      "p" : "0.7794",
      "s" : "buy",
      "i" : "ERA_USD",
      "m" : "4611686018427508461"
    }, {
      "d" : "1756453715949737902",
      "t" : 1756453715949,
      "tn" : 1756453715949737902,
      "q" : "25.7",
      "p" : "0.7794",
      "s" : "buy",
      "i" : "ERA_USD",
      "m" : "4611686018427508460"
    }, {
      "d" : "1756453557778529807",
      "t" : 1756453557778,
      "tn" : 1756453557778529807,
      "q" : "25.6",
      "p" : "0.7798",
      "s" : "buy",
      "i" : "ERA_USD",
      "m" : "4611686018427508459"
    }, {
      "d" : "1756453557776897763",
      "t" : 1756453557776,
      "tn" : 1756453557776897763,
      "q" : "320.6",
      "p" : "0.7797",
      "s" : "buy",
      "i" : "ERA_USD",
      "m" : "4611686018427508458"
    }, {
      "d" : "1756453297415282791",
      "t" : 1756453297415,
      "tn" : 1756453297415282791,
      "q" : "25.6",
      "p" : "0.7799",
      "s" : "buy",
      "i" : "ERA_USD",
      "m" : "4611686018427508457"
    }, {
      "d" : "1756453140974771584",
      "t" : 1756453140974,
      "tn" : 1756453140974771584,
      "q" : "25.6",
      "p" : "0.7810",
      "s" : "buy",
      "i" : "ERA_USD",
      "m" : "4611686018427508456"
    }, {
      "d" : "1756453042438776080",
      "t" : 1756453042438,
      "tn" : 1756453042438776080,
      "q" : "25.6",
      "p" : "0.7805",
      "s" : "sell",
      "i" : "ERA_USD",
      "m" : "4611686018427508455"
    }, {
      "d" : "1756453042438690440",
      "t" : 1756453042438,
      "tn" : 1756453042438690440,
      "q" : "64.4",
      "p" : "0.7807",
      "s" : "sell",
      "i" : "ERA_USD",
      "m" : "4611686018427508454"
    }, {
      "d" : "1756453042438096101",
      "t" : 1756453042438,
      "tn" : 1756453042438096101,
      "q" : "255.8",
      "p" : "0.7807",
      "s" : "sell",
      "i" : "ERA_USD",
      "m" : "4611686018427508453"
    }, {
      "d" : "1756453032460303934",
      "t" : 1756453032460,
      "tn" : 1756453032460303934,
      "q" : "320.0",
      "p" : "0.7811",
      "s" : "sell",
      "i" : "ERA_USD",
      "m" : "4611686018427508452"
    }, {
      "d" : "1756452883146037409",
      "t" : 1756452883146,
      "tn" : 1756452883146037409,
      "q" : "25.6",
      "p" : "0.7820",
      "s" : "sell",
      "i" : "ERA_USD",
      "m" : "4611686018427508451"
    }, {
      "d" : "1756452710411354415",
      "t" : 1756452710411,
      "tn" : 1756452710411354415,
      "q" : "293.8",
      "p" : "0.7828",
      "s" : "buy",
      "i" : "ERA_USD",
      "m" : "4611686018427508450"
    }, {
      "d" : "1756452710411352781",
      "t" : 1756452710411,
      "tn" : 1756452710411352781,
      "q" : "25.6",
      "p" : "0.7827",
      "s" : "buy",
      "i" : "ERA_USD",
      "m" : "4611686018427508449"
    }, {
      "d" : "1756452695150081675",
      "t" : 1756452695150,
      "tn" : 1756452695150081675,
      "q" : "25.6",
      "p" : "0.7825",
      "s" : "sell",
      "i" : "ERA_USD",
      "m" : "4611686018427508448"
    }, {
      "d" : "1756452671411658738",
      "t" : 1756452671411,
      "tn" : 1756452671411658738,
      "q" : "25.6",
      "p" : "0.7818",
      "s" : "buy",
      "i" : "ERA_USD",
      "m" : "4611686018427508447"
    }, {
      "d" : "1756452424216996634",
      "t" : 1756452424216,
      "tn" : 1756452424216996634,
      "q" : "25.6",
      "p" : "0.7819",
      "s" : "buy",
      "i" : "ERA_USD",
      "m" : "4611686018427508446"
    }, {
      "d" : "1756452382765419509",
      "t" : 1756452382765,
      "tn" : 1756452382765419509,
      "q" : "318.8",
      "p" : "0.7840",
      "s" : "sell",
      "i" : "ERA_USD",
      "m" : "4611686018427508445"
    }, {
      "d" : "1756451914166189188",
      "t" : 1756451914166,
      "tn" : 1756451914166189188,
      "q" : "316.8",
      "p" : "0.7889",
      "s" : "sell",
      "i" : "ERA_USD",
      "m" : "4611686018427508444"
    }, {
      "d" : "1756451906195346007",
      "t" : 1756451906195,
      "tn" : 1756451906195346007,
      "q" : "316.7",
      "p" : "0.7892",
      "s" : "sell",
      "i" : "ERA_USD",
      "m" : "4611686018427508443"
    }, {
      "d" : "1756451730271525411",
      "t" : 1756451730271,
      "tn" : 1756451730271525410,
      "q" : "317.1",
      "p" : "0.7884",
      "s" : "buy",
      "i" : "ERA_USD",
      "m" : "4611686018427508442"
    }, {
      "d" : "1756451730271525410",
      "t" : 1756451730271,
      "tn" : 1756451730271525410,
      "q" : "25.4",
      "p" : "0.7884",
      "s" : "buy",
      "i" : "ERA_USD",
      "m" : "4611686018427508442"
    }, {
      "d" : "1756451704340154493",
      "t" : 1756451704340,
      "tn" : 1756451704340154492,
      "q" : "25.4",
      "p" : "0.7880",
      "s" : "buy",
      "i" : "ERA_USD",
      "m" : "4611686018427508441"
    }, {
      "d" : "1756451704340154492",
      "t" : 1756451704340,
      "tn" : 1756451704340154492,
      "q" : "317.2",
      "p" : "0.7880",
      "s" : "buy",
      "i" : "ERA_USD",
      "m" : "4611686018427508441"
    }, {
      "d" : "1756451611823276774",
      "t" : 1756451611823,
      "tn" : 1756451611823276774,
      "q" : "25.3",
      "p" : "0.7898",
      "s" : "sell",
      "i" : "ERA_USD",
      "m" : "4611686018427508440"
    }, {
      "d" : "1756451012882984195",
      "t" : 1756451012882,
      "tn" : 1756451012882984194,
      "q" : "315.2",
      "p" : "0.7929",
      "s" : "buy",
      "i" : "ERA_USD",
      "m" : "4611686018427508439"
    }, {
      "d" : "1756451012882984194",
      "t" : 1756451012882,
      "tn" : 1756451012882984194,
      "q" : "25.2",
      "p" : "0.7929",
      "s" : "buy",
      "i" : "ERA_USD",
      "m" : "4611686018427508439"
    }, {
      "d" : "1756450946176566340",
      "t" : 1756450946176,
      "tn" : 1756450946176566340,
      "q" : "25.2",
      "p" : "0.7928",
      "s" : "sell",
      "i" : "ERA_USD",
      "m" : "4611686018427508438"
    }, {
      "d" : "1756450945635707074",
      "t" : 1756450945635,
      "tn" : 1756450945635707074,
      "q" : "25.2",
      "p" : "0.7939",
      "s" : "sell",
      "i" : "ERA_USD",
      "m" : "4611686018427508437"
    }, {
      "d" : "1756450899041252347",
      "t" : 1756450899041,
      "tn" : 1756450899041252347,
      "q" : "25.2",
      "p" : "0.7948",
      "s" : "sell",
      "i" : "ERA_USD",
      "m" : "4611686018427508436"
    }, {
      "d" : "1756449436929033539",
      "t" : 1756449436929,
      "tn" : 1756449436929033539,
      "q" : "313.7",
      "p" : "0.7967",
      "s" : "sell",
      "i" : "ERA_USD",
      "m" : "4611686018427508435"
    }, {
      "d" : "1756447489560276370",
      "t" : 1756447489560,
      "tn" : 1756447489560276370,
      "q" : "312.4",
      "p" : "0.8001",
      "s" : "buy",
      "i" : "ERA_USD",
      "m" : "4611686018427508434"
    }, {
      "d" : "1756441015683685282",
      "t" : 1756441015683,
      "tn" : 1756441015683685282,
      "q" : "25.0",
      "p" : "0.8007",
      "s" : "sell",
      "i" : "ERA_USD",
      "m" : "4611686018427508433"
    }, {
      "d" : "1756440362626093750",
      "t" : 1756440362626,
      "tn" : 1756440362626093750,
      "q" : "302.8",
      "p" : "0.8027",
      "s" : "sell",
      "i" : "ERA_USD",
      "m" : "4611686018427508432"
    }, {
      "d" : "1756440362625705262",
      "t" : 1756440362625,
      "tn" : 1756440362625705262,
      "q" : "8.6",
      "p" : "0.8027",
      "s" : "sell",
      "i" : "ERA_USD",
      "m" : "4611686018427508431"
    }, {
      "d" : "1756439863686687731",
      "t" : 1756439863686,
      "tn" : 1756439863686687731,
      "q" : "310.7",
      "p" : "0.8045",
      "s" : "sell",
      "i" : "ERA_USD",
      "m" : "4611686018427508430"
    }, {
      "d" : "1756437485335860790",
      "t" : 1756437485335,
      "tn" : 1756437485335860789,
      "q" : "24.9",
      "p" : "0.8024",
      "s" : "buy",
      "i" : "ERA_USD",
      "m" : "4611686018427508429"
    }, {
      "d" : "1756437485335860789",
      "t" : 1756437485335,
      "tn" : 1756437485335860789,
      "q" : "311.5",
      "p" : "0.8024",
      "s" : "buy",
      "i" : "ERA_USD",
      "m" : "4611686018427508429"
    }, {
      "d" : "1756437485333556973",
      "t" : 1756437485333,
      "tn" : 1756437485333556973,
      "q" : "311.6",
      "p" : "0.8023",
      "s" : "buy",
      "i" : "ERA_USD",
      "m" : "4611686018427508428"
    }, {
      "d" : "1756436963852494600",
      "t" : 1756436963852,
      "tn" : 1756436963852494600,
      "q" : "311.0",
      "p" : "0.8036",
      "s" : "sell",
      "i" : "ERA_USD",
      "m" : "4611686018427508427"
    }, {
      "d" : "1756435419934562002",
      "t" : 1756435419934,
      "tn" : 1756435419934562002,
      "q" : "24.8",
      "p" : "0.8058",
      "s" : "sell",
      "i" : "ERA_USD",
      "m" : "4611686018427508426"
    }, {
      "d" : "1756435073558518913",
      "t" : 1756435073558,
      "tn" : 1756435073558518913,
      "q" : "310.5",
      "p" : "0.8049",
      "s" : "sell",
      "i" : "ERA_USD",
      "m" : "4611686018427508425"
    }, {
      "d" : "1756434751092241728",
      "t" : 1756434751092,
      "tn" : 1756434751092241728,
      "q" : "310.7",
      "p" : "0.8047",
      "s" : "buy",
      "i" : "ERA_USD",
      "m" : "4611686018427508424"
    }, {
      "d" : "1756433952256679888",
      "t" : 1756433952256,
      "tn" : 1756433952256679888,
      "q" : "310.4",
      "p" : "0.8051",
      "s" : "sell",
      "i" : "ERA_USD",
      "m" : "4611686018427508423"
    }, {
      "d" : "1756433770381242439",
      "t" : 1756433770381,
      "tn" : 1756433770381242439,
      "q" : "310.2",
      "p" : "0.8057",
      "s" : "sell",
      "i" : "ERA_USD",
      "m" : "4611686018427508422"
    }, {
      "d" : "1756433310724448413",
      "t" : 1756433310724,
      "tn" : 1756433310724448413,
      "q" : "310.0",
      "p" : "0.8062",
      "s" : "sell",
      "i" : "ERA_USD",
      "m" : "4611686018427508421"
    }, {
      "d" : "1756433279103086996",
      "t" : 1756433279103,
      "tn" : 1756433279103086996,
      "q" : "24.8",
      "p" : "0.8061",
      "s" : "buy",
      "i" : "ERA_USD",
      "m" : "4611686018427508420"
    }, {
      "d" : "1756433278612675107",
      "t" : 1756433278612,
      "tn" : 1756433278612675107,
      "q" : "24.8",
      "p" : "0.8062",
      "s" : "buy",
      "i" : "ERA_USD",
      "m" : "4611686018427508419"
    }, {
      "d" : "1756433278423672691",
      "t" : 1756433278423,
      "tn" : 1756433278423672691,
      "q" : "5.0",
      "p" : "0.8065",
      "s" : "sell",
      "i" : "ERA_USD",
      "m" : "4611686018427508418"
    }, {
      "d" : "1756433278415326624",
      "t" : 1756433278415,
      "tn" : 1756433278415326624,
      "q" : "309.9",
      "p" : "0.8067",
      "s" : "sell",
      "i" : "ERA_USD",
      "m" : "4611686018427508417"
    }, {
      "d" : "1756433259681371796",
      "t" : 1756433259681,
      "tn" : 1756433259681371796,
      "q" : "284.9",
      "p" : "0.8071",
      "s" : "buy",
      "i" : "ERA_USD",
      "m" : "4611686018427508416"
    }, {
      "d" : "1756433259681370134",
      "t" : 1756433259681,
      "tn" : 1756433259681370134,
      "q" : "24.8",
      "p" : "0.8070",
      "s" : "buy",
      "i" : "ERA_USD",
      "m" : "4611686018427508415"
    }, {
      "d" : "1756433236587521134",
      "t" : 1756433236587,
      "tn" : 1756433236587521134,
      "q" : "285.1",
      "p" : "0.8067",
      "s" : "buy",
      "i" : "ERA_USD",
      "m" : "4611686018427508414"
    }, {
      "d" : "1756433236587519098",
      "t" : 1756433236587,
      "tn" : 1756433236587519098,
      "q" : "24.8",
      "p" : "0.8065",
      "s" : "buy",
      "i" : "ERA_USD",
      "m" : "4611686018427508413"
    }, {
      "d" : "1756433236587156840",
      "t" : 1756433236587,
      "tn" : 1756433236587156840,
      "q" : "285.1",
      "p" : "0.8065",
      "s" : "buy",
      "i" : "ERA_USD",
      "m" : "4611686018427508412"
    }, {
      "d" : "1756433236587154848",
      "t" : 1756433236587,
      "tn" : 1756433236587154848,
      "q" : "24.8",
      "p" : "0.8063",
      "s" : "buy",
      "i" : "ERA_USD",
      "m" : "4611686018427508411"
    }, {
      "d" : "1756433212018990033",
      "t" : 1756433212018,
      "tn" : 1756433212018990033,
      "q" : "310.2",
      "p" : "0.8059",
      "s" : "buy",
      "i" : "ERA_USD",
      "m" : "4611686018427508410"
    }, {
      "d" : "1756433176141752156",
      "t" : 1756433176141,
      "tn" : 1756433176141752156,
      "q" : "24.9",
      "p" : "0.8045",
      "s" : "buy",
      "i" : "ERA_USD",
      "m" : "4611686018427508409"
    }, {
      "d" : "1756430436166749184",
      "t" : 1756430436166,
      "tn" : 1756430436166749184,
      "q" : "312.1",
      "p" : "0.8010",
      "s" : "buy",
      "i" : "ERA_USD",
      "m" : "4611686018427508408"
    }, {
      "d" : "1756429975300330482",
      "t" : 1756429975300,
      "tn" : 1756429975300330482,
      "q" : "311.0",
      "p" : "0.8037",
      "s" : "sell",
      "i" : "ERA_USD",
      "m" : "4611686018427508407"
    }, {
      "d" : "1756429733144009907",
      "t" : 1756429733144,
      "tn" : 1756429733144009907,
      "q" : "310.8",
      "p" : "0.8043",
      "s" : "sell",
      "i" : "ERA_USD",
      "m" : "4611686018427508406"
    }, {
      "d" : "1756429301585116498",
      "t" : 1756429301585,
      "tn" : 1756429301585116498,
      "q" : "310.4",
      "p" : "0.8054",
      "s" : "buy",
      "i" : "ERA_USD",
      "m" : "4611686018427508405"
    }, {
      "d" : "1756429149058001307",
      "t" : 1756429149058,
      "tn" : 1756429149058001307,
      "q" : "13.8",
      "p" : "0.8037",
      "s" : "sell",
      "i" : "ERA_USD",
      "m" : "4611686018427508404"
    }, {
      "d" : "1756429149057999718",
      "t" : 1756429149057,
      "tn" : 1756429149057999718,
      "q" : "24.9",
      "p" : "0.8039",
      "s" : "sell",
      "i" : "ERA_USD",
      "m" : "4611686018427508403"
    }, {
      "d" : "1756429149057514930",
      "t" : 1756429149057,
      "tn" : 1756429149057514930,
      "q" : "310.8",
      "p" : "0.8041",
      "s" : "sell",
      "i" : "ERA_USD",
      "m" : "4611686018427508402"
    }, {
      "d" : "1756428653730371862",
      "t" : 1756428653730,
      "tn" : 1756428653730371861,
      "q" : "311.0",
      "p" : "0.8037",
      "s" : "buy",
      "i" : "ERA_USD",
      "m" : "4611686018427508401"
    }, {
      "d" : "1756428653730371861",
      "t" : 1756428653730,
      "tn" : 1756428653730371861,
      "q" : "25.0",
      "p" : "0.8037",
      "s" : "buy",
      "i" : "ERA_USD",
      "m" : "4611686018427508401"
    }, {
      "d" : "1756428553001688725",
      "t" : 1756428553001,
      "tn" : 1756428553001688725,
      "q" : "311.3",
      "p" : "0.8029",
      "s" : "buy",
      "i" : "ERA_USD",
      "m" : "4611686018427508400"
    }, {
      "d" : "1756428332276783291",
      "t" : 1756428332276,
      "tn" : 1756428332276783291,
      "q" : "286.9",
      "p" : "0.8014",
      "s" : "sell",
      "i" : "ERA_USD",
      "m" : "4611686018427508399"
    }, {
      "d" : "1756428332276781320",
      "t" : 1756428332276,
      "tn" : 1756428332276781320,
      "q" : "25.0",
      "p" : "0.8015",
      "s" : "sell",
      "i" : "ERA_USD",
      "m" : "4611686018427508398"
    }, {
      "d" : "1756428028645344269",
      "t" : 1756428028645,
      "tn" : 1756428028645344269,
      "q" : "310.5",
      "p" : "0.8049",
      "s" : "sell",
      "i" : "ERA_USD",
      "m" : "4611686018427508397"
    }, {
      "d" : "1756427656225379369",
      "t" : 1756427656225,
      "tn" : 1756427656225379369,
      "q" : "310.8",
      "p" : "0.8042",
      "s" : "sell",
      "i" : "ERA_USD",
      "m" : "4611686018427508396"
    }, {
      "d" : "1756427201939291369",
      "t" : 1756427201939,
      "tn" : 1756427201939291369,
      "q" : "310.0",
      "p" : "0.8063",
      "s" : "sell",
      "i" : "ERA_USD",
      "m" : "4611686018427508395"
    }, {
      "d" : "1756426910159683116",
      "t" : 1756426910159,
      "tn" : 1756426910159683116,
      "q" : "310.2",
      "p" : "0.8058",
      "s" : "sell",
      "i" : "ERA_USD",
      "m" : "4611686018427508394"
    }, {
      "d" : "1756426870844160612",
      "t" : 1756426870844,
      "tn" : 1756426870844160612,
      "q" : "310.1",
      "p" : "0.8059",
      "s" : "sell",
      "i" : "ERA_USD",
      "m" : "4611686018427508393"
    }, {
      "d" : "1756426683985529707",
      "t" : 1756426683985,
      "tn" : 1756426683985529707,
      "q" : "310.5",
      "p" : "0.8050",
      "s" : "buy",
      "i" : "ERA_USD",
      "m" : "4611686018427508392"
    }, {
      "d" : "1756426450241849566",
      "t" : 1756426450241,
      "tn" : 1756426450241849566,
      "q" : "310.3",
      "p" : "0.8056",
      "s" : "sell",
      "i" : "ERA_USD",
      "m" : "4611686018427508391"
    }, {
      "d" : "1756426425259347293",
      "t" : 1756426425259,
      "tn" : 1756426425259347293,
      "q" : "310.2",
      "p" : "0.8059",
      "s" : "buy",
      "i" : "ERA_USD",
      "m" : "4611686018427508390"
    }, {
      "d" : "1756425424651129638",
      "t" : 1756425424651,
      "tn" : 1756425424651129638,
      "q" : "24.7",
      "p" : "0.8100",
      "s" : "buy",
      "i" : "ERA_USD",
      "m" : "4611686018427508389"
    }, {
      "d" : "1756425423976963009",
      "t" : 1756425423976,
      "tn" : 1756425423976963009,
      "q" : "308.2",
      "p" : "0.8110",
      "s" : "sell",
      "i" : "ERA_USD",
      "m" : "4611686018427508388"
    }, {
      "d" : "1756424370677999157",
      "t" : 1756424370677,
      "tn" : 1756424370677999157,
      "q" : "116.1",
      "p" : "0.8115",
      "s" : "buy",
      "i" : "ERA_USD",
      "m" : "4611686018427508387"
    }, {
      "d" : "1756424370677855482",
      "t" : 1756424370677,
      "tn" : 1756424370677855482,
      "q" : "500.0",
      "p" : "0.8115",
      "s" : "buy",
      "i" : "ERA_USD",
      "m" : "4611686018427508386"
    }, {
      "d" : "1756424370677648903",
      "t" : 1756424370677,
      "tn" : 1756424370677648902,
      "q" : "308.1",
      "p" : "0.8114",
      "s" : "buy",
      "i" : "ERA_USD",
      "m" : "4611686018427508385"
    }, {
      "d" : "1756424370677648902",
      "t" : 1756424370677,
      "tn" : 1756424370677648902,
      "q" : "140.9",
      "p" : "0.8114",
      "s" : "buy",
      "i" : "ERA_USD",
      "m" : "4611686018427508385"
    }, {
      "d" : "1756424370676700366",
      "t" : 1756424370676,
      "tn" : 1756424370676700366,
      "q" : "475.3",
      "p" : "0.8114",
      "s" : "buy",
      "i" : "ERA_USD",
      "m" : "4611686018427508384"
    }, {
      "d" : "1756424370676698891",
      "t" : 1756424370676,
      "tn" : 1756424370676698891,
      "q" : "24.7",
      "p" : "0.8113",
      "s" : "buy",
      "i" : "ERA_USD",
      "m" : "4611686018427508383"
    }, {
      "d" : "1756424370675722119",
      "t" : 1756424370675,
      "tn" : 1756424370675722119,
      "q" : "308.2",
      "p" : "0.8111",
      "s" : "buy",
      "i" : "ERA_USD",
      "m" : "4611686018427508382"
    }, {
      "d" : "1756423352128617841",
      "t" : 1756423352128,
      "tn" : 1756423352128617841,
      "q" : "309.2",
      "p" : "0.8083",
      "s" : "sell",
      "i" : "ERA_USD",
      "m" : "4611686018427508381"
    }, {
      "d" : "1756423317089053963",
      "t" : 1756423317089,
      "tn" : 1756423317089053963,
      "q" : "309.2",
      "p" : "0.8084",
      "s" : "buy",
      "i" : "ERA_USD",
      "m" : "4611686018427508380"
    }, {
      "d" : "1756422697958923988",
      "t" : 1756422697958,
      "tn" : 1756422697958923988,
      "q" : "309.0",
      "p" : "0.8088",
      "s" : "sell",
      "i" : "ERA_USD",
      "m" : "4611686018427508379"
    }, {
      "d" : "1756421167750167441",
      "t" : 1756421167750,
      "tn" : 1756421167750167441,
      "q" : "310.0",
      "p" : "0.8063",
      "s" : "sell",
      "i" : "ERA_USD",
      "m" : "4611686018427508378"
    }, {
      "d" : "1756421155476360634",
      "t" : 1756421155476,
      "tn" : 1756421155476360634,
      "q" : "310.1",
      "p" : "0.8061",
      "s" : "buy",
      "i" : "ERA_USD",
      "m" : "4611686018427508377"
    }, {
      "d" : "1756421155475754066",
      "t" : 1756421155475,
      "tn" : 1756421155475754066,
      "q" : "310.1",
      "p" : "0.8060",
      "s" : "sell",
      "i" : "ERA_USD",
      "m" : "4611686018427508376"
    }, {
      "d" : "1756420384178570609",
      "t" : 1756420384178,
      "tn" : 1756420384178570609,
      "q" : "310.0",
      "p" : "0.8063",
      "s" : "sell",
      "i" : "ERA_USD",
      "m" : "4611686018427508375"
    }, {
      "d" : "1756419874011630820",
      "t" : 1756419874011,
      "tn" : 1756419874011630820,
      "q" : "286.4",
      "p" : "0.8030",
      "s" : "sell",
      "i" : "ERA_USD",
      "m" : "4611686018427508374"
    } ]
  }
}