{
  "id" : -1,
  "method" : "public/get-trades",
  "code" : 0,
  "result" : {
    "data" : [ {
      "d" : "1756460778981628230",
      "t" : 1756460778981,
      "tn" : 1756460778981628230,
      "q" : "1",
      "p" : "0.7717",
      "s" : "buy",
      "i" : "ERAUSD-PERP",
      "m" : "4611686018427476802"
    }, {
      "d" : "1756460778981626351",
      "t" : 1756460778981,
      "tn" : 1756460778981626351,
      "q" : "1",
      "p" : "0.7715",
      "s" : "buy",
      "i" : "ERAUSD-PERP",
      "m" : "4611686018427476801"
    }, {
      "d" : "1756458867362566610",
      "t" : 1756458867362,
      "tn" : 1756458867362566610,
      "q" : "1",
      "p" : "0.7669",
      "s" : "buy",
      "i" : "ERAUSD-PERP",
      "m" : "4611686018427476800"
    }, {
      "d" : "1756458639208551673",
      "t" : 1756458639208,
      "tn" : 1756458639208551673,
      "q" : "1",
      "p" : "0.7650",
      "s" : "buy",
      "i" : "ERAUSD-PERP",
      "m" : "4611686018427476799"
    }, {
      "d" : "1756458235750077837",
      "t" : 1756458235750,
      "tn" : 1756458235750077837,
      "q" : "1",
      "p" : "0.7658",
      "s" : "buy",
      "i" : "ERAUSD-PERP",
      "m" : "4611686018427476798"
    }, {
      "d" : "1756458205488551782",
      "t" : 1756458205488,
      "tn" : 1756458205488551782,
      "q" : "1",
      "p" : "0.7639",
      "s" : "buy",
      "i" : "ERAUSD-PERP",
      "m" : "4611686018427476797"
    }, {
      "d" : "1756458195230630053",
      "t" : 1756458195230,
      "tn" : 1756458195230630053,
      "q" : "1",
      "p" : "0.7642",
      "s" : "sell",
      "i" : "ERAUSD-PERP",
      "m" : "4611686018427476796"
    }, {
      "d" : "1756458191235890135",
      "t" : 1756458191235,
      "tn" : 1756458191235890135,
      "q" : "1",
      "p" : "0.7649",
      "s" : "sell",
      "i" : "ERAUSD-PERP",
      "m" : "4611686018427476795"
    }, {
      "d" : "1756458191234310340",
      "t" : 1756458191234,
      "tn" : 1756458191234310340,
      "q" : "1",
      "p" : "0.7650",
      "s" : "sell",
      "i" : "ERAUSD-PERP",
      "m" : "4611686018427476794"
    }, {
      "d" : "1756458166466203573",
      "t" : 1756458166466,
      "tn" : 1756458166466203572,
      "q" : "1",
      "p" : "0.7652",
      "s" : "sell",
      "i" : "ERAUSD-PERP",
      "m" : "4611686018427476793"
    }, {
      "d" : "1756458166466203572",
      "t" : 1756458166466,
      "tn" : 1756458166466203572,
      "q" : "1",
      "p" : "0.7652",
      "s" : "sell",
      "i" : "ERAUSD-PERP",
      "m" : "4611686018427476793"
    }, {
      "d" : "1756458009118891909",
      "t" : 1756458009118,
      "tn" : 1756458009118891909,
      "q" : "1",
      "p" : "0.7678",
      "s" : "buy",
      "i" : "ERAUSD-PERP",
      "m" : "4611686018427476792"
    }, {
      "d" : "1756458006049370054",
      "t" : 1756458006049,
      "tn" : 1756458006049370053,
      "q" : "1",
      "p" : "0.7691",
      "s" : "sell",
      "i" : "ERAUSD-PERP",
      "m" : "4611686018427476791"
    }, {
      "d" : "1756458006049370053",
      "t" : 1756458006049,
      "tn" : 1756458006049370053,
      "q" : "1",
      "p" : "0.7691",
      "s" : "sell",
      "i" : "ERAUSD-PERP",
      "m" : "4611686018427476791"
    }, {
      "d" : "1756457940183402824",
      "t" : 1756457940183,
      "tn" : 1756457940183402824,
      "q" : "1",
      "p" : "0.7712",
      "s" : "sell",
      "i" : "ERAUSD-PERP",
      "m" : "4611686018427476790"
    }, {
      "d" : "1756457940183400732",
      "t" : 1756457940183,
      "tn" : 1756457940183400732,
      "q" : "1",
      "p" : "0.7714",
      "s" : "sell",
      "i" : "ERAUSD-PERP",
      "m" : "4611686018427476789"
    }, {
      "d" : "1756457933424480569",
      "t" : 1756457933424,
      "tn" : 1756457933424480568,
      "q" : "1",
      "p" : "0.7722",
      "s" : "sell",
      "i" : "ERAUSD-PERP",
      "m" : "4611686018427476788"
    }, {
      "d" : "1756457933424480568",
      "t" : 1756457933424,
      "tn" : 1756457933424480568,
      "q" : "1",
      "p" : "0.7722",
      "s" : "sell",
      "i" : "ERAUSD-PERP",
      "m" : "4611686018427476788"
    }, {
      "d" : "1756456206499791667",
      "t" : 1756456206499,
      "tn" : 1756456206499791667,
      "q" : "1",
      "p" : "0.7751",
      "s" : "buy",
      "i" : "ERAUSD-PERP",
      "m" : "4611686018427476787"
    }, {
      "d" : "1756455870199474182",
      "t" : 1756455870199,
      "tn" : 1756455870199474182,
      "q" : "7",
      "p" : "0.7747",
      "s" : "sell",
      "i" : "ERAUSD-PERP",
      "m" : "4611686018427476786"
    }, {
      "d" : "1756455870199472410",
      "t" : 1756455870199,
      "tn" : 1756455870199472409,
      "q" : "1",
      "p" : "0.7752",
      "s" : "sell",
      "i" : "ERAUSD-PERP",
      "m" : "4611686018427476785"
    }, {
      "d" : "1756455870199472409",
      "t" : 1756455870199,
      "tn" : 1756455870199472409,
      "q" : "1",
      "p" : "0.7752",
      "s" : "sell",
      "i" : "ERAUSD-PERP",
      "m" : "4611686018427476785"
    }, {
      "d" : "1756455844783922960",
      "t" : 1756455844783,
      "tn" : 1756455844783922960,
      "q" : "43",
      "p" : "0.7765",
      "s" : "buy",
      "i" : "ERAUSD-PERP",
      "m" : "4611686018427476784"
    }, {
      "d" : "1756455739341013613",
      "t" : 1756455739341,
      "tn" : 1756455739341013613,
      "q" : "1",
      "p" : "0.7766",
      "s" : "buy",
      "i" : "ERAUSD-PERP",
      "m" : "4611686018427476783"
    }, {
      "d" : "1756455739341011665",
      "t" : 1756455739341,
      "tn" : 1756455739341011665,
      "q" : "1",
      "p" : "0.7764",
      "s" : "buy",
      "i" : "ERAUSD-PERP",
      "m" : "4611686018427476782"
    }, {
      "d" : "1756455636633926229",
      "t" : 1756455636633,
      "tn" : 1756455636633926229,
      "q" : "1",
      "p" : "0.7763",
      "s" : "buy",
      "i" : "ERAUSD-PERP",
      "m" : "4611686018427476781"
    }, {
      "d" : "1756455631044120234",
      "t" : 1756455631044,
      "tn" : 1756455631044120234,
      "q" : "1",
      "p" : "0.7749",
      "s" : "sell",
      "i" : "ERAUSD-PERP",
      "m" : "4611686018427476780"
    }, {
      "d" : "1756455631044115936",
      "t" : 1756455631044,
      "tn" : 1756455631044115936,
      "q" : "1",
      "p" : "0.7750",
      "s" : "sell",
      "i" : "ERAUSD-PERP",
      "m" : "4611686018427476779"
    }, {
      "d" : "1756454811745109536",
      "t" : 1756454811745,
      "tn" : 1756454811745109536,
      "q" : "120",
      "p" : "0.7800",
      "s" : "buy",
      "i" : "ERAUSD-PERP",
      "m" : "4611686018427476778"
    }, {
      "d" : "1756454174346590203",
      "t" : 1756454174346,
      "tn" : 1756454174346590203,
      "q" : "44",
      "p" : "0.7779",
      "s" : "buy",
      "i" : "ERAUSD-PERP",
      "m" : "4611686018427476777"
    }, {
      "d" : "1756454174286528123",
      "t" : 1756454174286,
      "tn" : 1756454174286528123,
      "q" : "87",
      "p" : "0.7779",
      "s" : "buy",
      "i" : "ERAUSD-PERP",
      "m" : "4611686018427476776"
    }, {
      "d" : "1756454174286104719",
      "t" : 1756454174286,
      "tn" : 1756454174286104719,
      "q" : "44",
      "p" : "0.7779",
      "s" : "buy",
      "i" : "ERAUSD-PERP",
      "m" : "4611686018427476775"
    }, {
      "d" : "1756453824264541592",
      "t" : 1756453824264,
      "tn" : 1756453824264541592,
      "q" : "1",
      "p" : "0.7779",
      "s" : "buy",
      "i" : "ERAUSD-PERP",
      "m" : "4611686018427476774"
    }, {
      "d" : "1756453557775652465",
      "t" : 1756453557775,
      "tn" : 1756453557775652465,
      "q" : "1",
      "p" : "0.7791",
      "s" : "buy",
      "i" : "ERAUSD-PERP",
      "m" : "4611686018427476773"
    }, {
      "d" : "1756453527947226917",
      "t" : 1756453527947,
      "tn" : 1756453527947226917,
      "q" : "1",
      "p" : "0.7785",
      "s" : "buy",
      "i" : "ERAUSD-PERP",
      "m" : "4611686018427476772"
    }, {
      "d" : "1756453435309517113",
      "t" : 1756453435309,
      "tn" : 1756453435309517113,
      "q" : "1",
      "p" : "0.7780",
      "s" : "sell",
      "i" : "ERAUSD-PERP",
      "m" : "4611686018427476771"
    }, {
      "d" : "1756453435309307095",
      "t" : 1756453435309,
      "tn" : 1756453435309307095,
      "q" : "1",
      "p" : "0.7781",
      "s" : "sell",
      "i" : "ERAUSD-PERP",
      "m" : "4611686018427476770"
    }, {
      "d" : "1756453042439803010",
      "t" : 1756453042439,
      "tn" : 1756453042439803010,
      "q" : "44",
      "p" : "0.7798",
      "s" : "sell",
      "i" : "ERAUSD-PERP",
      "m" : "4611686018427476769"
    }, {
      "d" : "1756453042439449862",
      "t" : 1756453042439,
      "tn" : 1756453042439449862,
      "q" : "84",
      "p" : "0.7798",
      "s" : "sell",
      "i" : "ERAUSD-PERP",
      "m" : "4611686018427476768"
    }, {
      "d" : "1756453042435968293",
      "t" : 1756453042435,
      "tn" : 1756453042435968292,
      "q" : "1",
      "p" : "0.7806",
      "s" : "sell",
      "i" : "ERAUSD-PERP",
      "m" : "4611686018427476767"
    }, {
      "d" : "1756453042435968292",
      "t" : 1756453042435,
      "tn" : 1756453042435968292,
      "q" : "1",
      "p" : "0.7806",
      "s" : "sell",
      "i" : "ERAUSD-PERP",
      "m" : "4611686018427476767"
    }, {
      "d" : "1756452883145191616",
      "t" : 1756452883145,
      "tn" : 1756452883145191615,
      "q" : "1",
      "p" : "0.7819",
      "s" : "sell",
      "i" : "ERAUSD-PERP",
      "m" : "4611686018427476766"
    }, {
      "d" : "1756452883145191615",
      "t" : 1756452883145,
      "tn" : 1756452883145191615,
      "q" : "1",
      "p" : "0.7819",
      "s" : "sell",
      "i" : "ERAUSD-PERP",
      "m" : "4611686018427476766"
    }, {
      "d" : "1756452409464670215",
      "t" : 1756452409464,
      "tn" : 1756452409464670215,
      "q" : "1",
      "p" : "0.7808",
      "s" : "buy",
      "i" : "ERAUSD-PERP",
      "m" : "4611686018427476765"
    }, {
      "d" : "1756452382766961839",
      "t" : 1756452382766,
      "tn" : 1756452382766961839,
      "q" : "1",
      "p" : "0.7838",
      "s" : "sell",
      "i" : "ERAUSD-PERP",
      "m" : "4611686018427476764"
    }, {
      "d" : "1756452158459418339",
      "t" : 1756452158459,
      "tn" : 1756452158459418338,
      "q" : "1",
      "p" : "0.7868",
      "s" : "sell",
      "i" : "ERAUSD-PERP",
      "m" : "4611686018427476763"
    }, {
      "d" : "1756452158459418338",
      "t" : 1756452158459,
      "tn" : 1756452158459418338,
      "q" : "1",
      "p" : "0.7868",
      "s" : "sell",
      "i" : "ERAUSD-PERP",
      "m" : "4611686018427476763"
    }, {
      "d" : "1756449436930896095",
      "t" : 1756449436930,
      "tn" : 1756449436930896095,
      "q" : "227",
      "p" : "0.7967",
      "s" : "sell",
      "i" : "ERAUSD-PERP",
      "m" : "4611686018427476762"
    }, {
      "d" : "1756447489558684223",
      "t" : 1756447489558,
      "tn" : 1756447489558684223,
      "q" : "1",
      "p" : "0.7998",
      "s" : "buy",
      "i" : "ERAUSD-PERP",
      "m" : "4611686018427476761"
    }, {
      "d" : "1756441015680144933",
      "t" : 1756441015680,
      "tn" : 1756441015680144933,
      "q" : "1",
      "p" : "0.8008",
      "s" : "sell",
      "i" : "ERAUSD-PERP",
      "m" : "4611686018427476760"
    }, {
      "d" : "1756436963856773253",
      "t" : 1756436963856,
      "tn" : 1756436963856773253,
      "q" : "1",
      "p" : "0.8032",
      "s" : "sell",
      "i" : "ERAUSD-PERP",
      "m" : "4611686018427476759"
    }, {
      "d" : "1756436963856771491",
      "t" : 1756436963856,
      "tn" : 1756436963856771491,
      "q" : "1",
      "p" : "0.8033",
      "s" : "sell",
      "i" : "ERAUSD-PERP",
      "m" : "4611686018427476758"
    }, {
      "d" : "1756434751091059551",
      "t" : 1756434751091,
      "tn" : 1756434751091059551,
      "q" : "1",
      "p" : "0.8046",
      "s" : "buy",
      "i" : "ERAUSD-PERP",
      "m" : "4611686018427476757"
    }, {
      "d" : "1756430415389766529",
      "t" : 1756430415389,
      "tn" : 1756430415389766528,
      "q" : "1",
      "p" : "0.8015",
      "s" : "sell",
      "i" : "ERAUSD-PERP",
      "m" : "4611686018427476756"
    }, {
      "d" : "1756430415389766528",
      "t" : 1756430415389,
      "tn" : 1756430415389766528,
      "q" : "1",
      "p" : "0.8015",
      "s" : "sell",
      "i" : "ERAUSD-PERP",
      "m" : "4611686018427476756"
    }, {
      "d" : "1756429733142216361",
      "t" : 1756429733142,
      "tn" : 1756429733142216360,
      "q" : "1",
      "p" : "0.8045",
      "s" : "sell",
      "i" : "ERAUSD-PERP",
      "m" : "4611686018427476755"
    }, {
      "d" : "1756429733142216360",
      "t" : 1756429733142,
      "tn" : 1756429733142216360,
      "q" : "1",
      "p" : "0.8045",
      "s" : "sell",
      "i" : "ERAUSD-PERP",
      "m" : "4611686018427476755"
    }, {
      "d" : "1756429301584443759",
      "t" : 1756429301584,
      "tn" : 1756429301584443759,
      "q" : "1",
      "p" : "0.8056",
      "s" : "buy",
      "i" : "ERAUSD-PERP",
      "m" : "4611686018427476754"
    }, {
      "d" : "1756428332277780040",
      "t" : 1756428332277,
      "tn" : 1756428332277780039,
      "q" : "1",
      "p" : "0.8017",
      "s" : "sell",
      "i" : "ERAUSD-PERP",
      "m" : "4611686018427476753"
    }, {
      "d" : "1756428332277780039",
      "t" : 1756428332277,
      "tn" : 1756428332277780039,
      "q" : "1",
      "p" : "0.8017",
      "s" : "sell",
      "i" : "ERAUSD-PERP",
      "m" : "4611686018427476753"
    }, {
      "d" : "1756426870842642493",
      "t" : 1756426870842,
      "tn" : 1756426870842642493,
      "q" : "1",
      "p" : "0.8065",
      "s" : "sell",
      "i" : "ERAUSD-PERP",
      "m" : "4611686018427476752"
    }, {
      "d" : "1756426683984214582",
      "t" : 1756426683984,
      "tn" : 1756426683984214582,
      "q" : "1",
      "p" : "0.8051",
      "s" : "buy",
      "i" : "ERAUSD-PERP",
      "m" : "4611686018427476751"
    }, {
      "d" : "1756426425257795959",
      "t" : 1756426425257,
      "tn" : 1756426425257795959,
      "q" : "1",
      "p" : "0.8058",
      "s" : "buy",
      "i" : "ERAUSD-PERP",
      "m" : "4611686018427476750"
    }, {
      "d" : "1756419853050962254",
      "t" : 1756419853050,
      "tn" : 1756419853050962254,
      "q" : "1",
      "p" : "0.8032",
      "s" : "buy",
      "i" : "ERAUSD-PERP",
      "m" : "4611686018427476749"
    }, {
      "d" : "1756418483581087152",
      "t" : 1756418483581,
      "tn" : 1756418483581087151,
      "q" : "1",
      "p" : "0.7994",
      "s" : "sell",
      "i" : "ERAUSD-PERP",
      "m" : "4611686018427476748"
    }, {
      "d" : "1756418483581087151",
      "t" : 1756418483581,
      "tn" : 1756418483581087151,
      "q" : "1",
      "p" : "0.7994",
      "s" : "sell",
      "i" : "ERAUSD-PERP",
      "m" : "4611686018427476748"
    }, {
      "d" : "1756412821471123256",
      "t" : 1756412821471,
      "tn" : 1756412821471123256,
      "q" : "1",
      "p" : "0.7948",
      "s" : "buy",
      "i" : "ERAUSD-PERP",
      "m" : "4611686018427476747"
    }, {
      "d" : "1756411601002949958",
      "t" : 1756411601002,
      "tn" : 1756411601002949957,
      "q" : "1",
      "p" : "0.7903",
      "s" : "sell",
      "i" : "ERAUSD-PERP",
      "m" : "4611686018427476746"
    }, {
      "d" : "1756411601002949957",
      "t" : 1756411601002,
      "tn" : 1756411601002949957,
      "q" : "1",
      "p" : "0.7903",
      "s" : "sell",
      "i" : "ERAUSD-PERP",
      "m" : "4611686018427476746"
    }, {
      "d" : "1756410602299220878",
      "t" : 1756410602299,
      "tn" : 1756410602299220878,
      "q" : "1",
      "p" : "0.7911",
      "s" : "buy",
      "i" : "ERAUSD-PERP",
      "m" : "4611686018427476745"
    }, {
      "d" : "1756400677904354874",
      "t" : 1756400677904,
      "tn" : 1756400677904354873,
      "q" : "1",
      "p" : "0.7904",
      "s" : "sell",
      "i" : "ERAUSD-PERP",
      "m" : "4611686018427476744"
    }, {
      "d" : "1756400677904354873",
      "t" : 1756400677904,
      "tn" : 1756400677904354873,
      "q" : "1",
      "p" : "0.7904",
      "s" : "sell",
      "i" : "ERAUSD-PERP",
      "m" : "4611686018427476744"
    }, {
      "d" : "1756400302048627990",
      "t" : 1756400302048,
      "tn" : 1756400302048627990,
      "q" : "1",
      "p" : "0.7919",
      "s" : "sell",
      "i" : "ERAUSD-PERP",
      "m" : "4611686018427476743"
    }, {
      "d" : "1756398028744437127",
      "t" : 1756398028744,
      "tn" : 1756398028744437127,
      "q" : "1",
      "p" : "0.8006",
      "s" : "buy",
      "i" : "ERAUSD-PERP",
      "m" : "4611686018427476742"
    }, {
      "d" : "1756396147854822120",
      "t" : 1756396147854,
      "tn" : 1756396147854822119,
      "q" : "1",
      "p" : "0.7972",
      "s" : "sell",
      "i" : "ERAUSD-PERP",
      "m" : "4611686018427476741"
    }, {
      "d" : "1756396147854822119",
      "t" : 1756396147854,
      "tn" : 1756396147854822119,
      "q" : "1",
      "p" : "0.7972",
      "s" : "sell",
      "i" : "ERAUSD-PERP",
      "m" : "4611686018427476741"
    }, {
      "d" : "1756395894580240601",
      "t" : 1756395894580,
      "tn" : 1756395894580240601,
      "q" : "1",
      "p" : "0.8010",
      "s" : "sell",
      "i" : "ERAUSD-PERP",
      "m" : "4611686018427476740"
    }, {
      "d" : "1756395680545385601",
      "t" : 1756395680545,
      "tn" : 1756395680545385601,
      "q" : "1",
      "p" : "0.8013",
      "s" : "sell",
      "i" : "ERAUSD-PERP",
      "m" : "4611686018427476739"
    }, {
      "d" : "1756394865296657998",
      "t" : 1756394865296,
      "tn" : 1756394865296657998,
      "q" : "1",
      "p" : "0.7997",
      "s" : "sell",
      "i" : "ERAUSD-PERP",
      "m" : "4611686018427476738"
    }, {
      "d" : "1756394662068373021",
      "t" : 1756394662068,
      "tn" : 1756394662068373021,
      "q" : "1",
      "p" : "0.8014",
      "s" : "sell",
      "i" : "ERAUSD-PERP",
      "m" : "4611686018427476737"
    }, {
      "d" : "1756394299899951333",
      "t" : 1756394299899,
      "tn" : 1756394299899951333,
      "q" : "1",
      "p" : "0.8056",
      "s" : "sell",
      "i" : "ERAUSD-PERP",
      "m" : "4611686018427476736"
    }, {
      "d" : "1756390710803974543",
      "t" : 1756390710803,
      "tn" : 1756390710803974542,
      "q" : "1",
      "p" : "0.8049",
      "s" : "buy",
      "i" : "ERAUSD-PERP",
      "m" : "4611686018427476735"
    }, {
      "d" : "1756390710803974542",
      "t" : 1756390710803,
      "tn" : 1756390710803974542,
      "q" : "1",
      "p" : "0.8049",
      "s" : "buy",
      "i" : "ERAUSD-PERP",
      "m" : "4611686018427476735"
    }, {
      "d" : "1756390501731573374",
      "t" : 1756390501731,
      "tn" : 1756390501731573374,
      "q" : "1",
      "p" : "0.8030",
      "s" : "sell",
      "i" : "ERAUSD-PERP",
      "m" : "4611686018427476734"
    }, {
      "d" : "1756390020470504865",
      "t" : 1756390020470,
      "tn" : 1756390020470504865,
      "q" : "1",
      "p" : "0.8043",
      "s" : "buy",
      "i" : "ERAUSD-PERP",
      "m" : "4611686018427476733"
    }, {
      "d" : "1756389913389830171",
      "t" : 1756389913389,
      "tn" : 1756389913389830171,
      "q" : "1",
      "p" : "0.8022",
      "s" : "sell",
      "i" : "ERAUSD-PERP",
      "m" : "4611686018427476732"
    }, {
      "d" : "1756389345797881842",
      "t" : 1756389345797,
      "tn" : 1756389345797881842,
      "q" : "1",
      "p" : "0.7996",
      "s" : "sell",
      "i" : "ERAUSD-PERP",
      "m" : "4611686018427476731"
    }, {
      "d" : "1756389328425670983",
      "t" : 1756389328425,
      "tn" : 1756389328425670983,
      "q" : "1",
      "p" : "0.8001",
      "s" : "sell",
      "i" : "ERAUSD-PERP",
      "m" : "4611686018427476730"
    }, {
      "d" : "1756389328422949334",
      "t" : 1756389328422,
      "tn" : 1756389328422949334,
      "q" : "1",
      "p" : "0.8007",
      "s" : "sell",
      "i" : "ERAUSD-PERP",
      "m" : "4611686018427476729"
    }, {
      "d" : "1756389045027204279",
      "t" : 1756389045027,
      "tn" : 1756389045027204279,
      "q" : "1",
      "p" : "0.8009",
      "s" : "sell",
      "i" : "ERAUSD-PERP",
      "m" : "4611686018427476728"
    }, {
      "d" : "1756388838490484840",
      "t" : 1756388838490,
      "tn" : 1756388838490484840,
      "q" : "1",
      "p" : "0.8040",
      "s" : "sell",
      "i" : "ERAUSD-PERP",
      "m" : "4611686018427476727"
    }, {
      "d" : "1756388691356229000",
      "t" : 1756388691356,
      "tn" : 1756388691356229000,
      "q" : "835",
      "p" : "0.8040",
      "s" : "sell",
      "i" : "ERAUSD-PERP",
      "m" : "4611686018427476726"
    }, {
      "d" : "1756388691356226067",
      "t" : 1756388691356,
      "tn" : 1756388691356226067,
      "q" : "495",
      "p" : "0.8042",
      "s" : "sell",
      "i" : "ERAUSD-PERP",
      "m" : "4611686018427476725"
    }, {
      "d" : "1756388691356223478",
      "t" : 1756388691356,
      "tn" : 1756388691356223478,
      "q" : "50",
      "p" : "0.8043",
      "s" : "sell",
      "i" : "ERAUSD-PERP",
      "m" : "4611686018427476724"
    }, {
      "d" : "1756388691356220878",
      "t" : 1756388691356,
      "tn" : 1756388691356220878,
      "q" : "1",
      "p" : "0.8052",
      "s" : "sell",
      "i" : "ERAUSD-PERP",
      "m" : "4611686018427476723"
    }, {
      "d" : "1756388691356218335",
      "t" : 1756388691356,
      "tn" : 1756388691356218335,
      "q" : "1",
      "p" : "0.8057",
      "s" : "sell",
      "i" : "ERAUSD-PERP",
      "m" : "4611686018427476722"
    }, {
      "d" : "1756388429269019025",
      "t" : 1756388429269,
      "tn" : 1756388429269019025,
      "q" : "1",
      "p" : "0.8064",
      "s" : "sell",
      "i" : "ERAUSD-PERP",
      "m" : "4611686018427476721"
    }, {
      "d" : "1756387926444042378",
      "t" : 1756387926444,
      "tn" : 1756387926444042378,
      "q" : "1",
      "p" : "0.8064",
      "s" : "buy",
      "i" : "ERAUSD-PERP",
      "m" : "4611686018427476720"
    }, {
      "d" : "1756387926442817240",
      "t" : 1756387926442,
      "tn" : 1756387926442817240,
      "q" : "1",
      "p" : "0.8062",
      "s" : "buy",
      "i" : "ERAUSD-PERP",
      "m" : "4611686018427476719"
    }, {
      "d" : "1756387709530956095",
      "t" : 1756387709530,
      "tn" : 1756387709530956095,
      "q" : "1",
      "p" : "0.8060",
      "s" : "buy",
      "i" : "ERAUSD-PERP",
      "m" : "4611686018427476718"
    }, {
      "d" : "1756387201231208225",
      "t" : 1756387201231,
      "tn" : 1756387201231208225,
      "q" : "1",
      "p" : "0.8074",
      "s" : "buy",
      "i" : "ERAUSD-PERP",
      "m" : "4611686018427476717"
    }, {
      "d" : "1756387201231186788",
      "t" : 1756387201231,
      "tn" : 1756387201231186788,
      "q" : "1",
      "p" : "0.8073",
      "s" : "buy",
      "i" : "ERAUSD-PERP",
      "m" : "4611686018427476716"
    }, {
      "d" : "1756387195837713617",
      "t" : 1756387195837,
      "tn" : 1756387195837713617,
      "q" : "1",
      "p" : "0.8068",
      "s" : "buy",
      "i" : "ERAUSD-PERP",
      "m" : "4611686018427476715"
    }, {
      "d" : "1756387195837613628",
      "t" : 1756387195837,
      "tn" : 1756387195837613628,
      "q" : "1",
      "p" : "0.8066",
      "s" : "buy",
      "i" : "ERAUSD-PERP",
      "m" : "4611686018427476714"
    }, {
      "d" : "1756386684049950271",
      "t" : 1756386684049,
      "tn" : 1756386684049950270,
      "q" : "1",
      "p" : "0.8074",
      "s" : "buy",
      "i" : "ERAUSD-PERP",
      "m" : "4611686018427476713"
    }, {
      "d" : "1756386684049950270",
      "t" : 1756386684049,
      "tn" : 1756386684049950270,
      "q" : "1",
      "p" : "0.8074",
      "s" : "buy",
      "i" : "ERAUSD-PERP",
      "m" : "4611686018427476713"
    }, {
      "d" : "1756386681078857946",
      "t" : 1756386681078,
      "tn" : 1756386681078857945,
      "q" : "1",
      "p" : "0.8069",
      "s" : "buy",
      "i" : "ERAUSD-PERP",
      "m" : "4611686018427476712"
    }, {
      "d" : "1756386681078857945",
      "t" : 1756386681078,
      "tn" : 1756386681078857945,
      "q" : "1",
      "p" : "0.8069",
      "s" : "buy",
      "i" : "ERAUSD-PERP",
      "m" : "4611686018427476712"
    }, {
      "d" : "1756386680649082486",
      "t" : 1756386680649,
      "tn" : 1756386680649082486,
      "q" : "61",
      "p" : "0.8064",
      "s" : "sell",
      "i" : "ERAUSD-PERP",
      "m" : "4611686018427476711"
    }, {
      "d" : "1756386680643889583",
      "t" : 1756386680643,
      "tn" : 1756386680643889583,
      "q" : "61",
      "p" : "0.8064",
      "s" : "buy",
      "i" : "ERAUSD-PERP",
      "m" : "4611686018427476710"
    }, {
      "d" : "1756386680643166822",
      "t" : 1756386680643,
      "tn" : 1756386680643166821,
      "q" : "248",
      "p" : "0.8062",
      "s" : "buy",
      "i" : "ERAUSD-PERP",
      "m" : "4611686018427476709"
    }, {
      "d" : "1756386680643166821",
      "t" : 1756386680643,
      "tn" : 1756386680643166821,
      "q" : "62",
      "p" : "0.8062",
      "s" : "buy",
      "i" : "ERAUSD-PERP",
      "m" : "4611686018427476709"
    }, {
      "d" : "1756386680643164023",
      "t" : 1756386680643,
      "tn" : 1756386680643164023,
      "q" : "62",
      "p" : "0.8060",
      "s" : "buy",
      "i" : "ERAUSD-PERP",
      "m" : "4611686018427476708"
    }, {
      "d" : "1756386680643162057",
      "t" : 1756386680643,
      "tn" : 1756386680643162057,
      "q" : "62",
      "p" : "0.8058",
      "s" : "buy",
      "i" : "ERAUSD-PERP",
      "m" : "4611686018427476707"
    }, {
      "d" : "1756386680643135347",
      "t" : 1756386680643,
      "tn" : 1756386680643135347,
      "q" : "1",
      "p" : "0.8052",
      "s" : "buy",
      "i" : "ERAUSD-PERP",
      "m" : "4611686018427476706"
    }, {
      "d" : "1756386680643133213",
      "t" : 1756386680643,
      "tn" : 1756386680643133213,
      "q" : "1",
      "p" : "0.8051",
      "s" : "buy",
      "i" : "ERAUSD-PERP",
      "m" : "4611686018427476705"
    }, {
      "d" : "1756386677867101689",
      "t" : 1756386677867,
      "tn" : 1756386677867101689,
      "q" : "62",
      "p" : "0.8038",
      "s" : "buy",
      "i" : "ERAUSD-PERP",
      "m" : "4611686018427476704"
    }, {
      "d" : "1756386677867099838",
      "t" : 1756386677867,
      "tn" : 1756386677867099838,
      "q" : "62",
      "p" : "0.8036",
      "s" : "buy",
      "i" : "ERAUSD-PERP",
      "m" : "4611686018427476703"
    }, {
      "d" : "1756386677866949632",
      "t" : 1756386677866,
      "tn" : 1756386677866949631,
      "q" : "248",
      "p" : "0.8034",
      "s" : "buy",
      "i" : "ERAUSD-PERP",
      "m" : "4611686018427476702"
    }, {
      "d" : "1756386677866949631",
      "t" : 1756386677866,
      "tn" : 1756386677866949631,
      "q" : "62",
      "p" : "0.8034",
      "s" : "buy",
      "i" : "ERAUSD-PERP",
      "m" : "4611686018427476702"
    }, {
      "d" : "1756386677866946644",
      "t" : 1756386677866,
      "tn" : 1756386677866946644,
      "q" : "62",
      "p" : "0.8032",
      "s" : "buy",
      "i" : "ERAUSD-PERP",
      "m" : "4611686018427476701"
    }, {
      "d" : "1756386677866404471",
      "t" : 1756386677866,
      "tn" : 1756386677866404471,
      "q" : "192",
      "p" : "0.8031",
      "s" : "buy",
      "i" : "ERAUSD-PERP",
      "m" : "4611686018427476700"
    }, {
      "d" : "1756386677866403942",
      "t" : 1756386677866,
      "tn" : 1756386677866403942,
      "q" : "1",
      "p" : "0.8025",
      "s" : "buy",
      "i" : "ERAUSD-PERP",
      "m" : "4611686018427476699"
    }, {
      "d" : "1756386677866399423",
      "t" : 1756386677866,
      "tn" : 1756386677866399423,
      "q" : "1",
      "p" : "0.8024",
      "s" : "buy",
      "i" : "ERAUSD-PERP",
      "m" : "4611686018427476698"
    }, {
      "d" : "1756385374225074360",
      "t" : 1756385374225,
      "tn" : 1756385374225074360,
      "q" : "1",
      "p" : "0.8027",
      "s" : "buy",
      "i" : "ERAUSD-PERP",
      "m" : "4611686018427476697"
    }, {
      "d" : "1756385221825239019",
      "t" : 1756385221825,
      "tn" : 1756385221825239019,
      "q" : "1",
      "p" : "0.8020",
      "s" : "buy",
      "i" : "ERAUSD-PERP",
      "m" : "4611686018427476696"
    }, {
      "d" : "1756385221823050536",
      "t" : 1756385221823,
      "tn" : 1756385221823050536,
      "q" : "1",
      "p" : "0.8019",
      "s" : "buy",
      "i" : "ERAUSD-PERP",
      "m" : "4611686018427476695"
    }, {
      "d" : "1756380330510844289",
      "t" : 1756380330510,
      "tn" : 1756380330510844289,
      "q" : "62",
      "p" : "0.7968",
      "s" : "buy",
      "i" : "ERAUSD-PERP",
      "m" : "4611686018427476694"
    }, {
      "d" : "1756380330506890781",
      "t" : 1756380330506,
      "tn" : 1756380330506890780,
      "q" : "1",
      "p" : "0.7965",
      "s" : "buy",
      "i" : "ERAUSD-PERP",
      "m" : "4611686018427476693"
    }, {
      "d" : "1756380330506890780",
      "t" : 1756380330506,
      "tn" : 1756380330506890780,
      "q" : "1",
      "p" : "0.7965",
      "s" : "buy",
      "i" : "ERAUSD-PERP",
      "m" : "4611686018427476693"
    }, {
      "d" : "1756379344654440150",
      "t" : 1756379344654,
      "tn" : 1756379344654440150,
      "q" : "113",
      "p" : "0.7968",
      "s" : "sell",
      "i" : "ERAUSD-PERP",
      "m" : "4611686018427476692"
    }, {
      "d" : "1756379302092208783",
      "t" : 1756379302092,
      "tn" : 1756379302092208783,
      "q" : "59",
      "p" : "0.7985",
      "s" : "sell",
      "i" : "ERAUSD-PERP",
      "m" : "4611686018427476691"
    }, {
      "d" : "1756378812803605908",
      "t" : 1756378812803,
      "tn" : 1756378812803605907,
      "q" : "1",
      "p" : "0.8005",
      "s" : "buy",
      "i" : "ERAUSD-PERP",
      "m" : "4611686018427476690"
    }, {
      "d" : "1756378812803605907",
      "t" : 1756378812803,
      "tn" : 1756378812803605907,
      "q" : "1",
      "p" : "0.8005",
      "s" : "buy",
      "i" : "ERAUSD-PERP",
      "m" : "4611686018427476690"
    }, {
      "d" : "1756376489997277529",
      "t" : 1756376489997,
      "tn" : 1756376489997277529,
      "q" : "1",
      "p" : "0.7971",
      "s" : "sell",
      "i" : "ERAUSD-PERP",
      "m" : "4611686018427476689"
    }, {
      "d" : "1756376489995235294",
      "t" : 1756376489995,
      "tn" : 1756376489995235294,
      "q" : "1",
      "p" : "0.7974",
      "s" : "sell",
      "i" : "ERAUSD-PERP",
      "m" : "4611686018427476688"
    }, {
      "d" : "1756376479306139968",
      "t" : 1756376479306,
      "tn" : 1756376479306139968,
      "q" : "1",
      "p" : "0.7983",
      "s" : "sell",
      "i" : "ERAUSD-PERP",
      "m" : "4611686018427476687"
    }, {
      "d" : "1756376479304187834",
      "t" : 1756376479304,
      "tn" : 1756376479304187834,
      "q" : "1",
      "p" : "0.7987",
      "s" : "sell",
      "i" : "ERAUSD-PERP",
      "m" : "4611686018427476686"
    }, {
      "d" : "1756375825520223283",
      "t" : 1756375825520,
      "tn" : 1756375825520223282,
      "q" : "1",
      "p" : "0.7991",
      "s" : "buy",
      "i" : "ERAUSD-PERP",
      "m" : "4611686018427476685"
    }, {
      "d" : "1756375825520223282",
      "t" : 1756375825520,
      "tn" : 1756375825520223282,
      "q" : "1",
      "p" : "0.7991",
      "s" : "buy",
      "i" : "ERAUSD-PERP",
      "m" : "4611686018427476685"
    }, {
      "d" : "1756375267534105470",
      "t" : 1756375267534,
      "tn" : 1756375267534105469,
      "q" : "1",
      "p" : "0.7996",
      "s" : "buy",
      "i" : "ERAUSD-PERP",
      "m" : "4611686018427476684"
    }, {
      "d" : "1756375267534105469",
      "t" : 1756375267534,
      "tn" : 1756375267534105469,
      "q" : "1",
      "p" : "0.7996",
      "s" : "buy",
      "i" : "ERAUSD-PERP",
      "m" : "4611686018427476684"
    } ]
  }
}