{
  "id" : -1,
  "method" : "public/get-trades",
  "code" : 0,
  "result" : {
    "data" : [ {
      "d" : "1756458921420561905",
      "t" : 1756458921420,
      "tn" : 1756458921420561905,
      "q" : "247.6",
      "p" : "0.14782",
      "s" : "buy",
      "i" : "ES_USD",
      "m" : "4611686018427407067"
    }, {
      "d" : "1756458813340070270",
      "t" : 1756458813340,
      "tn" : 1756458813340070270,
      "q" : "245.2",
      "p" : "0.14779",
      "s" : "buy",
      "i" : "ES_USD",
      "m" : "4611686018427407066"
    }, {
      "d" : "1756458540102542464",
      "t" : 1756458540102,
      "tn" : 1756458540102542464,
      "q" : "248.3",
      "p" : "0.14747",
      "s" : "buy",
      "i" : "ES_USD",
      "m" : "4611686018427407065"
    }, {
      "d" : "1756458412930178671",
      "t" : 1756458412930,
      "tn" : 1756458412930178671,
      "q" : "245.5",
      "p" : "0.14765",
      "s" : "buy",
      "i" : "ES_USD",
      "m" : "4611686018427407064"
    }, {
      "d" : "1756458285714775427",
      "t" : 1756458285714,
      "tn" : 1756458285714775427,
      "q" : "126.0",
      "p" : "0.14759",
      "s" : "buy",
      "i" : "ES_USD",
      "m" : "4611686018427407063"
    }, {
      "d" : "1756458159120400796",
      "t" : 1756458159120,
      "tn" : 1756458159120400796,
      "q" : "241.1",
      "p" : "0.14775",
      "s" : "buy",
      "i" : "ES_USD",
      "m" : "4611686018427407062"
    }, {
      "d" : "1756458032174480003",
      "t" : 1756458032174,
      "tn" : 1756458032174480003,
      "q" : "22.5",
      "p" : "0.14869",
      "s" : "buy",
      "i" : "ES_USD",
      "m" : "4611686018427407061"
    }, {
      "d" : "1756458032174476604",
      "t" : 1756458032174,
      "tn" : 1756458032174476604,
      "q" : "883.6",
      "p" : "0.14868",
      "s" : "buy",
      "i" : "ES_USD",
      "m" : "4611686018427407060"
    }, {
      "d" : "1756457524675586213",
      "t" : 1756457524675,
      "tn" : 1756457524675586213,
      "q" : "873.1",
      "p" : "0.14857",
      "s" : "buy",
      "i" : "ES_USD",
      "m" : "4611686018427407059"
    }, {
      "d" : "1756455619481790285",
      "t" : 1756455619481,
      "tn" : 1756455619481790285,
      "q" : "238.3",
      "p" : "0.14786",
      "s" : "sell",
      "i" : "ES_USD",
      "m" : "4611686018427407058"
    }, {
      "d" : "1756452276608978654",
      "t" : 1756452276608,
      "tn" : 1756452276608978654,
      "q" : "242.8",
      "p" : "0.14792",
      "s" : "sell",
      "i" : "ES_USD",
      "m" : "4611686018427407057"
    }, {
      "d" : "1756452227784370892",
      "t" : 1756452227784,
      "tn" : 1756452227784370892,
      "q" : "247.8",
      "p" : "0.14852",
      "s" : "sell",
      "i" : "ES_USD",
      "m" : "4611686018427407056"
    }, {
      "d" : "1756452172272151257",
      "t" : 1756452172272,
      "tn" : 1756452172272151257,
      "q" : "240.8",
      "p" : "0.14920",
      "s" : "sell",
      "i" : "ES_USD",
      "m" : "4611686018427407055"
    }, {
      "d" : "1756451035889680480",
      "t" : 1756451035889,
      "tn" : 1756451035889680480,
      "q" : "610.2",
      "p" : "0.15097",
      "s" : "buy",
      "i" : "ES_USD",
      "m" : "4611686018427407054"
    }, {
      "d" : "1756451035889678679",
      "t" : 1756451035889,
      "tn" : 1756451035889678679,
      "q" : "238.8",
      "p" : "0.15088",
      "s" : "buy",
      "i" : "ES_USD",
      "m" : "4611686018427407053"
    }, {
      "d" : "1756450926689185003",
      "t" : 1756450926689,
      "tn" : 1756450926689185003,
      "q" : "245.9",
      "p" : "0.15115",
      "s" : "buy",
      "i" : "ES_USD",
      "m" : "4611686018427407052"
    }, {
      "d" : "1756450042282505465",
      "t" : 1756450042282,
      "tn" : 1756450042282505465,
      "q" : "70.0",
      "p" : "0.15124",
      "s" : "sell",
      "i" : "ES_USD",
      "m" : "4611686018427407051"
    }, {
      "d" : "1756448007889622126",
      "t" : 1756448007889,
      "tn" : 1756448007889622126,
      "q" : "245.9",
      "p" : "0.15156",
      "s" : "buy",
      "i" : "ES_USD",
      "m" : "4611686018427407050"
    }, {
      "d" : "1756446733789550805",
      "t" : 1756446733789,
      "tn" : 1756446733789550805,
      "q" : "244.3",
      "p" : "0.15083",
      "s" : "buy",
      "i" : "ES_USD",
      "m" : "4611686018427407049"
    }, {
      "d" : "1756445782687063355",
      "t" : 1756445782687,
      "tn" : 1756445782687063355,
      "q" : "245.9",
      "p" : "0.15093",
      "s" : "buy",
      "i" : "ES_USD",
      "m" : "4611686018427407048"
    }, {
      "d" : "1756445307225057138",
      "t" : 1756445307225,
      "tn" : 1756445307225057138,
      "q" : "240.3",
      "p" : "0.15064",
      "s" : "buy",
      "i" : "ES_USD",
      "m" : "4611686018427407047"
    }, {
      "d" : "1756441512554826143",
      "t" : 1756441512554,
      "tn" : 1756441512554826143,
      "q" : "242.1",
      "p" : "0.15318",
      "s" : "buy",
      "i" : "ES_USD",
      "m" : "4611686018427407046"
    }, {
      "d" : "1756438812574957296",
      "t" : 1756438812574,
      "tn" : 1756438812574957296,
      "q" : "239.9",
      "p" : "0.15200",
      "s" : "buy",
      "i" : "ES_USD",
      "m" : "4611686018427407045"
    }, {
      "d" : "1756430233521190282",
      "t" : 1756430233521,
      "tn" : 1756430233521190282,
      "q" : "600.2",
      "p" : "0.15123",
      "s" : "sell",
      "i" : "ES_USD",
      "m" : "4611686018427407044"
    }, {
      "d" : "1756430233521186914",
      "t" : 1756430233521,
      "tn" : 1756430233521186914,
      "q" : "244.8",
      "p" : "0.15128",
      "s" : "sell",
      "i" : "ES_USD",
      "m" : "4611686018427407043"
    }, {
      "d" : "1756429193137661888",
      "t" : 1756429193137,
      "tn" : 1756429193137661888,
      "q" : "243.2",
      "p" : "0.15165",
      "s" : "buy",
      "i" : "ES_USD",
      "m" : "4611686018427407042"
    }, {
      "d" : "1756428351518477944",
      "t" : 1756428351518,
      "tn" : 1756428351518477944,
      "q" : "245.9",
      "p" : "0.15150",
      "s" : "sell",
      "i" : "ES_USD",
      "m" : "4611686018427407041"
    }, {
      "d" : "1756426420809274112",
      "t" : 1756426420809,
      "tn" : 1756426420809274112,
      "q" : "249.2",
      "p" : "0.15196",
      "s" : "sell",
      "i" : "ES_USD",
      "m" : "4611686018427407040"
    }, {
      "d" : "1756425968374279986",
      "t" : 1756425968374,
      "tn" : 1756425968374279986,
      "q" : "242.2",
      "p" : "0.15248",
      "s" : "sell",
      "i" : "ES_USD",
      "m" : "4611686018427407039"
    }, {
      "d" : "1756422620064879584",
      "t" : 1756422620064,
      "tn" : 1756422620064879584,
      "q" : "246.9",
      "p" : "0.15310",
      "s" : "sell",
      "i" : "ES_USD",
      "m" : "4611686018427407038"
    }, {
      "d" : "1756414408640450151",
      "t" : 1756414408640,
      "tn" : 1756414408640450151,
      "q" : "602.4",
      "p" : "0.15158",
      "s" : "buy",
      "i" : "ES_USD",
      "m" : "4611686018427407037"
    }, {
      "d" : "1756414408640447939",
      "t" : 1756414408640,
      "tn" : 1756414408640447939,
      "q" : "243.4",
      "p" : "0.15153",
      "s" : "buy",
      "i" : "ES_USD",
      "m" : "4611686018427407036"
    }, {
      "d" : "1756411766785313672",
      "t" : 1756411766785,
      "tn" : 1756411766785313672,
      "q" : "241.6",
      "p" : "0.15092",
      "s" : "buy",
      "i" : "ES_USD",
      "m" : "4611686018427407035"
    }, {
      "d" : "1756406157454296741",
      "t" : 1756406157454,
      "tn" : 1756406157454296741,
      "q" : "245.2",
      "p" : "0.15143",
      "s" : "buy",
      "i" : "ES_USD",
      "m" : "4611686018427407034"
    }, {
      "d" : "1756404425771392567",
      "t" : 1756404425771,
      "tn" : 1756404425771392567,
      "q" : "853.2",
      "p" : "0.15117",
      "s" : "buy",
      "i" : "ES_USD",
      "m" : "4611686018427407033"
    }, {
      "d" : "1756404425771389184",
      "t" : 1756404425771,
      "tn" : 1756404425771389184,
      "q" : "237.9",
      "p" : "0.15113",
      "s" : "buy",
      "i" : "ES_USD",
      "m" : "4611686018427407032"
    }, {
      "d" : "1756401742128422239",
      "t" : 1756401742128,
      "tn" : 1756401742128422239,
      "q" : "90.8",
      "p" : "0.15159",
      "s" : "sell",
      "i" : "ES_USD",
      "m" : "4611686018427407031"
    }, {
      "d" : "1756401742128419778",
      "t" : 1756401742128,
      "tn" : 1756401742128419778,
      "q" : "242.3",
      "p" : "0.15162",
      "s" : "sell",
      "i" : "ES_USD",
      "m" : "4611686018427407030"
    }, {
      "d" : "1756401578153743750",
      "t" : 1756401578153,
      "tn" : 1756401578153743750,
      "q" : "246.9",
      "p" : "0.15191",
      "s" : "sell",
      "i" : "ES_USD",
      "m" : "4611686018427407029"
    }, {
      "d" : "1756398490493048476",
      "t" : 1756398490493,
      "tn" : 1756398490493048476,
      "q" : "248.5",
      "p" : "0.15281",
      "s" : "sell",
      "i" : "ES_USD",
      "m" : "4611686018427407028"
    }, {
      "d" : "1756396926527476491",
      "t" : 1756396926527,
      "tn" : 1756396926527476491,
      "q" : "238.0",
      "p" : "0.15209",
      "s" : "buy",
      "i" : "ES_USD",
      "m" : "4611686018427407027"
    }, {
      "d" : "1756396488517466045",
      "t" : 1756396488517,
      "tn" : 1756396488517466045,
      "q" : "240.1",
      "p" : "0.15164",
      "s" : "buy",
      "i" : "ES_USD",
      "m" : "4611686018427407026"
    }, {
      "d" : "1756396274555852275",
      "t" : 1756396274555,
      "tn" : 1756396274555852275,
      "q" : "122.5",
      "p" : "0.15226",
      "s" : "buy",
      "i" : "ES_USD",
      "m" : "4611686018427407025"
    }, {
      "d" : "1756396274555849950",
      "t" : 1756396274555,
      "tn" : 1756396274555849950,
      "q" : "963.5",
      "p" : "0.15225",
      "s" : "buy",
      "i" : "ES_USD",
      "m" : "4611686018427407024"
    }, {
      "d" : "1756396152140923147",
      "t" : 1756396152140,
      "tn" : 1756396152140923147,
      "q" : "591.2",
      "p" : "0.15227",
      "s" : "sell",
      "i" : "ES_USD",
      "m" : "4611686018427407023"
    }, {
      "d" : "1756396152140920581",
      "t" : 1756396152140,
      "tn" : 1756396152140920581,
      "q" : "248.3",
      "p" : "0.15243",
      "s" : "sell",
      "i" : "ES_USD",
      "m" : "4611686018427407022"
    }, {
      "d" : "1756396116425259370",
      "t" : 1756396116425,
      "tn" : 1756396116425259370,
      "q" : "249.5",
      "p" : "0.15218",
      "s" : "buy",
      "i" : "ES_USD",
      "m" : "4611686018427407021"
    }, {
      "d" : "1756395963119591168",
      "t" : 1756395963119,
      "tn" : 1756395963119591168,
      "q" : "244.6",
      "p" : "0.15210",
      "s" : "buy",
      "i" : "ES_USD",
      "m" : "4611686018427407020"
    }, {
      "d" : "1756395923081428977",
      "t" : 1756395923081,
      "tn" : 1756395923081428977,
      "q" : "247.0",
      "p" : "0.15206",
      "s" : "buy",
      "i" : "ES_USD",
      "m" : "4611686018427407019"
    }, {
      "d" : "1756395923081426694",
      "t" : 1756395923081,
      "tn" : 1756395923081426694,
      "q" : "857.7",
      "p" : "0.15205",
      "s" : "buy",
      "i" : "ES_USD",
      "m" : "4611686018427407018"
    }, {
      "d" : "1756395796296175060",
      "t" : 1756395796296,
      "tn" : 1756395796296175060,
      "q" : "245.2",
      "p" : "0.15215",
      "s" : "sell",
      "i" : "ES_USD",
      "m" : "4611686018427407017"
    }, {
      "d" : "1756395060369382152",
      "t" : 1756395060369,
      "tn" : 1756395060369382152,
      "q" : "239.6",
      "p" : "0.15386",
      "s" : "buy",
      "i" : "ES_USD",
      "m" : "4611686018427407016"
    }, {
      "d" : "1756394909508142615",
      "t" : 1756394909508,
      "tn" : 1756394909508142615,
      "q" : "246.5",
      "p" : "0.15437",
      "s" : "sell",
      "i" : "ES_USD",
      "m" : "4611686018427407015"
    }, {
      "d" : "1756394820362010220",
      "t" : 1756394820362,
      "tn" : 1756394820362010220,
      "q" : "241.9",
      "p" : "0.15524",
      "s" : "buy",
      "i" : "ES_USD",
      "m" : "4611686018427407014"
    }, {
      "d" : "1756394736243507956",
      "t" : 1756394736243,
      "tn" : 1756394736243507956,
      "q" : "100.0",
      "p" : "0.15525",
      "s" : "sell",
      "i" : "ES_USD",
      "m" : "4611686018427407013"
    }, {
      "d" : "1756394736010914777",
      "t" : 1756394736010,
      "tn" : 1756394736010914777,
      "q" : "76.3",
      "p" : "0.15505",
      "s" : "sell",
      "i" : "ES_USD",
      "m" : "4611686018427407012"
    }, {
      "d" : "1756394689420151753",
      "t" : 1756394689420,
      "tn" : 1756394689420151753,
      "q" : "582.1",
      "p" : "0.15423",
      "s" : "sell",
      "i" : "ES_USD",
      "m" : "4611686018427407011"
    }, {
      "d" : "1756394689420148935",
      "t" : 1756394689420,
      "tn" : 1756394689420148935,
      "q" : "247.3",
      "p" : "0.15428",
      "s" : "sell",
      "i" : "ES_USD",
      "m" : "4611686018427407010"
    }, {
      "d" : "1756394662169448437",
      "t" : 1756394662169,
      "tn" : 1756394662169448436,
      "q" : "577.2",
      "p" : "0.15428",
      "s" : "sell",
      "i" : "ES_USD",
      "m" : "4611686018427407009"
    }, {
      "d" : "1756394662169448436",
      "t" : 1756394662169,
      "tn" : 1756394662169448436,
      "q" : "248.9",
      "p" : "0.15428",
      "s" : "sell",
      "i" : "ES_USD",
      "m" : "4611686018427407009"
    }, {
      "d" : "1756394566615568028",
      "t" : 1756394566615,
      "tn" : 1756394566615568028,
      "q" : "100.0",
      "p" : "0.15686",
      "s" : "sell",
      "i" : "ES_USD",
      "m" : "4611686018427407008"
    }, {
      "d" : "1756394535244347310",
      "t" : 1756394535244,
      "tn" : 1756394535244347310,
      "q" : "248.9",
      "p" : "0.15558",
      "s" : "sell",
      "i" : "ES_USD",
      "m" : "4611686018427407007"
    }, {
      "d" : "1756394507598456977",
      "t" : 1756394507598,
      "tn" : 1756394507598456977,
      "q" : "248.9",
      "p" : "0.15518",
      "s" : "sell",
      "i" : "ES_USD",
      "m" : "4611686018427407006"
    }, {
      "d" : "1756394505804489670",
      "t" : 1756394505804,
      "tn" : 1756394505804489670,
      "q" : "247.3",
      "p" : "0.15564",
      "s" : "sell",
      "i" : "ES_USD",
      "m" : "4611686018427407005"
    }, {
      "d" : "1756394393389775708",
      "t" : 1756394393389,
      "tn" : 1756394393389775708,
      "q" : "241.3",
      "p" : "0.15429",
      "s" : "sell",
      "i" : "ES_USD",
      "m" : "4611686018427407004"
    }, {
      "d" : "1756394391020144127",
      "t" : 1756394391020,
      "tn" : 1756394391020144127,
      "q" : "249.6",
      "p" : "0.15433",
      "s" : "sell",
      "i" : "ES_USD",
      "m" : "4611686018427407003"
    }, {
      "d" : "1756394381314948936",
      "t" : 1756394381314,
      "tn" : 1756394381314948936,
      "q" : "237.5",
      "p" : "0.15444",
      "s" : "buy",
      "i" : "ES_USD",
      "m" : "4611686018427407002"
    }, {
      "d" : "1756394374936394978",
      "t" : 1756394374936,
      "tn" : 1756394374936394978,
      "q" : "237.9",
      "p" : "0.15532",
      "s" : "sell",
      "i" : "ES_USD",
      "m" : "4611686018427407001"
    }, {
      "d" : "1756394292919926568",
      "t" : 1756394292919,
      "tn" : 1756394292919926568,
      "q" : "248.0",
      "p" : "0.15735",
      "s" : "sell",
      "i" : "ES_USD",
      "m" : "4611686018427407000"
    }, {
      "d" : "1756394270878827780",
      "t" : 1756394270878,
      "tn" : 1756394270878827780,
      "q" : "247.3",
      "p" : "0.15716",
      "s" : "sell",
      "i" : "ES_USD",
      "m" : "4611686018427406999"
    }, {
      "d" : "1756394242954119374",
      "t" : 1756394242954,
      "tn" : 1756394242954119374,
      "q" : "247.6",
      "p" : "0.15836",
      "s" : "sell",
      "i" : "ES_USD",
      "m" : "4611686018427406998"
    }, {
      "d" : "1756394129559800824",
      "t" : 1756394129559,
      "tn" : 1756394129559800824,
      "q" : "246.9",
      "p" : "0.15716",
      "s" : "buy",
      "i" : "ES_USD",
      "m" : "4611686018427406997"
    }, {
      "d" : "1756394127904055084",
      "t" : 1756394127904,
      "tn" : 1756394127904055084,
      "q" : "238.3",
      "p" : "0.15669",
      "s" : "sell",
      "i" : "ES_USD",
      "m" : "4611686018427406996"
    }, {
      "d" : "1756394115987140331",
      "t" : 1756394115987,
      "tn" : 1756394115987140331,
      "q" : "241.6",
      "p" : "0.15572",
      "s" : "sell",
      "i" : "ES_USD",
      "m" : "4611686018427406995"
    }, {
      "d" : "1756394114241220076",
      "t" : 1756394114241,
      "tn" : 1756394114241220076,
      "q" : "248.8",
      "p" : "0.15535",
      "s" : "sell",
      "i" : "ES_USD",
      "m" : "4611686018427406994"
    }, {
      "d" : "1756394107719229332",
      "t" : 1756394107719,
      "tn" : 1756394107719229332,
      "q" : "588.7",
      "p" : "0.15512",
      "s" : "buy",
      "i" : "ES_USD",
      "m" : "4611686018427406993"
    }, {
      "d" : "1756394107719227089",
      "t" : 1756394107719,
      "tn" : 1756394107719227089,
      "q" : "238.1",
      "p" : "0.15502",
      "s" : "buy",
      "i" : "ES_USD",
      "m" : "4611686018427406992"
    }, {
      "d" : "1756393946344643658",
      "t" : 1756393946344,
      "tn" : 1756393946344643658,
      "q" : "74.0",
      "p" : "0.15390",
      "s" : "sell",
      "i" : "ES_USD",
      "m" : "4611686018427406991"
    }, {
      "d" : "1756393946010446355",
      "t" : 1756393946010,
      "tn" : 1756393946010446355,
      "q" : "242.0",
      "p" : "0.15389",
      "s" : "buy",
      "i" : "ES_USD",
      "m" : "4611686018427406990"
    }, {
      "d" : "1756393880630408049",
      "t" : 1756393880630,
      "tn" : 1756393880630408049,
      "q" : "247.8",
      "p" : "0.15343",
      "s" : "buy",
      "i" : "ES_USD",
      "m" : "4611686018427406989"
    }, {
      "d" : "1756393880420594051",
      "t" : 1756393880420,
      "tn" : 1756393880420594051,
      "q" : "100.0",
      "p" : "0.15319",
      "s" : "buy",
      "i" : "ES_USD",
      "m" : "4611686018427406988"
    }, {
      "d" : "1756390737531622319",
      "t" : 1756390737531,
      "tn" : 1756390737531622319,
      "q" : "244.0",
      "p" : "0.15288",
      "s" : "sell",
      "i" : "ES_USD",
      "m" : "4611686018427406987"
    }, {
      "d" : "1756390650195442519",
      "t" : 1756390650195,
      "tn" : 1756390650195442519,
      "q" : "240.3",
      "p" : "0.15381",
      "s" : "sell",
      "i" : "ES_USD",
      "m" : "4611686018427406986"
    }, {
      "d" : "1756388461661956825",
      "t" : 1756388461661,
      "tn" : 1756388461661956825,
      "q" : "591.1",
      "p" : "0.15424",
      "s" : "sell",
      "i" : "ES_USD",
      "m" : "4611686018427406985"
    }, {
      "d" : "1756388461661954743",
      "t" : 1756388461661,
      "tn" : 1756388461661954743,
      "q" : "237.7",
      "p" : "0.15429",
      "s" : "sell",
      "i" : "ES_USD",
      "m" : "4611686018427406984"
    }, {
      "d" : "1756387277948066422",
      "t" : 1756387277948,
      "tn" : 1756387277948066422,
      "q" : "246.1",
      "p" : "0.15474",
      "s" : "buy",
      "i" : "ES_USD",
      "m" : "4611686018427406983"
    }, {
      "d" : "1756386880299767141",
      "t" : 1756386880299,
      "tn" : 1756386880299767141,
      "q" : "245.0",
      "p" : "0.15394",
      "s" : "buy",
      "i" : "ES_USD",
      "m" : "4611686018427406982"
    }, {
      "d" : "1756380994337995829",
      "t" : 1756380994337,
      "tn" : 1756380994337995829,
      "q" : "245.1",
      "p" : "0.15512",
      "s" : "sell",
      "i" : "ES_USD",
      "m" : "4611686018427406981"
    }, {
      "d" : "1756378848529344043",
      "t" : 1756378848529,
      "tn" : 1756378848529344043,
      "q" : "241.0",
      "p" : "0.15460",
      "s" : "sell",
      "i" : "ES_USD",
      "m" : "4611686018427406980"
    }, {
      "d" : "1756378784202846153",
      "t" : 1756378784202,
      "tn" : 1756378784202846153,
      "q" : "360.0",
      "p" : "0.15451",
      "s" : "buy",
      "i" : "ES_USD",
      "m" : "4611686018427406979"
    }, {
      "d" : "1756378782253373257",
      "t" : 1756378782253,
      "tn" : 1756378782253373257,
      "q" : "146.3",
      "p" : "0.15476",
      "s" : "buy",
      "i" : "ES_USD",
      "m" : "4611686018427406978"
    }, {
      "d" : "1756378782253371151",
      "t" : 1756378782253,
      "tn" : 1756378782253371151,
      "q" : "141.9",
      "p" : "0.15463",
      "s" : "buy",
      "i" : "ES_USD",
      "m" : "4611686018427406977"
    }, {
      "d" : "1756378782237791705",
      "t" : 1756378782237,
      "tn" : 1756378782237791705,
      "q" : "100.0",
      "p" : "0.15463",
      "s" : "buy",
      "i" : "ES_USD",
      "m" : "4611686018427406976"
    }, {
      "d" : "1756378782127049165",
      "t" : 1756378782127,
      "tn" : 1756378782127049165,
      "q" : "4985.6",
      "p" : "0.15423",
      "s" : "buy",
      "i" : "ES_USD",
      "m" : "4611686018427406975"
    }, {
      "d" : "1756378782126590857",
      "t" : 1756378782126,
      "tn" : 1756378782126590857,
      "q" : "590.6",
      "p" : "0.15423",
      "s" : "buy",
      "i" : "ES_USD",
      "m" : "4611686018427406974"
    }, {
      "d" : "1756378782126588783",
      "t" : 1756378782126,
      "tn" : 1756378782126588783,
      "q" : "240.3",
      "p" : "0.15418",
      "s" : "buy",
      "i" : "ES_USD",
      "m" : "4611686018427406973"
    }, {
      "d" : "1756378074720602014",
      "t" : 1756378074720,
      "tn" : 1756378074720602014,
      "q" : "246.6",
      "p" : "0.15390",
      "s" : "sell",
      "i" : "ES_USD",
      "m" : "4611686018427406972"
    }, {
      "d" : "1756377856982668124",
      "t" : 1756377856982,
      "tn" : 1756377856982668124,
      "q" : "822.2",
      "p" : "0.15414",
      "s" : "sell",
      "i" : "ES_USD",
      "m" : "4611686018427406971"
    }, {
      "d" : "1756377856982665193",
      "t" : 1756377856982,
      "tn" : 1756377856982665193,
      "q" : "245.0",
      "p" : "0.15422",
      "s" : "sell",
      "i" : "ES_USD",
      "m" : "4611686018427406970"
    }, {
      "d" : "1756377782819776219",
      "t" : 1756377782819,
      "tn" : 1756377782819776219,
      "q" : "590.8",
      "p" : "0.15424",
      "s" : "buy",
      "i" : "ES_USD",
      "m" : "4611686018427406969"
    }, {
      "d" : "1756377782819774104",
      "t" : 1756377782819,
      "tn" : 1756377782819774104,
      "q" : "240.4",
      "p" : "0.15419",
      "s" : "buy",
      "i" : "ES_USD",
      "m" : "4611686018427406968"
    }, {
      "d" : "1756377644158309774",
      "t" : 1756377644158,
      "tn" : 1756377644158309774,
      "q" : "249.5",
      "p" : "0.15413",
      "s" : "sell",
      "i" : "ES_USD",
      "m" : "4611686018427406967"
    }, {
      "d" : "1756377619569868299",
      "t" : 1756377619569,
      "tn" : 1756377619569868299,
      "q" : "249.8",
      "p" : "0.15456",
      "s" : "buy",
      "i" : "ES_USD",
      "m" : "4611686018427406966"
    }, {
      "d" : "1756376223457628088",
      "t" : 1756376223457,
      "tn" : 1756376223457628088,
      "q" : "585.7",
      "p" : "0.15352",
      "s" : "buy",
      "i" : "ES_USD",
      "m" : "4611686018427406965"
    }, {
      "d" : "1756376223457625915",
      "t" : 1756376223457,
      "tn" : 1756376223457625915,
      "q" : "249.4",
      "p" : "0.15344",
      "s" : "buy",
      "i" : "ES_USD",
      "m" : "4611686018427406964"
    }, {
      "d" : "1756376205247845410",
      "t" : 1756376205247,
      "tn" : 1756376205247845410,
      "q" : "598.3",
      "p" : "0.15330",
      "s" : "buy",
      "i" : "ES_USD",
      "m" : "4611686018427406963"
    }, {
      "d" : "1756376205247843359",
      "t" : 1756376205247,
      "tn" : 1756376205247843359,
      "q" : "237.8",
      "p" : "0.15325",
      "s" : "buy",
      "i" : "ES_USD",
      "m" : "4611686018427406962"
    } ]
  }
}