{
  "id" : -1,
  "method" : "public/get-trades",
  "code" : 0,
  "result" : {
    "data" : [ {
      "d" : "1756460776801191208",
      "t" : 1756460776801,
      "tn" : 1756460776801191208,
      "q" : "0.06",
      "p" : "20.836",
      "s" : "buy",
      "i" : "ETC_USD",
      "m" : "4611686018430662851"
    }, {
      "d" : "1756460186201109930",
      "t" : 1756460186201,
      "tn" : 1756460186201109930,
      "q" : "1.35",
      "p" : "20.782",
      "s" : "buy",
      "i" : "ETC_USD",
      "m" : "4611686018430662850"
    }, {
      "d" : "1756460154849813125",
      "t" : 1756460154849,
      "tn" : 1756460154849813125,
      "q" : "0.06",
      "p" : "20.797",
      "s" : "sell",
      "i" : "ETC_USD",
      "m" : "4611686018430662849"
    }, {
      "d" : "1756459998831608687",
      "t" : 1756459998831,
      "tn" : 1756459998831608687,
      "q" : "0.06",
      "p" : "20.807",
      "s" : "sell",
      "i" : "ETC_USD",
      "m" : "4611686018430662848"
    }, {
      "d" : "1756459981633922793",
      "t" : 1756459981633,
      "tn" : 1756459981633922793,
      "q" : "0.06",
      "p" : "20.807",
      "s" : "sell",
      "i" : "ETC_USD",
      "m" : "4611686018430662847"
    }, {
      "d" : "1756459959610743367",
      "t" : 1756459959610,
      "tn" : 1756459959610743367,
      "q" : "0.06",
      "p" : "20.797",
      "s" : "sell",
      "i" : "ETC_USD",
      "m" : "4611686018430662846"
    }, {
      "d" : "1756459917591866000",
      "t" : 1756459917591,
      "tn" : 1756459917591866000,
      "q" : "0.06",
      "p" : "20.807",
      "s" : "sell",
      "i" : "ETC_USD",
      "m" : "4611686018430662845"
    }, {
      "d" : "1756459882799799924",
      "t" : 1756459882799,
      "tn" : 1756459882799799924,
      "q" : "4.58",
      "p" : "20.808",
      "s" : "buy",
      "i" : "ETC_USD",
      "m" : "4611686018430662844"
    }, {
      "d" : "1756459871806224413",
      "t" : 1756459871806,
      "tn" : 1756459871806224413,
      "q" : "0.06",
      "p" : "20.837",
      "s" : "sell",
      "i" : "ETC_USD",
      "m" : "4611686018430662843"
    }, {
      "d" : "1756459258792323553",
      "t" : 1756459258792,
      "tn" : 1756459258792323553,
      "q" : "9.49",
      "p" : "20.819",
      "s" : "sell",
      "i" : "ETC_USD",
      "m" : "4611686018430662842"
    }, {
      "d" : "1756459207011839332",
      "t" : 1756459207011,
      "tn" : 1756459207011839332,
      "q" : "0.06",
      "p" : "20.819",
      "s" : "sell",
      "i" : "ETC_USD",
      "m" : "4611686018430662841"
    }, {
      "d" : "1756459027679754667",
      "t" : 1756459027679,
      "tn" : 1756459027679754667,
      "q" : "0.06",
      "p" : "20.749",
      "s" : "buy",
      "i" : "ETC_USD",
      "m" : "4611686018430662840"
    }, {
      "d" : "1756458918860669564",
      "t" : 1756458918860,
      "tn" : 1756458918860669564,
      "q" : "1.00",
      "p" : "20.724",
      "s" : "buy",
      "i" : "ETC_USD",
      "m" : "4611686018430662839"
    }, {
      "d" : "1756458871190784727",
      "t" : 1756458871190,
      "tn" : 1756458871190784727,
      "q" : "0.06",
      "p" : "20.747",
      "s" : "sell",
      "i" : "ETC_USD",
      "m" : "4611686018430662838"
    }, {
      "d" : "1756458810981922341",
      "t" : 1756458810981,
      "tn" : 1756458810981922341,
      "q" : "0.21",
      "p" : "20.767",
      "s" : "buy",
      "i" : "ETC_USD",
      "m" : "4611686018430662837"
    }, {
      "d" : "1756458591866228659",
      "t" : 1756458591866,
      "tn" : 1756458591866228659,
      "q" : "3.39",
      "p" : "20.706",
      "s" : "sell",
      "i" : "ETC_USD",
      "m" : "4611686018430662836"
    }, {
      "d" : "1756458255554188271",
      "t" : 1756458255554,
      "tn" : 1756458255554188271,
      "q" : "0.12",
      "p" : "20.676",
      "s" : "sell",
      "i" : "ETC_USD",
      "m" : "4611686018430662835"
    }, {
      "d" : "1756458244840036138",
      "t" : 1756458244840,
      "tn" : 1756458244840036138,
      "q" : "0.06",
      "p" : "20.669",
      "s" : "buy",
      "i" : "ETC_USD",
      "m" : "4611686018430662834"
    }, {
      "d" : "1756458071759539553",
      "t" : 1756458071759,
      "tn" : 1756458071759539553,
      "q" : "0.41",
      "p" : "20.736",
      "s" : "sell",
      "i" : "ETC_USD",
      "m" : "4611686018430662833"
    }, {
      "d" : "1756458071759537533",
      "t" : 1756458071759,
      "tn" : 1756458071759537533,
      "q" : "1.32",
      "p" : "20.737",
      "s" : "sell",
      "i" : "ETC_USD",
      "m" : "4611686018430662832"
    }, {
      "d" : "1756458071759535298",
      "t" : 1756458071759,
      "tn" : 1756458071759535298,
      "q" : "0.15",
      "p" : "20.738",
      "s" : "sell",
      "i" : "ETC_USD",
      "m" : "4611686018430662831"
    }, {
      "d" : "1756458071759532555",
      "t" : 1756458071759,
      "tn" : 1756458071759532555,
      "q" : "0.06",
      "p" : "20.747",
      "s" : "sell",
      "i" : "ETC_USD",
      "m" : "4611686018430662830"
    }, {
      "d" : "1756458027782731215",
      "t" : 1756458027782,
      "tn" : 1756458027782731215,
      "q" : "0.08",
      "p" : "20.746",
      "s" : "buy",
      "i" : "ETC_USD",
      "m" : "4611686018430662829"
    }, {
      "d" : "1756458027211230423",
      "t" : 1756458027211,
      "tn" : 1756458027211230423,
      "q" : "0.06",
      "p" : "20.752",
      "s" : "sell",
      "i" : "ETC_USD",
      "m" : "4611686018430662828"
    }, {
      "d" : "1756457997543951225",
      "t" : 1756457997543,
      "tn" : 1756457997543951225,
      "q" : "0.06",
      "p" : "20.767",
      "s" : "sell",
      "i" : "ETC_USD",
      "m" : "4611686018430662827"
    }, {
      "d" : "1756457995676765238",
      "t" : 1756457995676,
      "tn" : 1756457995676765238,
      "q" : "0.06",
      "p" : "20.757",
      "s" : "sell",
      "i" : "ETC_USD",
      "m" : "4611686018430662826"
    }, {
      "d" : "1756457960552599973",
      "t" : 1756457960552,
      "tn" : 1756457960552599973,
      "q" : "3.32",
      "p" : "20.749",
      "s" : "sell",
      "i" : "ETC_USD",
      "m" : "4611686018430662825"
    }, {
      "d" : "1756457960552598542",
      "t" : 1756457960552,
      "tn" : 1756457960552598542,
      "q" : "0.98",
      "p" : "20.750",
      "s" : "sell",
      "i" : "ETC_USD",
      "m" : "4611686018430662824"
    }, {
      "d" : "1756457960552596630",
      "t" : 1756457960552,
      "tn" : 1756457960552596630,
      "q" : "0.06",
      "p" : "20.767",
      "s" : "sell",
      "i" : "ETC_USD",
      "m" : "4611686018430662823"
    }, {
      "d" : "1756457952964798193",
      "t" : 1756457952964,
      "tn" : 1756457952964798193,
      "q" : "1.88",
      "p" : "20.750",
      "s" : "sell",
      "i" : "ETC_USD",
      "m" : "4611686018430662822"
    }, {
      "d" : "1756457952964795893",
      "t" : 1756457952964,
      "tn" : 1756457952964795893,
      "q" : "0.06",
      "p" : "20.757",
      "s" : "sell",
      "i" : "ETC_USD",
      "m" : "4611686018430662821"
    }, {
      "d" : "1756457913738638563",
      "t" : 1756457913738,
      "tn" : 1756457913738638563,
      "q" : "0.89",
      "p" : "20.746",
      "s" : "sell",
      "i" : "ETC_USD",
      "m" : "4611686018430662820"
    }, {
      "d" : "1756457913738636690",
      "t" : 1756457913738,
      "tn" : 1756457913738636690,
      "q" : "0.98",
      "p" : "20.747",
      "s" : "sell",
      "i" : "ETC_USD",
      "m" : "4611686018430662819"
    }, {
      "d" : "1756457913738634194",
      "t" : 1756457913738,
      "tn" : 1756457913738634194,
      "q" : "0.06",
      "p" : "20.757",
      "s" : "sell",
      "i" : "ETC_USD",
      "m" : "4611686018430662818"
    }, {
      "d" : "1756457864069003025",
      "t" : 1756457864069,
      "tn" : 1756457864069003025,
      "q" : "1.50",
      "p" : "20.750",
      "s" : "sell",
      "i" : "ETC_USD",
      "m" : "4611686018430662817"
    }, {
      "d" : "1756457222138085159",
      "t" : 1756457222138,
      "tn" : 1756457222138085159,
      "q" : "4.50",
      "p" : "20.819",
      "s" : "sell",
      "i" : "ETC_USD",
      "m" : "4611686018430662816"
    }, {
      "d" : "1756457187796211935",
      "t" : 1756457187796,
      "tn" : 1756457187796211935,
      "q" : "0.06",
      "p" : "20.818",
      "s" : "buy",
      "i" : "ETC_USD",
      "m" : "4611686018430662815"
    }, {
      "d" : "1756457164970806969",
      "t" : 1756457164970,
      "tn" : 1756457164970806969,
      "q" : "0.06",
      "p" : "20.830",
      "s" : "buy",
      "i" : "ETC_USD",
      "m" : "4611686018430662814"
    }, {
      "d" : "1756457164910730150",
      "t" : 1756457164910,
      "tn" : 1756457164910730150,
      "q" : "0.06",
      "p" : "20.830",
      "s" : "buy",
      "i" : "ETC_USD",
      "m" : "4611686018430662813"
    }, {
      "d" : "1756457164870592239",
      "t" : 1756457164870,
      "tn" : 1756457164870592239,
      "q" : "0.06",
      "p" : "20.830",
      "s" : "buy",
      "i" : "ETC_USD",
      "m" : "4611686018430662812"
    }, {
      "d" : "1756457164855577670",
      "t" : 1756457164855,
      "tn" : 1756457164855577670,
      "q" : "0.06",
      "p" : "20.830",
      "s" : "buy",
      "i" : "ETC_USD",
      "m" : "4611686018430662811"
    }, {
      "d" : "1756457164830567924",
      "t" : 1756457164830,
      "tn" : 1756457164830567924,
      "q" : "0.06",
      "p" : "20.830",
      "s" : "buy",
      "i" : "ETC_USD",
      "m" : "4611686018430662810"
    }, {
      "d" : "1756457164815528236",
      "t" : 1756457164815,
      "tn" : 1756457164815528236,
      "q" : "0.06",
      "p" : "20.830",
      "s" : "buy",
      "i" : "ETC_USD",
      "m" : "4611686018430662809"
    }, {
      "d" : "1756457164770229397",
      "t" : 1756457164770,
      "tn" : 1756457164770229397,
      "q" : "0.06",
      "p" : "20.830",
      "s" : "buy",
      "i" : "ETC_USD",
      "m" : "4611686018430662808"
    }, {
      "d" : "1756457164725270398",
      "t" : 1756457164725,
      "tn" : 1756457164725270398,
      "q" : "0.06",
      "p" : "20.830",
      "s" : "buy",
      "i" : "ETC_USD",
      "m" : "4611686018430662807"
    }, {
      "d" : "1756457163767986465",
      "t" : 1756457163767,
      "tn" : 1756457163767986465,
      "q" : "0.06",
      "p" : "20.830",
      "s" : "buy",
      "i" : "ETC_USD",
      "m" : "4611686018430662806"
    }, {
      "d" : "1756457163707700754",
      "t" : 1756457163707,
      "tn" : 1756457163707700754,
      "q" : "0.06",
      "p" : "20.830",
      "s" : "buy",
      "i" : "ETC_USD",
      "m" : "4611686018430662805"
    }, {
      "d" : "1756457163667599316",
      "t" : 1756457163667,
      "tn" : 1756457163667599316,
      "q" : "0.06",
      "p" : "20.830",
      "s" : "buy",
      "i" : "ETC_USD",
      "m" : "4611686018430662804"
    }, {
      "d" : "1756457163567688201",
      "t" : 1756457163567,
      "tn" : 1756457163567688201,
      "q" : "0.06",
      "p" : "20.830",
      "s" : "buy",
      "i" : "ETC_USD",
      "m" : "4611686018430662803"
    }, {
      "d" : "1756456894953327565",
      "t" : 1756456894953,
      "tn" : 1756456894953327565,
      "q" : "0.06",
      "p" : "20.810",
      "s" : "buy",
      "i" : "ETC_USD",
      "m" : "4611686018430662802"
    }, {
      "d" : "1756456894908312340",
      "t" : 1756456894908,
      "tn" : 1756456894908312340,
      "q" : "0.06",
      "p" : "20.810",
      "s" : "buy",
      "i" : "ETC_USD",
      "m" : "4611686018430662801"
    }, {
      "d" : "1756456894893212538",
      "t" : 1756456894893,
      "tn" : 1756456894893212538,
      "q" : "0.06",
      "p" : "20.810",
      "s" : "buy",
      "i" : "ETC_USD",
      "m" : "4611686018430662800"
    }, {
      "d" : "1756456894883254894",
      "t" : 1756456894883,
      "tn" : 1756456894883254894,
      "q" : "0.06",
      "p" : "20.810",
      "s" : "buy",
      "i" : "ETC_USD",
      "m" : "4611686018430662799"
    }, {
      "d" : "1756456894858010256",
      "t" : 1756456894858,
      "tn" : 1756456894858010256,
      "q" : "0.06",
      "p" : "20.810",
      "s" : "buy",
      "i" : "ETC_USD",
      "m" : "4611686018430662798"
    }, {
      "d" : "1756456894848342577",
      "t" : 1756456894848,
      "tn" : 1756456894848342577,
      "q" : "0.06",
      "p" : "20.810",
      "s" : "buy",
      "i" : "ETC_USD",
      "m" : "4611686018430662797"
    }, {
      "d" : "1756456838443967118",
      "t" : 1756456838443,
      "tn" : 1756456838443967118,
      "q" : "0.06",
      "p" : "20.807",
      "s" : "sell",
      "i" : "ETC_USD",
      "m" : "4611686018430662796"
    }, {
      "d" : "1756456759597680559",
      "t" : 1756456759597,
      "tn" : 1756456759597680558,
      "q" : "0.06",
      "p" : "20.860",
      "s" : "buy",
      "i" : "ETC_USD",
      "m" : "4611686018430662795"
    }, {
      "d" : "1756456759597680558",
      "t" : 1756456759597,
      "tn" : 1756456759597680558,
      "q" : "1.87",
      "p" : "20.860",
      "s" : "buy",
      "i" : "ETC_USD",
      "m" : "4611686018430662795"
    }, {
      "d" : "1756456759592439823",
      "t" : 1756456759592,
      "tn" : 1756456759592439823,
      "q" : "17.32",
      "p" : "20.842",
      "s" : "buy",
      "i" : "ETC_USD",
      "m" : "4611686018430662794"
    }, {
      "d" : "1756456759471254669",
      "t" : 1756456759471,
      "tn" : 1756456759471254669,
      "q" : "2.41",
      "p" : "20.842",
      "s" : "buy",
      "i" : "ETC_USD",
      "m" : "4611686018430662793"
    }, {
      "d" : "1756456758913348736",
      "t" : 1756456758913,
      "tn" : 1756456758913348736,
      "q" : "0.27",
      "p" : "20.842",
      "s" : "buy",
      "i" : "ETC_USD",
      "m" : "4611686018430662792"
    }, {
      "d" : "1756456377772121380",
      "t" : 1756456377772,
      "tn" : 1756456377772121380,
      "q" : "0.06",
      "p" : "20.830",
      "s" : "buy",
      "i" : "ETC_USD",
      "m" : "4611686018430662791"
    }, {
      "d" : "1756456375129265505",
      "t" : 1756456375129,
      "tn" : 1756456375129265505,
      "q" : "0.26",
      "p" : "20.849",
      "s" : "sell",
      "i" : "ETC_USD",
      "m" : "4611686018430662790"
    }, {
      "d" : "1756456360968484439",
      "t" : 1756456360968,
      "tn" : 1756456360968484439,
      "q" : "0.06",
      "p" : "20.850",
      "s" : "buy",
      "i" : "ETC_USD",
      "m" : "4611686018430662789"
    }, {
      "d" : "1756456360868192653",
      "t" : 1756456360868,
      "tn" : 1756456360868192653,
      "q" : "0.06",
      "p" : "20.850",
      "s" : "buy",
      "i" : "ETC_USD",
      "m" : "4611686018430662788"
    }, {
      "d" : "1756456360767946029",
      "t" : 1756456360767,
      "tn" : 1756456360767946029,
      "q" : "0.06",
      "p" : "20.850",
      "s" : "buy",
      "i" : "ETC_USD",
      "m" : "4611686018430662787"
    }, {
      "d" : "1756456360732884558",
      "t" : 1756456360732,
      "tn" : 1756456360732884558,
      "q" : "0.06",
      "p" : "20.850",
      "s" : "buy",
      "i" : "ETC_USD",
      "m" : "4611686018430662786"
    }, {
      "d" : "1756456360662644650",
      "t" : 1756456360662,
      "tn" : 1756456360662644650,
      "q" : "0.06",
      "p" : "20.850",
      "s" : "buy",
      "i" : "ETC_USD",
      "m" : "4611686018430662785"
    }, {
      "d" : "1756456360652696183",
      "t" : 1756456360652,
      "tn" : 1756456360652696183,
      "q" : "0.06",
      "p" : "20.850",
      "s" : "buy",
      "i" : "ETC_USD",
      "m" : "4611686018430662784"
    }, {
      "d" : "1756456360607483147",
      "t" : 1756456360607,
      "tn" : 1756456360607483147,
      "q" : "0.06",
      "p" : "20.850",
      "s" : "buy",
      "i" : "ETC_USD",
      "m" : "4611686018430662783"
    }, {
      "d" : "1756456327529226198",
      "t" : 1756456327529,
      "tn" : 1756456327529226198,
      "q" : "0.28",
      "p" : "20.830",
      "s" : "buy",
      "i" : "ETC_USD",
      "m" : "4611686018430662782"
    }, {
      "d" : "1756456326994065406",
      "t" : 1756456326994,
      "tn" : 1756456326994065406,
      "q" : "30.73",
      "p" : "20.830",
      "s" : "buy",
      "i" : "ETC_USD",
      "m" : "4611686018430662781"
    }, {
      "d" : "1756456317558557001",
      "t" : 1756456317558,
      "tn" : 1756456317558557001,
      "q" : "0.06",
      "p" : "20.837",
      "s" : "sell",
      "i" : "ETC_USD",
      "m" : "4611686018430662780"
    }, {
      "d" : "1756456275422234886",
      "t" : 1756456275422,
      "tn" : 1756456275422234886,
      "q" : "90.92",
      "p" : "20.820",
      "s" : "buy",
      "i" : "ETC_USD",
      "m" : "4611686018430662779"
    }, {
      "d" : "1756456024165952986",
      "t" : 1756456024165,
      "tn" : 1756456024165952986,
      "q" : "1.00",
      "p" : "20.840",
      "s" : "buy",
      "i" : "ETC_USD",
      "m" : "4611686018430662778"
    }, {
      "d" : "1756455675154433832",
      "t" : 1756455675154,
      "tn" : 1756455675154433832,
      "q" : "0.06",
      "p" : "20.809",
      "s" : "sell",
      "i" : "ETC_USD",
      "m" : "4611686018430662777"
    }, {
      "d" : "1756455632433077215",
      "t" : 1756455632433,
      "tn" : 1756455632433077215,
      "q" : "28.15",
      "p" : "20.830",
      "s" : "buy",
      "i" : "ETC_USD",
      "m" : "4611686018430662776"
    }, {
      "d" : "1756455615898407953",
      "t" : 1756455615898,
      "tn" : 1756455615898407953,
      "q" : "3.96",
      "p" : "20.850",
      "s" : "buy",
      "i" : "ETC_USD",
      "m" : "4611686018430662775"
    }, {
      "d" : "1756455585806803174",
      "t" : 1756455585806,
      "tn" : 1756455585806803174,
      "q" : "0.16",
      "p" : "20.860",
      "s" : "buy",
      "i" : "ETC_USD",
      "m" : "4611686018430662774"
    }, {
      "d" : "1756455512265483938",
      "t" : 1756455512265,
      "tn" : 1756455512265483938,
      "q" : "0.84",
      "p" : "20.898",
      "s" : "sell",
      "i" : "ETC_USD",
      "m" : "4611686018430662773"
    }, {
      "d" : "1756455489976267653",
      "t" : 1756455489976,
      "tn" : 1756455489976267653,
      "q" : "0.06",
      "p" : "20.902",
      "s" : "buy",
      "i" : "ETC_USD",
      "m" : "4611686018430662772"
    }, {
      "d" : "1756455441963745618",
      "t" : 1756455441963,
      "tn" : 1756455441963745618,
      "q" : "5.00",
      "p" : "20.850",
      "s" : "buy",
      "i" : "ETC_USD",
      "m" : "4611686018430662771"
    }, {
      "d" : "1756455361745863812",
      "t" : 1756455361745,
      "tn" : 1756455361745863812,
      "q" : "1.87",
      "p" : "20.866",
      "s" : "sell",
      "i" : "ETC_USD",
      "m" : "4611686018430662770"
    }, {
      "d" : "1756455361745861838",
      "t" : 1756455361745,
      "tn" : 1756455361745861838,
      "q" : "0.06",
      "p" : "20.879",
      "s" : "sell",
      "i" : "ETC_USD",
      "m" : "4611686018430662769"
    }, {
      "d" : "1756455327394263034",
      "t" : 1756455327394,
      "tn" : 1756455327394263034,
      "q" : "1.87",
      "p" : "20.883",
      "s" : "sell",
      "i" : "ETC_USD",
      "m" : "4611686018430662768"
    }, {
      "d" : "1756455327394260956",
      "t" : 1756455327394,
      "tn" : 1756455327394260956,
      "q" : "0.06",
      "p" : "20.889",
      "s" : "sell",
      "i" : "ETC_USD",
      "m" : "4611686018430662767"
    }, {
      "d" : "1756455173038993183",
      "t" : 1756455173038,
      "tn" : 1756455173038993183,
      "q" : "0.89",
      "p" : "20.914",
      "s" : "buy",
      "i" : "ETC_USD",
      "m" : "4611686018430662766"
    }, {
      "d" : "1756455173038991366",
      "t" : 1756455173038,
      "tn" : 1756455173038991366,
      "q" : "1.43",
      "p" : "20.912",
      "s" : "buy",
      "i" : "ETC_USD",
      "m" : "4611686018430662765"
    }, {
      "d" : "1756455173038987698",
      "t" : 1756455173038,
      "tn" : 1756455173038987698,
      "q" : "0.06",
      "p" : "20.892",
      "s" : "buy",
      "i" : "ETC_USD",
      "m" : "4611686018430662764"
    }, {
      "d" : "1756455083455863784",
      "t" : 1756455083455,
      "tn" : 1756455083455863784,
      "q" : "0.06",
      "p" : "20.899",
      "s" : "sell",
      "i" : "ETC_USD",
      "m" : "4611686018430662763"
    }, {
      "d" : "1756455052787574395",
      "t" : 1756455052787,
      "tn" : 1756455052787574395,
      "q" : "2.33",
      "p" : "20.901",
      "s" : "buy",
      "i" : "ETC_USD",
      "m" : "4611686018430662762"
    }, {
      "d" : "1756455052787572241",
      "t" : 1756455052787,
      "tn" : 1756455052787572241,
      "q" : "0.06",
      "p" : "20.882",
      "s" : "buy",
      "i" : "ETC_USD",
      "m" : "4611686018430662761"
    }, {
      "d" : "1756455045560276467",
      "t" : 1756455045560,
      "tn" : 1756455045560276467,
      "q" : "5.01",
      "p" : "20.901",
      "s" : "sell",
      "i" : "ETC_USD",
      "m" : "4611686018430662760"
    }, {
      "d" : "1756455039412566156",
      "t" : 1756455039412,
      "tn" : 1756455039412566155,
      "q" : "1.05",
      "p" : "20.913",
      "s" : "sell",
      "i" : "ETC_USD",
      "m" : "4611686018430662759"
    }, {
      "d" : "1756455039412566155",
      "t" : 1756455039412,
      "tn" : 1756455039412566155,
      "q" : "0.88",
      "p" : "20.913",
      "s" : "sell",
      "i" : "ETC_USD",
      "m" : "4611686018430662759"
    }, {
      "d" : "1756454997072543361",
      "t" : 1756454997072,
      "tn" : 1756454997072543361,
      "q" : "1.92",
      "p" : "20.913",
      "s" : "sell",
      "i" : "ETC_USD",
      "m" : "4611686018430662758"
    }, {
      "d" : "1756454972981761570",
      "t" : 1756454972981,
      "tn" : 1756454972981761570,
      "q" : "0.06",
      "p" : "20.914",
      "s" : "buy",
      "i" : "ETC_USD",
      "m" : "4611686018430662757"
    }, {
      "d" : "1756454938525365788",
      "t" : 1756454938525,
      "tn" : 1756454938525365788,
      "q" : "1.82",
      "p" : "20.949",
      "s" : "buy",
      "i" : "ETC_USD",
      "m" : "4611686018430662756"
    }, {
      "d" : "1756454938525363538",
      "t" : 1756454938525,
      "tn" : 1756454938525363538,
      "q" : "0.06",
      "p" : "20.922",
      "s" : "buy",
      "i" : "ETC_USD",
      "m" : "4611686018430662755"
    }, {
      "d" : "1756454938525360665",
      "t" : 1756454938525,
      "tn" : 1756454938525360665,
      "q" : "0.50",
      "p" : "20.920",
      "s" : "buy",
      "i" : "ETC_USD",
      "m" : "4611686018430662754"
    }, {
      "d" : "1756454830121074094",
      "t" : 1756454830121,
      "tn" : 1756454830121074094,
      "q" : "1.86",
      "p" : "20.963",
      "s" : "sell",
      "i" : "ETC_USD",
      "m" : "4611686018430662753"
    }, {
      "d" : "1756454830121072001",
      "t" : 1756454830121,
      "tn" : 1756454830121072001,
      "q" : "0.06",
      "p" : "20.979",
      "s" : "sell",
      "i" : "ETC_USD",
      "m" : "4611686018430662752"
    }, {
      "d" : "1756454740807109971",
      "t" : 1756454740807,
      "tn" : 1756454740807109971,
      "q" : "1.87",
      "p" : "20.943",
      "s" : "sell",
      "i" : "ETC_USD",
      "m" : "4611686018430662751"
    }, {
      "d" : "1756454740807107920",
      "t" : 1756454740807,
      "tn" : 1756454740807107920,
      "q" : "0.06",
      "p" : "20.959",
      "s" : "sell",
      "i" : "ETC_USD",
      "m" : "4611686018430662750"
    }, {
      "d" : "1756454565621787903",
      "t" : 1756454565621,
      "tn" : 1756454565621787903,
      "q" : "1.86",
      "p" : "21.010",
      "s" : "sell",
      "i" : "ETC_USD",
      "m" : "4611686018430662749"
    }, {
      "d" : "1756454565621785814",
      "t" : 1756454565621,
      "tn" : 1756454565621785814,
      "q" : "0.06",
      "p" : "21.019",
      "s" : "sell",
      "i" : "ETC_USD",
      "m" : "4611686018430662748"
    }, {
      "d" : "1756454386128083052",
      "t" : 1756454386128,
      "tn" : 1756454386128083052,
      "q" : "1.86",
      "p" : "20.937",
      "s" : "sell",
      "i" : "ETC_USD",
      "m" : "4611686018430662747"
    }, {
      "d" : "1756454386128081055",
      "t" : 1756454386128,
      "tn" : 1756454386128081055,
      "q" : "0.06",
      "p" : "20.949",
      "s" : "sell",
      "i" : "ETC_USD",
      "m" : "4611686018430662746"
    }, {
      "d" : "1756454330032644470",
      "t" : 1756454330032,
      "tn" : 1756454330032644470,
      "q" : "0.06",
      "p" : "20.919",
      "s" : "sell",
      "i" : "ETC_USD",
      "m" : "4611686018430662745"
    }, {
      "d" : "1756454291699332878",
      "t" : 1756454291699,
      "tn" : 1756454291699332878,
      "q" : "1.85",
      "p" : "20.962",
      "s" : "buy",
      "i" : "ETC_USD",
      "m" : "4611686018430662744"
    }, {
      "d" : "1756454291699330604",
      "t" : 1756454291699,
      "tn" : 1756454291699330604,
      "q" : "0.06",
      "p" : "20.932",
      "s" : "buy",
      "i" : "ETC_USD",
      "m" : "4611686018430662743"
    }, {
      "d" : "1756454257856873499",
      "t" : 1756454257856,
      "tn" : 1756454257856873499,
      "q" : "1.85",
      "p" : "20.971",
      "s" : "buy",
      "i" : "ETC_USD",
      "m" : "4611686018430662742"
    }, {
      "d" : "1756454257856871760",
      "t" : 1756454257856,
      "tn" : 1756454257856871760,
      "q" : "0.06",
      "p" : "20.942",
      "s" : "buy",
      "i" : "ETC_USD",
      "m" : "4611686018430662741"
    }, {
      "d" : "1756453943219445387",
      "t" : 1756453943219,
      "tn" : 1756453943219445387,
      "q" : "0.56",
      "p" : "21.003",
      "s" : "sell",
      "i" : "ETC_USD",
      "m" : "4611686018430662740"
    }, {
      "d" : "1756453868848536447",
      "t" : 1756453868848,
      "tn" : 1756453868848536447,
      "q" : "1.85",
      "p" : "21.031",
      "s" : "buy",
      "i" : "ETC_USD",
      "m" : "4611686018430662739"
    }, {
      "d" : "1756453868848534448",
      "t" : 1756453868848,
      "tn" : 1756453868848534448,
      "q" : "0.06",
      "p" : "21.012",
      "s" : "buy",
      "i" : "ETC_USD",
      "m" : "4611686018430662738"
    }, {
      "d" : "1756453860965213469",
      "t" : 1756453860965,
      "tn" : 1756453860965213469,
      "q" : "1.85",
      "p" : "21.023",
      "s" : "buy",
      "i" : "ETC_USD",
      "m" : "4611686018430662737"
    }, {
      "d" : "1756453860965210955",
      "t" : 1756453860965,
      "tn" : 1756453860965210955,
      "q" : "0.06",
      "p" : "21.012",
      "s" : "buy",
      "i" : "ETC_USD",
      "m" : "4611686018430662736"
    }, {
      "d" : "1756453717344381042",
      "t" : 1756453717344,
      "tn" : 1756453717344381042,
      "q" : "0.06",
      "p" : "21.012",
      "s" : "buy",
      "i" : "ETC_USD",
      "m" : "4611686018430662735"
    }, {
      "d" : "1756453671532475577",
      "t" : 1756453671532,
      "tn" : 1756453671532475577,
      "q" : "0.06",
      "p" : "21.002",
      "s" : "buy",
      "i" : "ETC_USD",
      "m" : "4611686018430662734"
    }, {
      "d" : "1756453511964838753",
      "t" : 1756453511964,
      "tn" : 1756453511964838753,
      "q" : "0.05",
      "p" : "21.008",
      "s" : "buy",
      "i" : "ETC_USD",
      "m" : "4611686018430662733"
    }, {
      "d" : "1756453511964836784",
      "t" : 1756453511964,
      "tn" : 1756453511964836784,
      "q" : "1.80",
      "p" : "20.996",
      "s" : "buy",
      "i" : "ETC_USD",
      "m" : "4611686018430662732"
    }, {
      "d" : "1756453511964833068",
      "t" : 1756453511964,
      "tn" : 1756453511964833068,
      "q" : "0.06",
      "p" : "20.982",
      "s" : "buy",
      "i" : "ETC_USD",
      "m" : "4611686018430662731"
    }, {
      "d" : "1756453346644877687",
      "t" : 1756453346644,
      "tn" : 1756453346644877687,
      "q" : "0.70",
      "p" : "21.009",
      "s" : "sell",
      "i" : "ETC_USD",
      "m" : "4611686018430662730"
    }, {
      "d" : "1756453302483362308",
      "t" : 1756453302483,
      "tn" : 1756453302483362308,
      "q" : "1.85",
      "p" : "21.032",
      "s" : "buy",
      "i" : "ETC_USD",
      "m" : "4611686018430662729"
    }, {
      "d" : "1756453302483360232",
      "t" : 1756453302483,
      "tn" : 1756453302483360232,
      "q" : "0.06",
      "p" : "21.012",
      "s" : "buy",
      "i" : "ETC_USD",
      "m" : "4611686018430662728"
    }, {
      "d" : "1756453288478911253",
      "t" : 1756453288478,
      "tn" : 1756453288478911253,
      "q" : "1.16",
      "p" : "21.004",
      "s" : "buy",
      "i" : "ETC_USD",
      "m" : "4611686018430662727"
    }, {
      "d" : "1756453288478909333",
      "t" : 1756453288478,
      "tn" : 1756453288478909333,
      "q" : "0.69",
      "p" : "21.002",
      "s" : "buy",
      "i" : "ETC_USD",
      "m" : "4611686018430662726"
    }, {
      "d" : "1756453288478906597",
      "t" : 1756453288478,
      "tn" : 1756453288478906597,
      "q" : "0.06",
      "p" : "20.983",
      "s" : "buy",
      "i" : "ETC_USD",
      "m" : "4611686018430662725"
    }, {
      "d" : "1756453287029305295",
      "t" : 1756453287029,
      "tn" : 1756453287029305295,
      "q" : "0.06",
      "p" : "20.972",
      "s" : "buy",
      "i" : "ETC_USD",
      "m" : "4611686018430662724"
    }, {
      "d" : "1756453272572450050",
      "t" : 1756453272572,
      "tn" : 1756453272572450050,
      "q" : "0.06",
      "p" : "20.962",
      "s" : "buy",
      "i" : "ETC_USD",
      "m" : "4611686018430662723"
    }, {
      "d" : "1756453247601385383",
      "t" : 1756453247601,
      "tn" : 1756453247601385383,
      "q" : "0.06",
      "p" : "20.972",
      "s" : "buy",
      "i" : "ETC_USD",
      "m" : "4611686018430662722"
    }, {
      "d" : "1756453232691247758",
      "t" : 1756453232691,
      "tn" : 1756453232691247758,
      "q" : "1.85",
      "p" : "20.998",
      "s" : "buy",
      "i" : "ETC_USD",
      "m" : "4611686018430662721"
    }, {
      "d" : "1756453232691245682",
      "t" : 1756453232691,
      "tn" : 1756453232691245682,
      "q" : "0.06",
      "p" : "20.982",
      "s" : "buy",
      "i" : "ETC_USD",
      "m" : "4611686018430662720"
    }, {
      "d" : "1756453213795666714",
      "t" : 1756453213795,
      "tn" : 1756453213795666714,
      "q" : "0.06",
      "p" : "20.992",
      "s" : "buy",
      "i" : "ETC_USD",
      "m" : "4611686018430662719"
    }, {
      "d" : "1756453180811394594",
      "t" : 1756453180811,
      "tn" : 1756453180811394594,
      "q" : "0.06",
      "p" : "20.988",
      "s" : "buy",
      "i" : "ETC_USD",
      "m" : "4611686018430662718"
    }, {
      "d" : "1756452855606461135",
      "t" : 1756452855606,
      "tn" : 1756452855606461135,
      "q" : "1.85",
      "p" : "21.045",
      "s" : "buy",
      "i" : "ETC_USD",
      "m" : "4611686018430662717"
    }, {
      "d" : "1756452855606458746",
      "t" : 1756452855606,
      "tn" : 1756452855606458746,
      "q" : "0.06",
      "p" : "21.022",
      "s" : "buy",
      "i" : "ETC_USD",
      "m" : "4611686018430662716"
    }, {
      "d" : "1756452762923790432",
      "t" : 1756452762923,
      "tn" : 1756452762923790432,
      "q" : "1.85",
      "p" : "21.071",
      "s" : "buy",
      "i" : "ETC_USD",
      "m" : "4611686018430662715"
    }, {
      "d" : "1756452762923788358",
      "t" : 1756452762923,
      "tn" : 1756452762923788358,
      "q" : "0.06",
      "p" : "21.052",
      "s" : "buy",
      "i" : "ETC_USD",
      "m" : "4611686018430662714"
    }, {
      "d" : "1756452558278755071",
      "t" : 1756452558278,
      "tn" : 1756452558278755071,
      "q" : "1.85",
      "p" : "20.995",
      "s" : "buy",
      "i" : "ETC_USD",
      "m" : "4611686018430662713"
    }, {
      "d" : "1756452558278752707",
      "t" : 1756452558278,
      "tn" : 1756452558278752707,
      "q" : "0.06",
      "p" : "20.982",
      "s" : "buy",
      "i" : "ETC_USD",
      "m" : "4611686018430662712"
    }, {
      "d" : "1756452554373904468",
      "t" : 1756452554373,
      "tn" : 1756452554373904468,
      "q" : "0.06",
      "p" : "20.979",
      "s" : "sell",
      "i" : "ETC_USD",
      "m" : "4611686018430662711"
    }, {
      "d" : "1756452491440591334",
      "t" : 1756452491440,
      "tn" : 1756452491440591334,
      "q" : "1.85",
      "p" : "20.984",
      "s" : "buy",
      "i" : "ETC_USD",
      "m" : "4611686018430662710"
    }, {
      "d" : "1756452491440589210",
      "t" : 1756452491440,
      "tn" : 1756452491440589210,
      "q" : "0.06",
      "p" : "20.972",
      "s" : "buy",
      "i" : "ETC_USD",
      "m" : "4611686018430662709"
    }, {
      "d" : "1756452392972362961",
      "t" : 1756452392972,
      "tn" : 1756452392972362961,
      "q" : "0.55",
      "p" : "20.952",
      "s" : "sell",
      "i" : "ETC_USD",
      "m" : "4611686018430662708"
    }, {
      "d" : "1756452391213390375",
      "t" : 1756452391213,
      "tn" : 1756452391213390375,
      "q" : "0.06",
      "p" : "20.953",
      "s" : "buy",
      "i" : "ETC_USD",
      "m" : "4611686018430662707"
    }, {
      "d" : "1756452386170501008",
      "t" : 1756452386170,
      "tn" : 1756452386170501008,
      "q" : "0.06",
      "p" : "20.952",
      "s" : "buy",
      "i" : "ETC_USD",
      "m" : "4611686018430662706"
    }, {
      "d" : "1756452376328134320",
      "t" : 1756452376328,
      "tn" : 1756452376328134320,
      "q" : "0.55",
      "p" : "20.960",
      "s" : "buy",
      "i" : "ETC_USD",
      "m" : "4611686018430662705"
    }, {
      "d" : "1756452339120510715",
      "t" : 1756452339120,
      "tn" : 1756452339120510715,
      "q" : "0.11",
      "p" : "21.000",
      "s" : "buy",
      "i" : "ETC_USD",
      "m" : "4611686018430662704"
    } ]
  }
}