{
  "id" : -1,
  "method" : "public/get-trades",
  "code" : 0,
  "result" : {
    "data" : [ {
      "d" : "1756460893086953438",
      "t" : 1756460893086,
      "tn" : 1756460893086953438,
      "q" : "0.06",
      "p" : "20.856",
      "s" : "buy",
      "i" : "ETC_USDT",
      "m" : "4611686018430802213"
    }, {
      "d" : "1756460890358897055",
      "t" : 1756460890358,
      "tn" : 1756460890358897055,
      "q" : "0.06",
      "p" : "20.856",
      "s" : "buy",
      "i" : "ETC_USDT",
      "m" : "4611686018430802212"
    }, {
      "d" : "1756460889221402455",
      "t" : 1756460889221,
      "tn" : 1756460889221402455,
      "q" : "0.06",
      "p" : "20.846",
      "s" : "buy",
      "i" : "ETC_USDT",
      "m" : "4611686018430802211"
    }, {
      "d" : "1756460888210195700",
      "t" : 1756460888210,
      "tn" : 1756460888210195700,
      "q" : "0.06",
      "p" : "20.846",
      "s" : "buy",
      "i" : "ETC_USDT",
      "m" : "4611686018430802210"
    }, {
      "d" : "1756460887207168050",
      "t" : 1756460887207,
      "tn" : 1756460887207168050,
      "q" : "0.06",
      "p" : "20.846",
      "s" : "buy",
      "i" : "ETC_USDT",
      "m" : "4611686018430802209"
    }, {
      "d" : "1756460886176107416",
      "t" : 1756460886176,
      "tn" : 1756460886176107416,
      "q" : "0.06",
      "p" : "20.846",
      "s" : "buy",
      "i" : "ETC_USDT",
      "m" : "4611686018430802208"
    }, {
      "d" : "1756460885130956507",
      "t" : 1756460885130,
      "tn" : 1756460885130956507,
      "q" : "0.06",
      "p" : "20.846",
      "s" : "buy",
      "i" : "ETC_USDT",
      "m" : "4611686018430802207"
    }, {
      "d" : "1756460884107271280",
      "t" : 1756460884107,
      "tn" : 1756460884107271280,
      "q" : "0.06",
      "p" : "20.846",
      "s" : "buy",
      "i" : "ETC_USDT",
      "m" : "4611686018430802206"
    }, {
      "d" : "1756460883081280318",
      "t" : 1756460883081,
      "tn" : 1756460883081280318,
      "q" : "0.06",
      "p" : "20.846",
      "s" : "buy",
      "i" : "ETC_USDT",
      "m" : "4611686018430802205"
    }, {
      "d" : "1756460882045738853",
      "t" : 1756460882045,
      "tn" : 1756460882045738853,
      "q" : "0.06",
      "p" : "20.846",
      "s" : "buy",
      "i" : "ETC_USDT",
      "m" : "4611686018430802204"
    }, {
      "d" : "1756460881041544565",
      "t" : 1756460881041,
      "tn" : 1756460881041544565,
      "q" : "0.06",
      "p" : "20.846",
      "s" : "buy",
      "i" : "ETC_USDT",
      "m" : "4611686018430802203"
    }, {
      "d" : "1756460880036553532",
      "t" : 1756460880036,
      "tn" : 1756460880036553532,
      "q" : "0.06",
      "p" : "20.846",
      "s" : "buy",
      "i" : "ETC_USDT",
      "m" : "4611686018430802202"
    }, {
      "d" : "1756460879029057823",
      "t" : 1756460879029,
      "tn" : 1756460879029057823,
      "q" : "0.06",
      "p" : "20.846",
      "s" : "buy",
      "i" : "ETC_USDT",
      "m" : "4611686018430802201"
    }, {
      "d" : "1756460878007363882",
      "t" : 1756460878007,
      "tn" : 1756460878007363882,
      "q" : "0.06",
      "p" : "20.846",
      "s" : "buy",
      "i" : "ETC_USDT",
      "m" : "4611686018430802200"
    }, {
      "d" : "1756460876954962899",
      "t" : 1756460876954,
      "tn" : 1756460876954962899,
      "q" : "0.06",
      "p" : "20.846",
      "s" : "buy",
      "i" : "ETC_USDT",
      "m" : "4611686018430802199"
    }, {
      "d" : "1756460875922465395",
      "t" : 1756460875922,
      "tn" : 1756460875922465395,
      "q" : "0.06",
      "p" : "20.846",
      "s" : "buy",
      "i" : "ETC_USDT",
      "m" : "4611686018430802198"
    }, {
      "d" : "1756460874916015958",
      "t" : 1756460874916,
      "tn" : 1756460874916015958,
      "q" : "0.06",
      "p" : "20.846",
      "s" : "buy",
      "i" : "ETC_USDT",
      "m" : "4611686018430802197"
    }, {
      "d" : "1756460873907233910",
      "t" : 1756460873907,
      "tn" : 1756460873907233910,
      "q" : "0.06",
      "p" : "20.846",
      "s" : "buy",
      "i" : "ETC_USDT",
      "m" : "4611686018430802196"
    }, {
      "d" : "1756460872867813762",
      "t" : 1756460872867,
      "tn" : 1756460872867813762,
      "q" : "0.06",
      "p" : "20.846",
      "s" : "buy",
      "i" : "ETC_USDT",
      "m" : "4611686018430802195"
    }, {
      "d" : "1756460871864804961",
      "t" : 1756460871864,
      "tn" : 1756460871864804961,
      "q" : "0.06",
      "p" : "20.846",
      "s" : "buy",
      "i" : "ETC_USDT",
      "m" : "4611686018430802194"
    }, {
      "d" : "1756460870844610536",
      "t" : 1756460870844,
      "tn" : 1756460870844610536,
      "q" : "0.06",
      "p" : "20.846",
      "s" : "buy",
      "i" : "ETC_USDT",
      "m" : "4611686018430802193"
    }, {
      "d" : "1756460869825554538",
      "t" : 1756460869825,
      "tn" : 1756460869825554538,
      "q" : "0.06",
      "p" : "20.846",
      "s" : "buy",
      "i" : "ETC_USDT",
      "m" : "4611686018430802192"
    }, {
      "d" : "1756460868807258267",
      "t" : 1756460868807,
      "tn" : 1756460868807258267,
      "q" : "0.06",
      "p" : "20.846",
      "s" : "buy",
      "i" : "ETC_USDT",
      "m" : "4611686018430802191"
    }, {
      "d" : "1756460867744882057",
      "t" : 1756460867744,
      "tn" : 1756460867744882057,
      "q" : "0.06",
      "p" : "20.846",
      "s" : "buy",
      "i" : "ETC_USDT",
      "m" : "4611686018430802190"
    }, {
      "d" : "1756460866707128363",
      "t" : 1756460866707,
      "tn" : 1756460866707128363,
      "q" : "0.06",
      "p" : "20.846",
      "s" : "buy",
      "i" : "ETC_USDT",
      "m" : "4611686018430802189"
    }, {
      "d" : "1756460865692981177",
      "t" : 1756460865692,
      "tn" : 1756460865692981177,
      "q" : "0.06",
      "p" : "20.846",
      "s" : "buy",
      "i" : "ETC_USDT",
      "m" : "4611686018430802188"
    }, {
      "d" : "1756460864615462785",
      "t" : 1756460864615,
      "tn" : 1756460864615462785,
      "q" : "0.06",
      "p" : "20.846",
      "s" : "buy",
      "i" : "ETC_USDT",
      "m" : "4611686018430802187"
    }, {
      "d" : "1756460854555684880",
      "t" : 1756460854555,
      "tn" : 1756460854555684880,
      "q" : "0.06",
      "p" : "20.836",
      "s" : "buy",
      "i" : "ETC_USDT",
      "m" : "4611686018430802186"
    }, {
      "d" : "1756460853545491411",
      "t" : 1756460853545,
      "tn" : 1756460853545491411,
      "q" : "0.06",
      "p" : "20.836",
      "s" : "buy",
      "i" : "ETC_USDT",
      "m" : "4611686018430802185"
    }, {
      "d" : "1756460852523816991",
      "t" : 1756460852523,
      "tn" : 1756460852523816991,
      "q" : "0.06",
      "p" : "20.836",
      "s" : "buy",
      "i" : "ETC_USDT",
      "m" : "4611686018430802184"
    }, {
      "d" : "1756460851520769314",
      "t" : 1756460851520,
      "tn" : 1756460851520769314,
      "q" : "0.06",
      "p" : "20.836",
      "s" : "buy",
      "i" : "ETC_USDT",
      "m" : "4611686018430802183"
    }, {
      "d" : "1756460845229034672",
      "t" : 1756460845229,
      "tn" : 1756460845229034672,
      "q" : "0.12",
      "p" : "20.845",
      "s" : "sell",
      "i" : "ETC_USDT",
      "m" : "4611686018430802182"
    }, {
      "d" : "1756460840018117244",
      "t" : 1756460840018,
      "tn" : 1756460840018117244,
      "q" : "0.06",
      "p" : "20.836",
      "s" : "buy",
      "i" : "ETC_USDT",
      "m" : "4611686018430802181"
    }, {
      "d" : "1756460839977298662",
      "t" : 1756460839977,
      "tn" : 1756460839977298662,
      "q" : "0.06",
      "p" : "20.836",
      "s" : "buy",
      "i" : "ETC_USDT",
      "m" : "4611686018430802180"
    }, {
      "d" : "1756460838959887119",
      "t" : 1756460838959,
      "tn" : 1756460838959887119,
      "q" : "0.06",
      "p" : "20.836",
      "s" : "buy",
      "i" : "ETC_USDT",
      "m" : "4611686018430802179"
    }, {
      "d" : "1756460810476372913",
      "t" : 1756460810476,
      "tn" : 1756460810476372913,
      "q" : "0.06",
      "p" : "20.837",
      "s" : "buy",
      "i" : "ETC_USDT",
      "m" : "4611686018430802178"
    }, {
      "d" : "1756460802802113311",
      "t" : 1756460802802,
      "tn" : 1756460802802113311,
      "q" : "0.06",
      "p" : "20.846",
      "s" : "buy",
      "i" : "ETC_USDT",
      "m" : "4611686018430802177"
    }, {
      "d" : "1756460801795598676",
      "t" : 1756460801795,
      "tn" : 1756460801795598676,
      "q" : "0.06",
      "p" : "20.846",
      "s" : "buy",
      "i" : "ETC_USDT",
      "m" : "4611686018430802176"
    }, {
      "d" : "1756460795404339564",
      "t" : 1756460795404,
      "tn" : 1756460795404339564,
      "q" : "0.06",
      "p" : "20.846",
      "s" : "buy",
      "i" : "ETC_USDT",
      "m" : "4611686018430802175"
    }, {
      "d" : "1756460794385290267",
      "t" : 1756460794385,
      "tn" : 1756460794385290267,
      "q" : "0.06",
      "p" : "20.846",
      "s" : "buy",
      "i" : "ETC_USDT",
      "m" : "4611686018430802174"
    }, {
      "d" : "1756460793342064821",
      "t" : 1756460793342,
      "tn" : 1756460793342064821,
      "q" : "0.06",
      "p" : "20.846",
      "s" : "buy",
      "i" : "ETC_USDT",
      "m" : "4611686018430802173"
    }, {
      "d" : "1756460789665398268",
      "t" : 1756460789665,
      "tn" : 1756460789665398268,
      "q" : "0.06",
      "p" : "20.837",
      "s" : "buy",
      "i" : "ETC_USDT",
      "m" : "4611686018430802172"
    }, {
      "d" : "1756460788607230109",
      "t" : 1756460788607,
      "tn" : 1756460788607230109,
      "q" : "0.06",
      "p" : "20.837",
      "s" : "buy",
      "i" : "ETC_USDT",
      "m" : "4611686018430802171"
    }, {
      "d" : "1756460787524766611",
      "t" : 1756460787524,
      "tn" : 1756460787524766611,
      "q" : "0.06",
      "p" : "20.837",
      "s" : "buy",
      "i" : "ETC_USDT",
      "m" : "4611686018430802170"
    }, {
      "d" : "1756460784418843431",
      "t" : 1756460784418,
      "tn" : 1756460784418843431,
      "q" : "0.06",
      "p" : "20.836",
      "s" : "buy",
      "i" : "ETC_USDT",
      "m" : "4611686018430802169"
    }, {
      "d" : "1756460783407322572",
      "t" : 1756460783407,
      "tn" : 1756460783407322572,
      "q" : "0.06",
      "p" : "20.836",
      "s" : "buy",
      "i" : "ETC_USDT",
      "m" : "4611686018430802168"
    }, {
      "d" : "1756460782306965080",
      "t" : 1756460782306,
      "tn" : 1756460782306965080,
      "q" : "0.06",
      "p" : "20.836",
      "s" : "buy",
      "i" : "ETC_USDT",
      "m" : "4611686018430802167"
    }, {
      "d" : "1756460781282242775",
      "t" : 1756460781282,
      "tn" : 1756460781282242775,
      "q" : "0.06",
      "p" : "20.836",
      "s" : "buy",
      "i" : "ETC_USDT",
      "m" : "4611686018430802166"
    }, {
      "d" : "1756460780228526858",
      "t" : 1756460780228,
      "tn" : 1756460780228526858,
      "q" : "0.06",
      "p" : "20.836",
      "s" : "buy",
      "i" : "ETC_USDT",
      "m" : "4611686018430802165"
    }, {
      "d" : "1756460779030553308",
      "t" : 1756460779030,
      "tn" : 1756460779030553308,
      "q" : "0.06",
      "p" : "20.836",
      "s" : "buy",
      "i" : "ETC_USDT",
      "m" : "4611686018430802164"
    }, {
      "d" : "1756460778014000155",
      "t" : 1756460778014,
      "tn" : 1756460778014000155,
      "q" : "0.06",
      "p" : "20.836",
      "s" : "buy",
      "i" : "ETC_USDT",
      "m" : "4611686018430802163"
    }, {
      "d" : "1756460776807163555",
      "t" : 1756460776807,
      "tn" : 1756460776807163555,
      "q" : "0.06",
      "p" : "20.827",
      "s" : "buy",
      "i" : "ETC_USDT",
      "m" : "4611686018430802162"
    }, {
      "d" : "1756460775785376661",
      "t" : 1756460775785,
      "tn" : 1756460775785376661,
      "q" : "0.06",
      "p" : "20.827",
      "s" : "buy",
      "i" : "ETC_USDT",
      "m" : "4611686018430802161"
    }, {
      "d" : "1756460774775063762",
      "t" : 1756460774775,
      "tn" : 1756460774775063762,
      "q" : "0.06",
      "p" : "20.827",
      "s" : "buy",
      "i" : "ETC_USDT",
      "m" : "4611686018430802160"
    }, {
      "d" : "1756460773740243372",
      "t" : 1756460773740,
      "tn" : 1756460773740243372,
      "q" : "0.06",
      "p" : "20.827",
      "s" : "buy",
      "i" : "ETC_USDT",
      "m" : "4611686018430802159"
    }, {
      "d" : "1756460772707132518",
      "t" : 1756460772707,
      "tn" : 1756460772707132518,
      "q" : "0.06",
      "p" : "20.827",
      "s" : "buy",
      "i" : "ETC_USDT",
      "m" : "4611686018430802158"
    }, {
      "d" : "1756460771607178204",
      "t" : 1756460771607,
      "tn" : 1756460771607178204,
      "q" : "0.06",
      "p" : "20.827",
      "s" : "buy",
      "i" : "ETC_USDT",
      "m" : "4611686018430802157"
    }, {
      "d" : "1756460770600957486",
      "t" : 1756460770600,
      "tn" : 1756460770600957486,
      "q" : "0.06",
      "p" : "20.827",
      "s" : "buy",
      "i" : "ETC_USDT",
      "m" : "4611686018430802156"
    }, {
      "d" : "1756460769526079424",
      "t" : 1756460769526,
      "tn" : 1756460769526079424,
      "q" : "0.06",
      "p" : "20.827",
      "s" : "buy",
      "i" : "ETC_USDT",
      "m" : "4611686018430802155"
    }, {
      "d" : "1756460768523190769",
      "t" : 1756460768523,
      "tn" : 1756460768523190769,
      "q" : "0.06",
      "p" : "20.827",
      "s" : "buy",
      "i" : "ETC_USDT",
      "m" : "4611686018430802154"
    }, {
      "d" : "1756460760045611237",
      "t" : 1756460760045,
      "tn" : 1756460760045611237,
      "q" : "0.06",
      "p" : "20.826",
      "s" : "buy",
      "i" : "ETC_USDT",
      "m" : "4611686018430802153"
    }, {
      "d" : "1756460759007270806",
      "t" : 1756460759007,
      "tn" : 1756460759007270806,
      "q" : "0.06",
      "p" : "20.826",
      "s" : "buy",
      "i" : "ETC_USDT",
      "m" : "4611686018430802152"
    }, {
      "d" : "1756460757907207143",
      "t" : 1756460757907,
      "tn" : 1756460757907207143,
      "q" : "0.06",
      "p" : "20.826",
      "s" : "buy",
      "i" : "ETC_USDT",
      "m" : "4611686018430802151"
    }, {
      "d" : "1756460756807148072",
      "t" : 1756460756807,
      "tn" : 1756460756807148072,
      "q" : "0.06",
      "p" : "20.826",
      "s" : "buy",
      "i" : "ETC_USDT",
      "m" : "4611686018430802150"
    }, {
      "d" : "1756460756166473163",
      "t" : 1756460756166,
      "tn" : 1756460756166473163,
      "q" : "0.06",
      "p" : "20.826",
      "s" : "buy",
      "i" : "ETC_USDT",
      "m" : "4611686018430802149"
    }, {
      "d" : "1756460755795377257",
      "t" : 1756460755795,
      "tn" : 1756460755795377257,
      "q" : "0.06",
      "p" : "20.826",
      "s" : "buy",
      "i" : "ETC_USDT",
      "m" : "4611686018430802148"
    }, {
      "d" : "1756460754750205940",
      "t" : 1756460754750,
      "tn" : 1756460754750205940,
      "q" : "0.06",
      "p" : "20.826",
      "s" : "buy",
      "i" : "ETC_USDT",
      "m" : "4611686018430802147"
    }, {
      "d" : "1756460746255918489",
      "t" : 1756460746255,
      "tn" : 1756460746255918489,
      "q" : "0.06",
      "p" : "20.816",
      "s" : "buy",
      "i" : "ETC_USDT",
      "m" : "4611686018430802146"
    }, {
      "d" : "1756460745238157697",
      "t" : 1756460745238,
      "tn" : 1756460745238157697,
      "q" : "0.06",
      "p" : "20.816",
      "s" : "buy",
      "i" : "ETC_USDT",
      "m" : "4611686018430802145"
    }, {
      "d" : "1756460744225230219",
      "t" : 1756460744225,
      "tn" : 1756460744225230219,
      "q" : "0.06",
      "p" : "20.816",
      "s" : "buy",
      "i" : "ETC_USDT",
      "m" : "4611686018430802144"
    }, {
      "d" : "1756460734807126804",
      "t" : 1756460734807,
      "tn" : 1756460734807126804,
      "q" : "0.06",
      "p" : "20.806",
      "s" : "buy",
      "i" : "ETC_USDT",
      "m" : "4611686018430802143"
    }, {
      "d" : "1756460733707372172",
      "t" : 1756460733707,
      "tn" : 1756460733707372172,
      "q" : "0.06",
      "p" : "20.806",
      "s" : "buy",
      "i" : "ETC_USDT",
      "m" : "4611686018430802142"
    }, {
      "d" : "1756460732694574266",
      "t" : 1756460732694,
      "tn" : 1756460732694574266,
      "q" : "0.06",
      "p" : "20.806",
      "s" : "buy",
      "i" : "ETC_USDT",
      "m" : "4611686018430802141"
    }, {
      "d" : "1756460731688652317",
      "t" : 1756460731688,
      "tn" : 1756460731688652317,
      "q" : "0.06",
      "p" : "20.806",
      "s" : "buy",
      "i" : "ETC_USDT",
      "m" : "4611686018430802140"
    }, {
      "d" : "1756460730625838159",
      "t" : 1756460730625,
      "tn" : 1756460730625838159,
      "q" : "0.06",
      "p" : "20.806",
      "s" : "buy",
      "i" : "ETC_USDT",
      "m" : "4611686018430802139"
    }, {
      "d" : "1756460728272096770",
      "t" : 1756460728272,
      "tn" : 1756460728272096770,
      "q" : "0.06",
      "p" : "20.806",
      "s" : "buy",
      "i" : "ETC_USDT",
      "m" : "4611686018430802138"
    }, {
      "d" : "1756460727251460395",
      "t" : 1756460727251,
      "tn" : 1756460727251460395,
      "q" : "0.06",
      "p" : "20.806",
      "s" : "buy",
      "i" : "ETC_USDT",
      "m" : "4611686018430802137"
    }, {
      "d" : "1756460726004667028",
      "t" : 1756460726004,
      "tn" : 1756460726004667028,
      "q" : "0.06",
      "p" : "20.806",
      "s" : "buy",
      "i" : "ETC_USDT",
      "m" : "4611686018430802136"
    }, {
      "d" : "1756460668479165359",
      "t" : 1756460668479,
      "tn" : 1756460668479165359,
      "q" : "0.06",
      "p" : "20.806",
      "s" : "buy",
      "i" : "ETC_USDT",
      "m" : "4611686018430802135"
    }, {
      "d" : "1756460667426973094",
      "t" : 1756460667426,
      "tn" : 1756460667426973094,
      "q" : "0.06",
      "p" : "20.806",
      "s" : "buy",
      "i" : "ETC_USDT",
      "m" : "4611686018430802134"
    }, {
      "d" : "1756460666413123450",
      "t" : 1756460666413,
      "tn" : 1756460666413123450,
      "q" : "0.06",
      "p" : "20.806",
      "s" : "buy",
      "i" : "ETC_USDT",
      "m" : "4611686018430802133"
    }, {
      "d" : "1756460665408208106",
      "t" : 1756460665408,
      "tn" : 1756460665408208106,
      "q" : "0.06",
      "p" : "20.806",
      "s" : "buy",
      "i" : "ETC_USDT",
      "m" : "4611686018430802132"
    }, {
      "d" : "1756460664405912566",
      "t" : 1756460664405,
      "tn" : 1756460664405912566,
      "q" : "0.06",
      "p" : "20.806",
      "s" : "buy",
      "i" : "ETC_USDT",
      "m" : "4611686018430802131"
    }, {
      "d" : "1756460663390936606",
      "t" : 1756460663390,
      "tn" : 1756460663390936606,
      "q" : "0.06",
      "p" : "20.806",
      "s" : "buy",
      "i" : "ETC_USDT",
      "m" : "4611686018430802130"
    }, {
      "d" : "1756460662382735550",
      "t" : 1756460662382,
      "tn" : 1756460662382735550,
      "q" : "0.06",
      "p" : "20.806",
      "s" : "buy",
      "i" : "ETC_USDT",
      "m" : "4611686018430802129"
    }, {
      "d" : "1756460661376144255",
      "t" : 1756460661376,
      "tn" : 1756460661376144255,
      "q" : "0.06",
      "p" : "20.806",
      "s" : "buy",
      "i" : "ETC_USDT",
      "m" : "4611686018430802128"
    }, {
      "d" : "1756460660358240512",
      "t" : 1756460660358,
      "tn" : 1756460660358240512,
      "q" : "0.06",
      "p" : "20.806",
      "s" : "buy",
      "i" : "ETC_USDT",
      "m" : "4611686018430802127"
    }, {
      "d" : "1756460659345275208",
      "t" : 1756460659345,
      "tn" : 1756460659345275208,
      "q" : "0.06",
      "p" : "20.806",
      "s" : "buy",
      "i" : "ETC_USDT",
      "m" : "4611686018430802126"
    }, {
      "d" : "1756460658340585444",
      "t" : 1756460658340,
      "tn" : 1756460658340585444,
      "q" : "0.06",
      "p" : "20.806",
      "s" : "buy",
      "i" : "ETC_USDT",
      "m" : "4611686018430802125"
    }, {
      "d" : "1756460638807246939",
      "t" : 1756460638807,
      "tn" : 1756460638807246939,
      "q" : "0.06",
      "p" : "20.796",
      "s" : "buy",
      "i" : "ETC_USDT",
      "m" : "4611686018430802124"
    }, {
      "d" : "1756460637707333132",
      "t" : 1756460637707,
      "tn" : 1756460637707333132,
      "q" : "0.06",
      "p" : "20.796",
      "s" : "buy",
      "i" : "ETC_USDT",
      "m" : "4611686018430802123"
    }, {
      "d" : "1756460636689203778",
      "t" : 1756460636689,
      "tn" : 1756460636689203778,
      "q" : "0.06",
      "p" : "20.796",
      "s" : "buy",
      "i" : "ETC_USDT",
      "m" : "4611686018430802122"
    }, {
      "d" : "1756460635607063369",
      "t" : 1756460635607,
      "tn" : 1756460635607063369,
      "q" : "0.06",
      "p" : "20.796",
      "s" : "buy",
      "i" : "ETC_USDT",
      "m" : "4611686018430802121"
    }, {
      "d" : "1756460634524642172",
      "t" : 1756460634524,
      "tn" : 1756460634524642172,
      "q" : "0.06",
      "p" : "20.796",
      "s" : "buy",
      "i" : "ETC_USDT",
      "m" : "4611686018430802120"
    }, {
      "d" : "1756460633521833668",
      "t" : 1756460633521,
      "tn" : 1756460633521833668,
      "q" : "0.06",
      "p" : "20.796",
      "s" : "buy",
      "i" : "ETC_USDT",
      "m" : "4611686018430802119"
    }, {
      "d" : "1756460604194816503",
      "t" : 1756460604194,
      "tn" : 1756460604194816503,
      "q" : "0.06",
      "p" : "20.796",
      "s" : "buy",
      "i" : "ETC_USDT",
      "m" : "4611686018430802118"
    }, {
      "d" : "1756460603188178199",
      "t" : 1756460603188,
      "tn" : 1756460603188178199,
      "q" : "0.06",
      "p" : "20.796",
      "s" : "buy",
      "i" : "ETC_USDT",
      "m" : "4611686018430802117"
    }, {
      "d" : "1756460593407345288",
      "t" : 1756460593407,
      "tn" : 1756460593407345288,
      "q" : "0.06",
      "p" : "20.796",
      "s" : "buy",
      "i" : "ETC_USDT",
      "m" : "4611686018430802116"
    }, {
      "d" : "1756460592364073398",
      "t" : 1756460592364,
      "tn" : 1756460592364073398,
      "q" : "0.06",
      "p" : "20.796",
      "s" : "buy",
      "i" : "ETC_USDT",
      "m" : "4611686018430802115"
    }, {
      "d" : "1756460587107358496",
      "t" : 1756460587107,
      "tn" : 1756460587107358496,
      "q" : "0.06",
      "p" : "20.786",
      "s" : "buy",
      "i" : "ETC_USDT",
      "m" : "4611686018430802114"
    }, {
      "d" : "1756460586104527863",
      "t" : 1756460586104,
      "tn" : 1756460586104527863,
      "q" : "0.06",
      "p" : "20.786",
      "s" : "buy",
      "i" : "ETC_USDT",
      "m" : "4611686018430802113"
    }, {
      "d" : "1756460580413563417",
      "t" : 1756460580413,
      "tn" : 1756460580413563417,
      "q" : "0.06",
      "p" : "20.786",
      "s" : "buy",
      "i" : "ETC_USDT",
      "m" : "4611686018430802112"
    }, {
      "d" : "1756460573527864753",
      "t" : 1756460573527,
      "tn" : 1756460573527864753,
      "q" : "0.06",
      "p" : "20.786",
      "s" : "buy",
      "i" : "ETC_USDT",
      "m" : "4611686018430802111"
    }, {
      "d" : "1756460572525161783",
      "t" : 1756460572525,
      "tn" : 1756460572525161783,
      "q" : "0.06",
      "p" : "20.786",
      "s" : "buy",
      "i" : "ETC_USDT",
      "m" : "4611686018430802110"
    }, {
      "d" : "1756460568119322293",
      "t" : 1756460568119,
      "tn" : 1756460568119322293,
      "q" : "0.06",
      "p" : "20.787",
      "s" : "buy",
      "i" : "ETC_USDT",
      "m" : "4611686018430802109"
    }, {
      "d" : "1756460567107226884",
      "t" : 1756460567107,
      "tn" : 1756460567107226884,
      "q" : "0.06",
      "p" : "20.787",
      "s" : "buy",
      "i" : "ETC_USDT",
      "m" : "4611686018430802108"
    }, {
      "d" : "1756460566051532245",
      "t" : 1756460566051,
      "tn" : 1756460566051532245,
      "q" : "0.06",
      "p" : "20.787",
      "s" : "buy",
      "i" : "ETC_USDT",
      "m" : "4611686018430802107"
    }, {
      "d" : "1756460565035124716",
      "t" : 1756460565035,
      "tn" : 1756460565035124716,
      "q" : "12.32",
      "p" : "20.805",
      "s" : "sell",
      "i" : "ETC_USDT",
      "m" : "4611686018430802106"
    }, {
      "d" : "1756460539115733065",
      "t" : 1756460539115,
      "tn" : 1756460539115733065,
      "q" : "0.06",
      "p" : "20.806",
      "s" : "buy",
      "i" : "ETC_USDT",
      "m" : "4611686018430802105"
    }, {
      "d" : "1756460538109834169",
      "t" : 1756460538109,
      "tn" : 1756460538109834169,
      "q" : "0.06",
      "p" : "20.806",
      "s" : "buy",
      "i" : "ETC_USDT",
      "m" : "4611686018430802104"
    }, {
      "d" : "1756460536056019768",
      "t" : 1756460536056,
      "tn" : 1756460536056019768,
      "q" : "0.06",
      "p" : "20.806",
      "s" : "buy",
      "i" : "ETC_USDT",
      "m" : "4611686018430802103"
    }, {
      "d" : "1756460534412368649",
      "t" : 1756460534412,
      "tn" : 1756460534412368649,
      "q" : "0.06",
      "p" : "20.806",
      "s" : "buy",
      "i" : "ETC_USDT",
      "m" : "4611686018430802102"
    }, {
      "d" : "1756460533407260964",
      "t" : 1756460533407,
      "tn" : 1756460533407260964,
      "q" : "0.06",
      "p" : "20.806",
      "s" : "buy",
      "i" : "ETC_USDT",
      "m" : "4611686018430802101"
    }, {
      "d" : "1756460532348106816",
      "t" : 1756460532348,
      "tn" : 1756460532348106816,
      "q" : "0.06",
      "p" : "20.806",
      "s" : "buy",
      "i" : "ETC_USDT",
      "m" : "4611686018430802100"
    }, {
      "d" : "1756460526606891196",
      "t" : 1756460526606,
      "tn" : 1756460526606891196,
      "q" : "0.06",
      "p" : "20.806",
      "s" : "buy",
      "i" : "ETC_USDT",
      "m" : "4611686018430802099"
    }, {
      "d" : "1756460525530994706",
      "t" : 1756460525530,
      "tn" : 1756460525530994706,
      "q" : "0.06",
      "p" : "20.806",
      "s" : "buy",
      "i" : "ETC_USDT",
      "m" : "4611686018430802098"
    }, {
      "d" : "1756460496606981328",
      "t" : 1756460496606,
      "tn" : 1756460496606981328,
      "q" : "0.06",
      "p" : "20.800",
      "s" : "buy",
      "i" : "ETC_USDT",
      "m" : "4611686018430802097"
    }, {
      "d" : "1756460495585268604",
      "t" : 1756460495585,
      "tn" : 1756460495585268604,
      "q" : "0.06",
      "p" : "20.800",
      "s" : "buy",
      "i" : "ETC_USDT",
      "m" : "4611686018430802096"
    }, {
      "d" : "1756460480207104258",
      "t" : 1756460480207,
      "tn" : 1756460480207104258,
      "q" : "0.06",
      "p" : "20.816",
      "s" : "buy",
      "i" : "ETC_USDT",
      "m" : "4611686018430802095"
    }, {
      "d" : "1756460479197207760",
      "t" : 1756460479197,
      "tn" : 1756460479197207760,
      "q" : "0.06",
      "p" : "20.816",
      "s" : "buy",
      "i" : "ETC_USDT",
      "m" : "4611686018430802094"
    }, {
      "d" : "1756460478192609972",
      "t" : 1756460478192,
      "tn" : 1756460478192609972,
      "q" : "0.06",
      "p" : "20.816",
      "s" : "buy",
      "i" : "ETC_USDT",
      "m" : "4611686018430802093"
    }, {
      "d" : "1756460477170656120",
      "t" : 1756460477170,
      "tn" : 1756460477170656120,
      "q" : "0.06",
      "p" : "20.816",
      "s" : "buy",
      "i" : "ETC_USDT",
      "m" : "4611686018430802092"
    }, {
      "d" : "1756460476161671034",
      "t" : 1756460476161,
      "tn" : 1756460476161671034,
      "q" : "0.06",
      "p" : "20.816",
      "s" : "buy",
      "i" : "ETC_USDT",
      "m" : "4611686018430802091"
    }, {
      "d" : "1756460475159946308",
      "t" : 1756460475159,
      "tn" : 1756460475159946308,
      "q" : "0.06",
      "p" : "20.816",
      "s" : "buy",
      "i" : "ETC_USDT",
      "m" : "4611686018430802090"
    }, {
      "d" : "1756460474107345598",
      "t" : 1756460474107,
      "tn" : 1756460474107345598,
      "q" : "0.06",
      "p" : "20.816",
      "s" : "buy",
      "i" : "ETC_USDT",
      "m" : "4611686018430802089"
    }, {
      "d" : "1756460473091124042",
      "t" : 1756460473091,
      "tn" : 1756460473091124042,
      "q" : "0.06",
      "p" : "20.816",
      "s" : "buy",
      "i" : "ETC_USDT",
      "m" : "4611686018430802088"
    }, {
      "d" : "1756460472045301747",
      "t" : 1756460472045,
      "tn" : 1756460472045301747,
      "q" : "0.06",
      "p" : "20.816",
      "s" : "buy",
      "i" : "ETC_USDT",
      "m" : "4611686018430802087"
    }, {
      "d" : "1756460471007233631",
      "t" : 1756460471007,
      "tn" : 1756460471007233631,
      "q" : "0.06",
      "p" : "20.816",
      "s" : "buy",
      "i" : "ETC_USDT",
      "m" : "4611686018430802086"
    }, {
      "d" : "1756460469924715020",
      "t" : 1756460469924,
      "tn" : 1756460469924715020,
      "q" : "0.06",
      "p" : "20.816",
      "s" : "buy",
      "i" : "ETC_USDT",
      "m" : "4611686018430802085"
    }, {
      "d" : "1756460454309690218",
      "t" : 1756460454309,
      "tn" : 1756460454309690218,
      "q" : "0.06",
      "p" : "20.807",
      "s" : "buy",
      "i" : "ETC_USDT",
      "m" : "4611686018430802084"
    }, {
      "d" : "1756460451275966900",
      "t" : 1756460451275,
      "tn" : 1756460451275966900,
      "q" : "0.06",
      "p" : "20.806",
      "s" : "buy",
      "i" : "ETC_USDT",
      "m" : "4611686018430802083"
    }, {
      "d" : "1756460450235783324",
      "t" : 1756460450235,
      "tn" : 1756460450235783324,
      "q" : "0.06",
      "p" : "20.806",
      "s" : "buy",
      "i" : "ETC_USDT",
      "m" : "4611686018430802082"
    }, {
      "d" : "1756460449207348495",
      "t" : 1756460449207,
      "tn" : 1756460449207348495,
      "q" : "0.06",
      "p" : "20.806",
      "s" : "buy",
      "i" : "ETC_USDT",
      "m" : "4611686018430802081"
    }, {
      "d" : "1756460448107308531",
      "t" : 1756460448107,
      "tn" : 1756460448107308531,
      "q" : "0.06",
      "p" : "20.806",
      "s" : "buy",
      "i" : "ETC_USDT",
      "m" : "4611686018430802080"
    }, {
      "d" : "1756460447007283635",
      "t" : 1756460447007,
      "tn" : 1756460447007283635,
      "q" : "0.06",
      "p" : "20.806",
      "s" : "buy",
      "i" : "ETC_USDT",
      "m" : "4611686018430802079"
    }, {
      "d" : "1756460445950395753",
      "t" : 1756460445950,
      "tn" : 1756460445950395753,
      "q" : "0.06",
      "p" : "20.806",
      "s" : "buy",
      "i" : "ETC_USDT",
      "m" : "4611686018430802078"
    }, {
      "d" : "1756460444948435480",
      "t" : 1756460444948,
      "tn" : 1756460444948435480,
      "q" : "0.06",
      "p" : "20.806",
      "s" : "buy",
      "i" : "ETC_USDT",
      "m" : "4611686018430802077"
    }, {
      "d" : "1756460443945339525",
      "t" : 1756460443945,
      "tn" : 1756460443945339525,
      "q" : "0.06",
      "p" : "20.806",
      "s" : "buy",
      "i" : "ETC_USDT",
      "m" : "4611686018430802076"
    }, {
      "d" : "1756460442907291907",
      "t" : 1756460442907,
      "tn" : 1756460442907291907,
      "q" : "0.06",
      "p" : "20.806",
      "s" : "buy",
      "i" : "ETC_USDT",
      "m" : "4611686018430802075"
    }, {
      "d" : "1756460441900339879",
      "t" : 1756460441900,
      "tn" : 1756460441900339879,
      "q" : "0.06",
      "p" : "20.806",
      "s" : "buy",
      "i" : "ETC_USDT",
      "m" : "4611686018430802074"
    }, {
      "d" : "1756460424595797277",
      "t" : 1756460424595,
      "tn" : 1756460424595797277,
      "q" : "12.15",
      "p" : "20.815",
      "s" : "sell",
      "i" : "ETC_USDT",
      "m" : "4611686018430802073"
    }, {
      "d" : "1756460416065712768",
      "t" : 1756460416065,
      "tn" : 1756460416065712768,
      "q" : "0.18",
      "p" : "20.815",
      "s" : "sell",
      "i" : "ETC_USDT",
      "m" : "4611686018430802072"
    }, {
      "d" : "1756460411231747805",
      "t" : 1756460411231,
      "tn" : 1756460411231747805,
      "q" : "0.06",
      "p" : "20.806",
      "s" : "buy",
      "i" : "ETC_USDT",
      "m" : "4611686018430802071"
    }, {
      "d" : "1756460410806262659",
      "t" : 1756460410806,
      "tn" : 1756460410806262659,
      "q" : "0.06",
      "p" : "20.806",
      "s" : "buy",
      "i" : "ETC_USDT",
      "m" : "4611686018430802070"
    }, {
      "d" : "1756460380493830130",
      "t" : 1756460380493,
      "tn" : 1756460380493830130,
      "q" : "0.06",
      "p" : "20.796",
      "s" : "buy",
      "i" : "ETC_USDT",
      "m" : "4611686018430802069"
    }, {
      "d" : "1756460380207300537",
      "t" : 1756460380207,
      "tn" : 1756460380207300537,
      "q" : "0.06",
      "p" : "20.796",
      "s" : "buy",
      "i" : "ETC_USDT",
      "m" : "4611686018430802068"
    }, {
      "d" : "1756460379107254403",
      "t" : 1756460379107,
      "tn" : 1756460379107254403,
      "q" : "0.06",
      "p" : "20.796",
      "s" : "buy",
      "i" : "ETC_USDT",
      "m" : "4611686018430802067"
    }, {
      "d" : "1756460378090875341",
      "t" : 1756460378090,
      "tn" : 1756460378090875341,
      "q" : "0.06",
      "p" : "20.796",
      "s" : "buy",
      "i" : "ETC_USDT",
      "m" : "4611686018430802066"
    }, {
      "d" : "1756460365776670404",
      "t" : 1756460365776,
      "tn" : 1756460365776670404,
      "q" : "0.06",
      "p" : "20.796",
      "s" : "buy",
      "i" : "ETC_USDT",
      "m" : "4611686018430802065"
    }, {
      "d" : "1756460343979066172",
      "t" : 1756460343979,
      "tn" : 1756460343979066172,
      "q" : "0.06",
      "p" : "20.800",
      "s" : "buy",
      "i" : "ETC_USDT",
      "m" : "4611686018430802064"
    } ]
  }
}