{
  "id" : -1,
  "method" : "public/get-trades",
  "code" : 0,
  "result" : {
    "data" : [ {
      "d" : "1756458871191198767",
      "t" : 1756458871191,
      "tn" : 1756458871191198767,
      "q" : "0.1",
      "p" : "20.750",
      "s" : "sell",
      "i" : "ETCUSD-PERP",
      "m" : "4611686018430240204"
    }, {
      "d" : "1756458871191196782",
      "t" : 1756458871191,
      "tn" : 1756458871191196782,
      "q" : "0.1",
      "p" : "20.752",
      "s" : "sell",
      "i" : "ETCUSD-PERP",
      "m" : "4611686018430240203"
    }, {
      "d" : "1756457869095640702",
      "t" : 1756457869095,
      "tn" : 1756457869095640701,
      "q" : "0.1",
      "p" : "20.746",
      "s" : "sell",
      "i" : "ETCUSD-PERP",
      "m" : "4611686018430240202"
    }, {
      "d" : "1756457869095640701",
      "t" : 1756457869095,
      "tn" : 1756457869095640701,
      "q" : "0.1",
      "p" : "20.746",
      "s" : "sell",
      "i" : "ETCUSD-PERP",
      "m" : "4611686018430240202"
    }, {
      "d" : "1756456759596547088",
      "t" : 1756456759596,
      "tn" : 1756456759596547088,
      "q" : "2.2",
      "p" : "20.864",
      "s" : "buy",
      "i" : "ETCUSD-PERP",
      "m" : "4611686018430240201"
    }, {
      "d" : "1756455045618839283",
      "t" : 1756455045618,
      "tn" : 1756455045618839283,
      "q" : "1.1",
      "p" : "20.902",
      "s" : "sell",
      "i" : "ETCUSD-PERP",
      "m" : "4611686018430240200"
    }, {
      "d" : "1756454551308066517",
      "t" : 1756454551308,
      "tn" : 1756454551308066517,
      "q" : "2.3",
      "p" : "21.034",
      "s" : "sell",
      "i" : "ETCUSD-PERP",
      "m" : "4611686018430240199"
    }, {
      "d" : "1756454512206725721",
      "t" : 1756454512206,
      "tn" : 1756454512206725721,
      "q" : "2.3",
      "p" : "21.028",
      "s" : "sell",
      "i" : "ETCUSD-PERP",
      "m" : "4611686018430240198"
    }, {
      "d" : "1756454469488562338",
      "t" : 1756454469488,
      "tn" : 1756454469488562338,
      "q" : "2.4",
      "p" : "21.012",
      "s" : "sell",
      "i" : "ETCUSD-PERP",
      "m" : "4611686018430240197"
    }, {
      "d" : "1756452350284404304",
      "t" : 1756452350284,
      "tn" : 1756452350284404304,
      "q" : "0.1",
      "p" : "20.988",
      "s" : "buy",
      "i" : "ETCUSD-PERP",
      "m" : "4611686018430240196"
    }, {
      "d" : "1756452350281267576",
      "t" : 1756452350281,
      "tn" : 1756452350281267576,
      "q" : "0.1",
      "p" : "20.981",
      "s" : "buy",
      "i" : "ETCUSD-PERP",
      "m" : "4611686018430240195"
    }, {
      "d" : "1756452261018426751",
      "t" : 1756452261018,
      "tn" : 1756452261018426751,
      "q" : "0.1",
      "p" : "21.017",
      "s" : "sell",
      "i" : "ETCUSD-PERP",
      "m" : "4611686018430240194"
    }, {
      "d" : "1756452260674826491",
      "t" : 1756452260674,
      "tn" : 1756452260674826491,
      "q" : "2.3",
      "p" : "21.017",
      "s" : "sell",
      "i" : "ETCUSD-PERP",
      "m" : "4611686018430240193"
    }, {
      "d" : "1756452238569376717",
      "t" : 1756452238569,
      "tn" : 1756452238569376717,
      "q" : "0.1",
      "p" : "21.028",
      "s" : "sell",
      "i" : "ETCUSD-PERP",
      "m" : "4611686018430240192"
    }, {
      "d" : "1756452238565217900",
      "t" : 1756452238565,
      "tn" : 1756452238565217900,
      "q" : "2.3",
      "p" : "21.028",
      "s" : "sell",
      "i" : "ETCUSD-PERP",
      "m" : "4611686018430240191"
    }, {
      "d" : "1756452135176264919",
      "t" : 1756452135176,
      "tn" : 1756452135176264919,
      "q" : "0.1",
      "p" : "21.032",
      "s" : "sell",
      "i" : "ETCUSD-PERP",
      "m" : "4611686018430240190"
    }, {
      "d" : "1756452134267904142",
      "t" : 1756452134267,
      "tn" : 1756452134267904141,
      "q" : "2.3",
      "p" : "21.032",
      "s" : "sell",
      "i" : "ETCUSD-PERP",
      "m" : "4611686018430240189"
    }, {
      "d" : "1756452134267904141",
      "t" : 1756452134267,
      "tn" : 1756452134267904141,
      "q" : "0.1",
      "p" : "21.032",
      "s" : "sell",
      "i" : "ETCUSD-PERP",
      "m" : "4611686018430240189"
    }, {
      "d" : "1756451916201096449",
      "t" : 1756451916201,
      "tn" : 1756451916201096449,
      "q" : "2.4",
      "p" : "21.046",
      "s" : "sell",
      "i" : "ETCUSD-PERP",
      "m" : "4611686018430240188"
    }, {
      "d" : "1756451683308535523",
      "t" : 1756451683308,
      "tn" : 1756451683308535523,
      "q" : "0.1",
      "p" : "21.052",
      "s" : "sell",
      "i" : "ETCUSD-PERP",
      "m" : "4611686018430240187"
    }, {
      "d" : "1756451645710411085",
      "t" : 1756451645710,
      "tn" : 1756451645710411085,
      "q" : "0.1",
      "p" : "21.052",
      "s" : "sell",
      "i" : "ETCUSD-PERP",
      "m" : "4611686018430240186"
    }, {
      "d" : "1756451640660891267",
      "t" : 1756451640660,
      "tn" : 1756451640660891267,
      "q" : "0.1",
      "p" : "21.084",
      "s" : "sell",
      "i" : "ETCUSD-PERP",
      "m" : "4611686018430240185"
    }, {
      "d" : "1756451640660889003",
      "t" : 1756451640660,
      "tn" : 1756451640660889003,
      "q" : "0.1",
      "p" : "21.086",
      "s" : "sell",
      "i" : "ETCUSD-PERP",
      "m" : "4611686018430240184"
    }, {
      "d" : "1756451625125118693",
      "t" : 1756451625125,
      "tn" : 1756451625125118693,
      "q" : "0.1",
      "p" : "21.077",
      "s" : "sell",
      "i" : "ETCUSD-PERP",
      "m" : "4611686018430240183"
    }, {
      "d" : "1756451553344408057",
      "t" : 1756451553344,
      "tn" : 1756451553344408057,
      "q" : "0.1",
      "p" : "21.132",
      "s" : "buy",
      "i" : "ETCUSD-PERP",
      "m" : "4611686018430240182"
    }, {
      "d" : "1756450863987012582",
      "t" : 1756450863987,
      "tn" : 1756450863987012582,
      "q" : "13.9",
      "p" : "21.211",
      "s" : "sell",
      "i" : "ETCUSD-PERP",
      "m" : "4611686018430240181"
    }, {
      "d" : "1756448120036690834",
      "t" : 1756448120036,
      "tn" : 1756448120036690833,
      "q" : "0.1",
      "p" : "21.340",
      "s" : "sell",
      "i" : "ETCUSD-PERP",
      "m" : "4611686018430240180"
    }, {
      "d" : "1756448120036690833",
      "t" : 1756448120036,
      "tn" : 1756448120036690833,
      "q" : "0.1",
      "p" : "21.340",
      "s" : "sell",
      "i" : "ETCUSD-PERP",
      "m" : "4611686018430240180"
    }, {
      "d" : "1756447784718028704",
      "t" : 1756447784718,
      "tn" : 1756447784718028704,
      "q" : "0.1",
      "p" : "21.396",
      "s" : "buy",
      "i" : "ETCUSD-PERP",
      "m" : "4611686018430240179"
    }, {
      "d" : "1756447125753659760",
      "t" : 1756447125753,
      "tn" : 1756447125753659760,
      "q" : "0.1",
      "p" : "21.456",
      "s" : "buy",
      "i" : "ETCUSD-PERP",
      "m" : "4611686018430240178"
    }, {
      "d" : "1756446678300147350",
      "t" : 1756446678300,
      "tn" : 1756446678300147350,
      "q" : "0.1",
      "p" : "21.457",
      "s" : "buy",
      "i" : "ETCUSD-PERP",
      "m" : "4611686018430240177"
    }, {
      "d" : "1756446307545646761",
      "t" : 1756446307545,
      "tn" : 1756446307545646761,
      "q" : "0.1",
      "p" : "21.423",
      "s" : "buy",
      "i" : "ETCUSD-PERP",
      "m" : "4611686018430240176"
    }, {
      "d" : "1756445698002042685",
      "t" : 1756445698002,
      "tn" : 1756445698002042685,
      "q" : "0.1",
      "p" : "21.401",
      "s" : "buy",
      "i" : "ETCUSD-PERP",
      "m" : "4611686018430240175"
    }, {
      "d" : "1756444872168511614",
      "t" : 1756444872168,
      "tn" : 1756444872168511614,
      "q" : "0.5",
      "p" : "21.388",
      "s" : "sell",
      "i" : "ETCUSD-PERP",
      "m" : "4611686018430240174"
    }, {
      "d" : "1756444872168509447",
      "t" : 1756444872168,
      "tn" : 1756444872168509447,
      "q" : "0.1",
      "p" : "21.400",
      "s" : "sell",
      "i" : "ETCUSD-PERP",
      "m" : "4611686018430240173"
    }, {
      "d" : "1756444823710735452",
      "t" : 1756444823710,
      "tn" : 1756444823710735452,
      "q" : "0.4",
      "p" : "21.408",
      "s" : "sell",
      "i" : "ETCUSD-PERP",
      "m" : "4611686018430240172"
    }, {
      "d" : "1756444823710733160",
      "t" : 1756444823710,
      "tn" : 1756444823710733160,
      "q" : "0.1",
      "p" : "21.416",
      "s" : "sell",
      "i" : "ETCUSD-PERP",
      "m" : "4611686018430240171"
    }, {
      "d" : "1756444823710730702",
      "t" : 1756444823710,
      "tn" : 1756444823710730702,
      "q" : "0.1",
      "p" : "21.422",
      "s" : "sell",
      "i" : "ETCUSD-PERP",
      "m" : "4611686018430240170"
    }, {
      "d" : "1756444655455641678",
      "t" : 1756444655455,
      "tn" : 1756444655455641678,
      "q" : "0.4",
      "p" : "21.380",
      "s" : "sell",
      "i" : "ETCUSD-PERP",
      "m" : "4611686018430240169"
    }, {
      "d" : "1756444655455639571",
      "t" : 1756444655455,
      "tn" : 1756444655455639571,
      "q" : "0.1",
      "p" : "21.392",
      "s" : "sell",
      "i" : "ETCUSD-PERP",
      "m" : "4611686018430240168"
    }, {
      "d" : "1756444212371696683",
      "t" : 1756444212371,
      "tn" : 1756444212371696683,
      "q" : "0.1",
      "p" : "21.443",
      "s" : "buy",
      "i" : "ETCUSD-PERP",
      "m" : "4611686018430240167"
    }, {
      "d" : "1756443122299048248",
      "t" : 1756443122299,
      "tn" : 1756443122299048248,
      "q" : "0.7",
      "p" : "21.520",
      "s" : "sell",
      "i" : "ETCUSD-PERP",
      "m" : "4611686018430240166"
    }, {
      "d" : "1756443122299046193",
      "t" : 1756443122299,
      "tn" : 1756443122299046193,
      "q" : "0.1",
      "p" : "21.528",
      "s" : "sell",
      "i" : "ETCUSD-PERP",
      "m" : "4611686018430240165"
    }, {
      "d" : "1756443122299043183",
      "t" : 1756443122299,
      "tn" : 1756443122299043183,
      "q" : "0.1",
      "p" : "21.534",
      "s" : "sell",
      "i" : "ETCUSD-PERP",
      "m" : "4611686018430240164"
    }, {
      "d" : "1756442530042127899",
      "t" : 1756442530042,
      "tn" : 1756442530042127899,
      "q" : "9.1",
      "p" : "21.540",
      "s" : "sell",
      "i" : "ETCUSD-PERP",
      "m" : "4611686018430240163"
    }, {
      "d" : "1756442529951934755",
      "t" : 1756442529951,
      "tn" : 1756442529951934755,
      "q" : "2.3",
      "p" : "21.544",
      "s" : "sell",
      "i" : "ETCUSD-PERP",
      "m" : "4611686018430240162"
    }, {
      "d" : "1756442529951933232",
      "t" : 1756442529951,
      "tn" : 1756442529951933232,
      "q" : "0.1",
      "p" : "21.560",
      "s" : "sell",
      "i" : "ETCUSD-PERP",
      "m" : "4611686018430240161"
    }, {
      "d" : "1756442529951931393",
      "t" : 1756442529951,
      "tn" : 1756442529951931393,
      "q" : "0.1",
      "p" : "21.566",
      "s" : "sell",
      "i" : "ETCUSD-PERP",
      "m" : "4611686018430240160"
    }, {
      "d" : "1756442529839983844",
      "t" : 1756442529839,
      "tn" : 1756442529839983844,
      "q" : "0.2",
      "p" : "21.548",
      "s" : "sell",
      "i" : "ETCUSD-PERP",
      "m" : "4611686018430240159"
    }, {
      "d" : "1756442529839983218",
      "t" : 1756442529839,
      "tn" : 1756442529839983218,
      "q" : "0.1",
      "p" : "21.565",
      "s" : "sell",
      "i" : "ETCUSD-PERP",
      "m" : "4611686018430240158"
    }, {
      "d" : "1756442529839979473",
      "t" : 1756442529839,
      "tn" : 1756442529839979473,
      "q" : "0.1",
      "p" : "21.570",
      "s" : "sell",
      "i" : "ETCUSD-PERP",
      "m" : "4611686018430240157"
    }, {
      "d" : "1756442529075103090",
      "t" : 1756442529075,
      "tn" : 1756442529075103090,
      "q" : "0.4",
      "p" : "21.548",
      "s" : "sell",
      "i" : "ETCUSD-PERP",
      "m" : "4611686018430240156"
    }, {
      "d" : "1756442529075101007",
      "t" : 1756442529075,
      "tn" : 1756442529075101007,
      "q" : "0.1",
      "p" : "21.567",
      "s" : "sell",
      "i" : "ETCUSD-PERP",
      "m" : "4611686018430240155"
    }, {
      "d" : "1756442529075099234",
      "t" : 1756442529075,
      "tn" : 1756442529075099234,
      "q" : "0.1",
      "p" : "21.570",
      "s" : "sell",
      "i" : "ETCUSD-PERP",
      "m" : "4611686018430240154"
    }, {
      "d" : "1756442524623601625",
      "t" : 1756442524623,
      "tn" : 1756442524623601625,
      "q" : "0.4",
      "p" : "21.548",
      "s" : "sell",
      "i" : "ETCUSD-PERP",
      "m" : "4611686018430240153"
    }, {
      "d" : "1756442524623600109",
      "t" : 1756442524623,
      "tn" : 1756442524623600109,
      "q" : "0.1",
      "p" : "21.570",
      "s" : "sell",
      "i" : "ETCUSD-PERP",
      "m" : "4611686018430240152"
    }, {
      "d" : "1756442524623598367",
      "t" : 1756442524623,
      "tn" : 1756442524623598367,
      "q" : "0.1",
      "p" : "21.571",
      "s" : "sell",
      "i" : "ETCUSD-PERP",
      "m" : "4611686018430240151"
    }, {
      "d" : "1756442524393189735",
      "t" : 1756442524393,
      "tn" : 1756442524393189735,
      "q" : "3.8",
      "p" : "21.548",
      "s" : "sell",
      "i" : "ETCUSD-PERP",
      "m" : "4611686018430240150"
    }, {
      "d" : "1756442524393188312",
      "t" : 1756442524393,
      "tn" : 1756442524393188312,
      "q" : "0.1",
      "p" : "21.571",
      "s" : "sell",
      "i" : "ETCUSD-PERP",
      "m" : "4611686018430240149"
    }, {
      "d" : "1756442524133336144",
      "t" : 1756442524133,
      "tn" : 1756442524133336144,
      "q" : "8.4",
      "p" : "21.544",
      "s" : "sell",
      "i" : "ETCUSD-PERP",
      "m" : "4611686018430240148"
    }, {
      "d" : "1756442524103127910",
      "t" : 1756442524103,
      "tn" : 1756442524103127910,
      "q" : "6.3",
      "p" : "21.536",
      "s" : "sell",
      "i" : "ETCUSD-PERP",
      "m" : "4611686018430240147"
    }, {
      "d" : "1756442524103126635",
      "t" : 1756442524103,
      "tn" : 1756442524103126635,
      "q" : "0.1",
      "p" : "21.572",
      "s" : "sell",
      "i" : "ETCUSD-PERP",
      "m" : "4611686018430240146"
    }, {
      "d" : "1756442524087027477",
      "t" : 1756442524087,
      "tn" : 1756442524087027477,
      "q" : "0.1",
      "p" : "21.548",
      "s" : "sell",
      "i" : "ETCUSD-PERP",
      "m" : "4611686018430240145"
    }, {
      "d" : "1756442524082972471",
      "t" : 1756442524082,
      "tn" : 1756442524082972471,
      "q" : "9.1",
      "p" : "21.548",
      "s" : "sell",
      "i" : "ETCUSD-PERP",
      "m" : "4611686018430240144"
    }, {
      "d" : "1756442524067027132",
      "t" : 1756442524067,
      "tn" : 1756442524067027132,
      "q" : "0.1",
      "p" : "21.536",
      "s" : "sell",
      "i" : "ETCUSD-PERP",
      "m" : "4611686018430240143"
    }, {
      "d" : "1756442524063158227",
      "t" : 1756442524063,
      "tn" : 1756442524063158227,
      "q" : "9.1",
      "p" : "21.536",
      "s" : "sell",
      "i" : "ETCUSD-PERP",
      "m" : "4611686018430240142"
    }, {
      "d" : "1756442524043008779",
      "t" : 1756442524043,
      "tn" : 1756442524043008779,
      "q" : "9.2",
      "p" : "21.548",
      "s" : "sell",
      "i" : "ETCUSD-PERP",
      "m" : "4611686018430240141"
    }, {
      "d" : "1756442524035258504",
      "t" : 1756442524035,
      "tn" : 1756442524035258504,
      "q" : "24.3",
      "p" : "21.513",
      "s" : "sell",
      "i" : "ETCUSD-PERP",
      "m" : "4611686018430240140"
    }, {
      "d" : "1756442524035256702",
      "t" : 1756442524035,
      "tn" : 1756442524035256702,
      "q" : "0.1",
      "p" : "21.542",
      "s" : "sell",
      "i" : "ETCUSD-PERP",
      "m" : "4611686018430240139"
    }, {
      "d" : "1756442524035253923",
      "t" : 1756442524035,
      "tn" : 1756442524035253923,
      "q" : "9.2",
      "p" : "21.548",
      "s" : "sell",
      "i" : "ETCUSD-PERP",
      "m" : "4611686018430240138"
    }, {
      "d" : "1756442524035251026",
      "t" : 1756442524035,
      "tn" : 1756442524035251026,
      "q" : "0.1",
      "p" : "21.572",
      "s" : "sell",
      "i" : "ETCUSD-PERP",
      "m" : "4611686018430240137"
    }, {
      "d" : "1756442524035248170",
      "t" : 1756442524035,
      "tn" : 1756442524035248170,
      "q" : "0.1",
      "p" : "21.573",
      "s" : "sell",
      "i" : "ETCUSD-PERP",
      "m" : "4611686018430240136"
    }, {
      "d" : "1756442410767187823",
      "t" : 1756442410767,
      "tn" : 1756442410767187823,
      "q" : "0.1",
      "p" : "21.570",
      "s" : "sell",
      "i" : "ETCUSD-PERP",
      "m" : "4611686018430240135"
    }, {
      "d" : "1756438194017096119",
      "t" : 1756438194017,
      "tn" : 1756438194017096119,
      "q" : "8.8",
      "p" : "21.552",
      "s" : "buy",
      "i" : "ETCUSD-PERP",
      "m" : "4611686018430240134"
    }, {
      "d" : "1756436743470860543",
      "t" : 1756436743470,
      "tn" : 1756436743470860543,
      "q" : "0.1",
      "p" : "21.493",
      "s" : "sell",
      "i" : "ETCUSD-PERP",
      "m" : "4611686018430240133"
    }, {
      "d" : "1756436385336327756",
      "t" : 1756436385336,
      "tn" : 1756436385336327755,
      "q" : "8.8",
      "p" : "21.552",
      "s" : "buy",
      "i" : "ETCUSD-PERP",
      "m" : "4611686018430240132"
    }, {
      "d" : "1756436385336327755",
      "t" : 1756436385336,
      "tn" : 1756436385336327755,
      "q" : "0.1",
      "p" : "21.552",
      "s" : "buy",
      "i" : "ETCUSD-PERP",
      "m" : "4611686018430240132"
    }, {
      "d" : "1756433721235624070",
      "t" : 1756433721235,
      "tn" : 1756433721235624070,
      "q" : "0.1",
      "p" : "21.537",
      "s" : "buy",
      "i" : "ETCUSD-PERP",
      "m" : "4611686018430240131"
    }, {
      "d" : "1756433720640295409",
      "t" : 1756433720640,
      "tn" : 1756433720640295409,
      "q" : "0.1",
      "p" : "21.538",
      "s" : "buy",
      "i" : "ETCUSD-PERP",
      "m" : "4611686018430240130"
    }, {
      "d" : "1756432828996749910",
      "t" : 1756432828996,
      "tn" : 1756432828996749910,
      "q" : "0.1",
      "p" : "21.411",
      "s" : "buy",
      "i" : "ETCUSD-PERP",
      "m" : "4611686018430240129"
    }, {
      "d" : "1756432793068599112",
      "t" : 1756432793068,
      "tn" : 1756432793068599112,
      "q" : "0.1",
      "p" : "21.411",
      "s" : "buy",
      "i" : "ETCUSD-PERP",
      "m" : "4611686018430240128"
    }, {
      "d" : "1756430487034498331",
      "t" : 1756430487034,
      "tn" : 1756430487034498331,
      "q" : "0.1",
      "p" : "21.330",
      "s" : "sell",
      "i" : "ETCUSD-PERP",
      "m" : "4611686018430240127"
    }, {
      "d" : "1756430487028244938",
      "t" : 1756430487028,
      "tn" : 1756430487028244938,
      "q" : "0.1",
      "p" : "21.340",
      "s" : "sell",
      "i" : "ETCUSD-PERP",
      "m" : "4611686018430240126"
    }, {
      "d" : "1756430424035998397",
      "t" : 1756430424035,
      "tn" : 1756430424035998397,
      "q" : "0.1",
      "p" : "21.386",
      "s" : "sell",
      "i" : "ETCUSD-PERP",
      "m" : "4611686018430240125"
    }, {
      "d" : "1756430000111574017",
      "t" : 1756430000111,
      "tn" : 1756430000111574017,
      "q" : "4.9",
      "p" : "21.460",
      "s" : "buy",
      "i" : "ETCUSD-PERP",
      "m" : "4611686018430240124"
    }, {
      "d" : "1756429926189615774",
      "t" : 1756429926189,
      "tn" : 1756429926189615774,
      "q" : "0.1",
      "p" : "21.464",
      "s" : "sell",
      "i" : "ETCUSD-PERP",
      "m" : "4611686018430240123"
    }, {
      "d" : "1756429926189613636",
      "t" : 1756429926189,
      "tn" : 1756429926189613636,
      "q" : "0.1",
      "p" : "21.465",
      "s" : "sell",
      "i" : "ETCUSD-PERP",
      "m" : "4611686018430240122"
    }, {
      "d" : "1756429908818763397",
      "t" : 1756429908818,
      "tn" : 1756429908818763397,
      "q" : "0.1",
      "p" : "21.478",
      "s" : "sell",
      "i" : "ETCUSD-PERP",
      "m" : "4611686018430240121"
    }, {
      "d" : "1756429901802572310",
      "t" : 1756429901802,
      "tn" : 1756429901802572310,
      "q" : "0.1",
      "p" : "21.485",
      "s" : "sell",
      "i" : "ETCUSD-PERP",
      "m" : "4611686018430240120"
    }, {
      "d" : "1756429901802569848",
      "t" : 1756429901802,
      "tn" : 1756429901802569848,
      "q" : "0.1",
      "p" : "21.486",
      "s" : "sell",
      "i" : "ETCUSD-PERP",
      "m" : "4611686018430240119"
    }, {
      "d" : "1756429738733571244",
      "t" : 1756429738733,
      "tn" : 1756429738733571244,
      "q" : "9.2",
      "p" : "21.491",
      "s" : "buy",
      "i" : "ETCUSD-PERP",
      "m" : "4611686018430240118"
    }, {
      "d" : "1756427337091072725",
      "t" : 1756427337091,
      "tn" : 1756427337091072725,
      "q" : "0.1",
      "p" : "21.716",
      "s" : "sell",
      "i" : "ETCUSD-PERP",
      "m" : "4611686018430240117"
    }, {
      "d" : "1756427337091070096",
      "t" : 1756427337091,
      "tn" : 1756427337091070096,
      "q" : "0.1",
      "p" : "21.720",
      "s" : "sell",
      "i" : "ETCUSD-PERP",
      "m" : "4611686018430240116"
    }, {
      "d" : "1756427332036156710",
      "t" : 1756427332036,
      "tn" : 1756427332036156710,
      "q" : "0.1",
      "p" : "21.724",
      "s" : "sell",
      "i" : "ETCUSD-PERP",
      "m" : "4611686018430240115"
    }, {
      "d" : "1756427332035026077",
      "t" : 1756427332035,
      "tn" : 1756427332035026076,
      "q" : "0.1",
      "p" : "21.732",
      "s" : "sell",
      "i" : "ETCUSD-PERP",
      "m" : "4611686018430240114"
    }, {
      "d" : "1756427332035026076",
      "t" : 1756427332035,
      "tn" : 1756427332035026076,
      "q" : "0.1",
      "p" : "21.732",
      "s" : "sell",
      "i" : "ETCUSD-PERP",
      "m" : "4611686018430240114"
    }, {
      "d" : "1756424397514855478",
      "t" : 1756424397514,
      "tn" : 1756424397514855477,
      "q" : "9.2",
      "p" : "21.733",
      "s" : "buy",
      "i" : "ETCUSD-PERP",
      "m" : "4611686018430240113"
    }, {
      "d" : "1756424397514855477",
      "t" : 1756424397514,
      "tn" : 1756424397514855477,
      "q" : "0.1",
      "p" : "21.733",
      "s" : "buy",
      "i" : "ETCUSD-PERP",
      "m" : "4611686018430240113"
    }, {
      "d" : "1756422972656811563",
      "t" : 1756422972656,
      "tn" : 1756422972656811563,
      "q" : "0.1",
      "p" : "21.773",
      "s" : "buy",
      "i" : "ETCUSD-PERP",
      "m" : "4611686018430240112"
    }, {
      "d" : "1756422647404102581",
      "t" : 1756422647404,
      "tn" : 1756422647404102581,
      "q" : "0.1",
      "p" : "21.807",
      "s" : "sell",
      "i" : "ETCUSD-PERP",
      "m" : "4611686018430240111"
    }, {
      "d" : "1756422647404100406",
      "t" : 1756422647404,
      "tn" : 1756422647404100406,
      "q" : "0.1",
      "p" : "21.808",
      "s" : "sell",
      "i" : "ETCUSD-PERP",
      "m" : "4611686018430240110"
    }, {
      "d" : "1756413999882082580",
      "t" : 1756413999882,
      "tn" : 1756413999882082580,
      "q" : "0.1",
      "p" : "21.565",
      "s" : "sell",
      "i" : "ETCUSD-PERP",
      "m" : "4611686018430240109"
    }, {
      "d" : "1756413938949088735",
      "t" : 1756413938949,
      "tn" : 1756413938949088735,
      "q" : "0.1",
      "p" : "21.570",
      "s" : "sell",
      "i" : "ETCUSD-PERP",
      "m" : "4611686018430240108"
    }, {
      "d" : "1756413938949086265",
      "t" : 1756413938949,
      "tn" : 1756413938949086265,
      "q" : "0.1",
      "p" : "21.571",
      "s" : "sell",
      "i" : "ETCUSD-PERP",
      "m" : "4611686018430240107"
    }, {
      "d" : "1756410175202145205",
      "t" : 1756410175202,
      "tn" : 1756410175202145205,
      "q" : "0.1",
      "p" : "21.502",
      "s" : "sell",
      "i" : "ETCUSD-PERP",
      "m" : "4611686018430240106"
    }, {
      "d" : "1756409955546256240",
      "t" : 1756409955546,
      "tn" : 1756409955546256240,
      "q" : "0.1",
      "p" : "21.543",
      "s" : "sell",
      "i" : "ETCUSD-PERP",
      "m" : "4611686018430240105"
    }, {
      "d" : "1756402815447689376",
      "t" : 1756402815447,
      "tn" : 1756402815447689376,
      "q" : "0.1",
      "p" : "21.589",
      "s" : "sell",
      "i" : "ETCUSD-PERP",
      "m" : "4611686018430240104"
    }, {
      "d" : "1756401604862863385",
      "t" : 1756401604862,
      "tn" : 1756401604862863385,
      "q" : "0.1",
      "p" : "21.510",
      "s" : "buy",
      "i" : "ETCUSD-PERP",
      "m" : "4611686018430240103"
    }, {
      "d" : "1756401591969194722",
      "t" : 1756401591969,
      "tn" : 1756401591969194722,
      "q" : "0.1",
      "p" : "21.511",
      "s" : "buy",
      "i" : "ETCUSD-PERP",
      "m" : "4611686018430240102"
    }, {
      "d" : "1756401553848372725",
      "t" : 1756401553848,
      "tn" : 1756401553848372725,
      "q" : "0.1",
      "p" : "21.541",
      "s" : "buy",
      "i" : "ETCUSD-PERP",
      "m" : "4611686018430240101"
    }, {
      "d" : "1756401531430553079",
      "t" : 1756401531430,
      "tn" : 1756401531430553079,
      "q" : "0.1",
      "p" : "21.538",
      "s" : "sell",
      "i" : "ETCUSD-PERP",
      "m" : "4611686018430240100"
    }, {
      "d" : "1756401482195999790",
      "t" : 1756401482195,
      "tn" : 1756401482195999790,
      "q" : "0.1",
      "p" : "21.523",
      "s" : "sell",
      "i" : "ETCUSD-PERP",
      "m" : "4611686018430240099"
    }, {
      "d" : "1756401342941173832",
      "t" : 1756401342941,
      "tn" : 1756401342941173832,
      "q" : "0.1",
      "p" : "21.511",
      "s" : "buy",
      "i" : "ETCUSD-PERP",
      "m" : "4611686018430240098"
    }, {
      "d" : "1756401331674156242",
      "t" : 1756401331674,
      "tn" : 1756401331674156242,
      "q" : "0.1",
      "p" : "21.522",
      "s" : "sell",
      "i" : "ETCUSD-PERP",
      "m" : "4611686018430240097"
    }, {
      "d" : "1756400935761435045",
      "t" : 1756400935761,
      "tn" : 1756400935761435045,
      "q" : "0.1",
      "p" : "21.506",
      "s" : "sell",
      "i" : "ETCUSD-PERP",
      "m" : "4611686018430240096"
    }, {
      "d" : "1756400848709982083",
      "t" : 1756400848709,
      "tn" : 1756400848709982083,
      "q" : "0.1",
      "p" : "21.513",
      "s" : "sell",
      "i" : "ETCUSD-PERP",
      "m" : "4611686018430240095"
    }, {
      "d" : "1756400815978923752",
      "t" : 1756400815978,
      "tn" : 1756400815978923752,
      "q" : "0.1",
      "p" : "21.485",
      "s" : "buy",
      "i" : "ETCUSD-PERP",
      "m" : "4611686018430240094"
    }, {
      "d" : "1756400805267329772",
      "t" : 1756400805267,
      "tn" : 1756400805267329772,
      "q" : "0.1",
      "p" : "21.486",
      "s" : "buy",
      "i" : "ETCUSD-PERP",
      "m" : "4611686018430240093"
    }, {
      "d" : "1756400803218508104",
      "t" : 1756400803218,
      "tn" : 1756400803218508104,
      "q" : "0.1",
      "p" : "21.491",
      "s" : "sell",
      "i" : "ETCUSD-PERP",
      "m" : "4611686018430240092"
    }, {
      "d" : "1756400797278700548",
      "t" : 1756400797278,
      "tn" : 1756400797278700548,
      "q" : "0.1",
      "p" : "21.482",
      "s" : "sell",
      "i" : "ETCUSD-PERP",
      "m" : "4611686018430240091"
    }, {
      "d" : "1756400792848697405",
      "t" : 1756400792848,
      "tn" : 1756400792848697405,
      "q" : "0.1",
      "p" : "21.485",
      "s" : "buy",
      "i" : "ETCUSD-PERP",
      "m" : "4611686018430240090"
    }, {
      "d" : "1756400789137128712",
      "t" : 1756400789137,
      "tn" : 1756400789137128712,
      "q" : "0.1",
      "p" : "21.481",
      "s" : "sell",
      "i" : "ETCUSD-PERP",
      "m" : "4611686018430240089"
    }, {
      "d" : "1756400781375572834",
      "t" : 1756400781375,
      "tn" : 1756400781375572834,
      "q" : "9.3",
      "p" : "21.476",
      "s" : "buy",
      "i" : "ETCUSD-PERP",
      "m" : "4611686018430240088"
    }, {
      "d" : "1756400764870032672",
      "t" : 1756400764870,
      "tn" : 1756400764870032672,
      "q" : "0.1",
      "p" : "21.475",
      "s" : "buy",
      "i" : "ETCUSD-PERP",
      "m" : "4611686018430240087"
    }, {
      "d" : "1756400761404771024",
      "t" : 1756400761404,
      "tn" : 1756400761404771024,
      "q" : "0.1",
      "p" : "21.474",
      "s" : "sell",
      "i" : "ETCUSD-PERP",
      "m" : "4611686018430240086"
    }, {
      "d" : "1756400754676990395",
      "t" : 1756400754676,
      "tn" : 1756400754676990395,
      "q" : "0.1",
      "p" : "21.466",
      "s" : "buy",
      "i" : "ETCUSD-PERP",
      "m" : "4611686018430240085"
    }, {
      "d" : "1756400742115872509",
      "t" : 1756400742115,
      "tn" : 1756400742115872509,
      "q" : "0.1",
      "p" : "21.453",
      "s" : "sell",
      "i" : "ETCUSD-PERP",
      "m" : "4611686018430240084"
    }, {
      "d" : "1756400739710451986",
      "t" : 1756400739710,
      "tn" : 1756400739710451986,
      "q" : "0.1",
      "p" : "21.456",
      "s" : "buy",
      "i" : "ETCUSD-PERP",
      "m" : "4611686018430240083"
    }, {
      "d" : "1756400730400541091",
      "t" : 1756400730400,
      "tn" : 1756400730400541091,
      "q" : "0.1",
      "p" : "21.466",
      "s" : "buy",
      "i" : "ETCUSD-PERP",
      "m" : "4611686018430240082"
    }, {
      "d" : "1756400727990142184",
      "t" : 1756400727990,
      "tn" : 1756400727990142184,
      "q" : "0.1",
      "p" : "21.474",
      "s" : "sell",
      "i" : "ETCUSD-PERP",
      "m" : "4611686018430240081"
    }, {
      "d" : "1756400725104989622",
      "t" : 1756400725104,
      "tn" : 1756400725104989622,
      "q" : "0.1",
      "p" : "21.476",
      "s" : "buy",
      "i" : "ETCUSD-PERP",
      "m" : "4611686018430240080"
    }, {
      "d" : "1756400725104987675",
      "t" : 1756400725104,
      "tn" : 1756400725104987675,
      "q" : "0.1",
      "p" : "21.475",
      "s" : "buy",
      "i" : "ETCUSD-PERP",
      "m" : "4611686018430240079"
    }, {
      "d" : "1756400696131719352",
      "t" : 1756400696131,
      "tn" : 1756400696131719352,
      "q" : "0.1",
      "p" : "21.492",
      "s" : "buy",
      "i" : "ETCUSD-PERP",
      "m" : "4611686018430240078"
    }, {
      "d" : "1756400568406235276",
      "t" : 1756400568406,
      "tn" : 1756400568406235276,
      "q" : "0.1",
      "p" : "21.502",
      "s" : "sell",
      "i" : "ETCUSD-PERP",
      "m" : "4611686018430240077"
    }, {
      "d" : "1756400562774620789",
      "t" : 1756400562774,
      "tn" : 1756400562774620789,
      "q" : "0.1",
      "p" : "21.496",
      "s" : "buy",
      "i" : "ETCUSD-PERP",
      "m" : "4611686018430240076"
    }, {
      "d" : "1756400555559127764",
      "t" : 1756400555559,
      "tn" : 1756400555559127764,
      "q" : "0.1",
      "p" : "21.496",
      "s" : "buy",
      "i" : "ETCUSD-PERP",
      "m" : "4611686018430240075"
    }, {
      "d" : "1756400546734652623",
      "t" : 1756400546734,
      "tn" : 1756400546734652623,
      "q" : "0.1",
      "p" : "21.511",
      "s" : "buy",
      "i" : "ETCUSD-PERP",
      "m" : "4611686018430240074"
    }, {
      "d" : "1756400542573466203",
      "t" : 1756400542573,
      "tn" : 1756400542573466203,
      "q" : "0.1",
      "p" : "21.523",
      "s" : "sell",
      "i" : "ETCUSD-PERP",
      "m" : "4611686018430240073"
    }, {
      "d" : "1756400540568743860",
      "t" : 1756400540568,
      "tn" : 1756400540568743860,
      "q" : "0.1",
      "p" : "21.521",
      "s" : "sell",
      "i" : "ETCUSD-PERP",
      "m" : "4611686018430240072"
    }, {
      "d" : "1756400533166449633",
      "t" : 1756400533166,
      "tn" : 1756400533166449633,
      "q" : "0.1",
      "p" : "21.522",
      "s" : "buy",
      "i" : "ETCUSD-PERP",
      "m" : "4611686018430240071"
    }, {
      "d" : "1756400527935100658",
      "t" : 1756400527935,
      "tn" : 1756400527935100658,
      "q" : "0.1",
      "p" : "21.517",
      "s" : "sell",
      "i" : "ETCUSD-PERP",
      "m" : "4611686018430240070"
    }, {
      "d" : "1756400520566272946",
      "t" : 1756400520566,
      "tn" : 1756400520566272946,
      "q" : "0.1",
      "p" : "21.505",
      "s" : "buy",
      "i" : "ETCUSD-PERP",
      "m" : "4611686018430240069"
    }, {
      "d" : "1756400513549252390",
      "t" : 1756400513549,
      "tn" : 1756400513549252390,
      "q" : "0.1",
      "p" : "21.503",
      "s" : "sell",
      "i" : "ETCUSD-PERP",
      "m" : "4611686018430240068"
    }, {
      "d" : "1756400502752689277",
      "t" : 1756400502752,
      "tn" : 1756400502752689277,
      "q" : "0.1",
      "p" : "21.502",
      "s" : "buy",
      "i" : "ETCUSD-PERP",
      "m" : "4611686018430240067"
    }, {
      "d" : "1756400501603337515",
      "t" : 1756400501603,
      "tn" : 1756400501603337515,
      "q" : "0.1",
      "p" : "21.501",
      "s" : "sell",
      "i" : "ETCUSD-PERP",
      "m" : "4611686018430240066"
    }, {
      "d" : "1756400492143747594",
      "t" : 1756400492143,
      "tn" : 1756400492143747594,
      "q" : "0.1",
      "p" : "21.491",
      "s" : "buy",
      "i" : "ETCUSD-PERP",
      "m" : "4611686018430240065"
    }, {
      "d" : "1756400485227137517",
      "t" : 1756400485227,
      "tn" : 1756400485227137517,
      "q" : "0.1",
      "p" : "21.493",
      "s" : "sell",
      "i" : "ETCUSD-PERP",
      "m" : "4611686018430240064"
    }, {
      "d" : "1756400477414462723",
      "t" : 1756400477414,
      "tn" : 1756400477414462723,
      "q" : "0.1",
      "p" : "21.484",
      "s" : "buy",
      "i" : "ETCUSD-PERP",
      "m" : "4611686018430240063"
    }, {
      "d" : "1756400472277163295",
      "t" : 1756400472277,
      "tn" : 1756400472277163295,
      "q" : "0.1",
      "p" : "21.482",
      "s" : "sell",
      "i" : "ETCUSD-PERP",
      "m" : "4611686018430240062"
    }, {
      "d" : "1756400464561768844",
      "t" : 1756400464561,
      "tn" : 1756400464561768844,
      "q" : "0.1",
      "p" : "21.465",
      "s" : "buy",
      "i" : "ETCUSD-PERP",
      "m" : "4611686018430240061"
    } ]
  }
}