{
  "id" : -1,
  "method" : "public/get-trades",
  "code" : 0,
  "result" : {
    "data" : [ {
      "d" : "1756460914560260981",
      "t" : 1756460914560,
      "tn" : 1756460914560260981,
      "q" : "0.0014",
      "p" : "4340.24",
      "s" : "sell",
      "i" : "ETH_USD",
      "m" : "4611686018726540099"
    }, {
      "d" : "1756460913026668682",
      "t" : 1756460913026,
      "tn" : 1756460913026668681,
      "q" : "0.8802",
      "p" : "4340.33",
      "s" : "sell",
      "i" : "ETH_USD",
      "m" : "4611686018726540098"
    }, {
      "d" : "1756460913026668681",
      "t" : 1756460913026,
      "tn" : 1756460913026668681,
      "q" : "0.0416",
      "p" : "4340.33",
      "s" : "sell",
      "i" : "ETH_USD",
      "m" : "4611686018726540098"
    }, {
      "d" : "1756460913024076323",
      "t" : 1756460913024,
      "tn" : 1756460913024076323,
      "q" : "0.9218",
      "p" : "4340.33",
      "s" : "sell",
      "i" : "ETH_USD",
      "m" : "4611686018726540097"
    }, {
      "d" : "1756460913024073321",
      "t" : 1756460913024,
      "tn" : 1756460913024073321,
      "q" : "0.2757",
      "p" : "4340.33",
      "s" : "sell",
      "i" : "ETH_USD",
      "m" : "4611686018726540096"
    }, {
      "d" : "1756460913024071358",
      "t" : 1756460913024,
      "tn" : 1756460913024071358,
      "q" : "0.0003",
      "p" : "4340.42",
      "s" : "sell",
      "i" : "ETH_USD",
      "m" : "4611686018726540095"
    }, {
      "d" : "1756460913024069253",
      "t" : 1756460913024,
      "tn" : 1756460913024069253,
      "q" : "0.6457",
      "p" : "4340.55",
      "s" : "sell",
      "i" : "ETH_USD",
      "m" : "4611686018726540094"
    }, {
      "d" : "1756460908357244783",
      "t" : 1756460908357,
      "tn" : 1756460908357244783,
      "q" : "0.0162",
      "p" : "4340.69",
      "s" : "sell",
      "i" : "ETH_USD",
      "m" : "4611686018726540093"
    }, {
      "d" : "1756460908205017795",
      "t" : 1756460908205,
      "tn" : 1756460908205017795,
      "q" : "0.1156",
      "p" : "4340.27",
      "s" : "buy",
      "i" : "ETH_USD",
      "m" : "4611686018726540092"
    }, {
      "d" : "1756460908204836719",
      "t" : 1756460908204,
      "tn" : 1756460908204836719,
      "q" : "2.0795",
      "p" : "4340.19",
      "s" : "buy",
      "i" : "ETH_USD",
      "m" : "4611686018726540091"
    }, {
      "d" : "1756460908204767445",
      "t" : 1756460908204,
      "tn" : 1756460908204767445,
      "q" : "1.0199",
      "p" : "4340.19",
      "s" : "buy",
      "i" : "ETH_USD",
      "m" : "4611686018726540090"
    }, {
      "d" : "1756460908204765583",
      "t" : 1756460908204,
      "tn" : 1756460908204765583,
      "q" : "0.1170",
      "p" : "4340.13",
      "s" : "buy",
      "i" : "ETH_USD",
      "m" : "4611686018726540089"
    }, {
      "d" : "1756460908204762415",
      "t" : 1756460908204,
      "tn" : 1756460908204762415,
      "q" : "0.0005",
      "p" : "4340.08",
      "s" : "buy",
      "i" : "ETH_USD",
      "m" : "4611686018726540088"
    }, {
      "d" : "1756460905136708411",
      "t" : 1756460905136,
      "tn" : 1756460905136708411,
      "q" : "0.0123",
      "p" : "4339.99",
      "s" : "buy",
      "i" : "ETH_USD",
      "m" : "4611686018726540087"
    }, {
      "d" : "1756460903803376814",
      "t" : 1756460903803,
      "tn" : 1756460903803376814,
      "q" : "0.9220",
      "p" : "4339.29",
      "s" : "buy",
      "i" : "ETH_USD",
      "m" : "4611686018726540086"
    }, {
      "d" : "1756460903803373732",
      "t" : 1756460903803,
      "tn" : 1756460903803373731,
      "q" : "0.4040",
      "p" : "4339.29",
      "s" : "buy",
      "i" : "ETH_USD",
      "m" : "4611686018726540085"
    }, {
      "d" : "1756460903803373731",
      "t" : 1756460903803,
      "tn" : 1756460903803373731,
      "q" : "0.5182",
      "p" : "4339.29",
      "s" : "buy",
      "i" : "ETH_USD",
      "m" : "4611686018726540085"
    }, {
      "d" : "1756460903516922611",
      "t" : 1756460903516,
      "tn" : 1756460903516922611,
      "q" : "0.4960",
      "p" : "4338.69",
      "s" : "buy",
      "i" : "ETH_USD",
      "m" : "4611686018726540084"
    }, {
      "d" : "1756460903516921256",
      "t" : 1756460903516,
      "tn" : 1756460903516921256,
      "q" : "0.1169",
      "p" : "4338.65",
      "s" : "buy",
      "i" : "ETH_USD",
      "m" : "4611686018726540083"
    }, {
      "d" : "1756460903516919553",
      "t" : 1756460903516,
      "tn" : 1756460903516919553,
      "q" : "0.3090",
      "p" : "4338.60",
      "s" : "buy",
      "i" : "ETH_USD",
      "m" : "4611686018726540082"
    }, {
      "d" : "1756460903516807939",
      "t" : 1756460903516,
      "tn" : 1756460903516807939,
      "q" : "0.9219",
      "p" : "4338.60",
      "s" : "buy",
      "i" : "ETH_USD",
      "m" : "4611686018726540081"
    }, {
      "d" : "1756460903516805063",
      "t" : 1756460903516,
      "tn" : 1756460903516805063,
      "q" : "0.3451",
      "p" : "4338.60",
      "s" : "buy",
      "i" : "ETH_USD",
      "m" : "4611686018726540080"
    }, {
      "d" : "1756460903511545828",
      "t" : 1756460903511,
      "tn" : 1756460903511545828,
      "q" : "0.4750",
      "p" : "4338.50",
      "s" : "buy",
      "i" : "ETH_USD",
      "m" : "4611686018726540079"
    }, {
      "d" : "1756460903488588241",
      "t" : 1756460903488,
      "tn" : 1756460903488588241,
      "q" : "0.1019",
      "p" : "4338.50",
      "s" : "buy",
      "i" : "ETH_USD",
      "m" : "4611686018726540078"
    }, {
      "d" : "1756460903469269004",
      "t" : 1756460903469,
      "tn" : 1756460903469269004,
      "q" : "0.0570",
      "p" : "4338.49",
      "s" : "sell",
      "i" : "ETH_USD",
      "m" : "4611686018726540077"
    }, {
      "d" : "1756460903104677331",
      "t" : 1756460903104,
      "tn" : 1756460903104677331,
      "q" : "0.9217",
      "p" : "4337.70",
      "s" : "sell",
      "i" : "ETH_USD",
      "m" : "4611686018726540076"
    }, {
      "d" : "1756460903102622286",
      "t" : 1756460903102,
      "tn" : 1756460903102622286,
      "q" : "0.2077",
      "p" : "4337.70",
      "s" : "sell",
      "i" : "ETH_USD",
      "m" : "4611686018726540075"
    }, {
      "d" : "1756460903102620410",
      "t" : 1756460903102,
      "tn" : 1756460903102620410,
      "q" : "0.7140",
      "p" : "4337.80",
      "s" : "sell",
      "i" : "ETH_USD",
      "m" : "4611686018726540074"
    }, {
      "d" : "1756460903102525020",
      "t" : 1756460903102,
      "tn" : 1756460903102525020,
      "q" : "0.8620",
      "p" : "4337.80",
      "s" : "sell",
      "i" : "ETH_USD",
      "m" : "4611686018726540073"
    }, {
      "d" : "1756460903102523038",
      "t" : 1756460903102,
      "tn" : 1756460903102523038,
      "q" : "0.0350",
      "p" : "4337.92",
      "s" : "sell",
      "i" : "ETH_USD",
      "m" : "4611686018726540072"
    }, {
      "d" : "1756460903102280572",
      "t" : 1756460903102,
      "tn" : 1756460903102280572,
      "q" : "0.0248",
      "p" : "4338.11",
      "s" : "sell",
      "i" : "ETH_USD",
      "m" : "4611686018726540071"
    }, {
      "d" : "1756460903056295139",
      "t" : 1756460903056,
      "tn" : 1756460903056295139,
      "q" : "0.1942",
      "p" : "4338.50",
      "s" : "buy",
      "i" : "ETH_USD",
      "m" : "4611686018726540070"
    }, {
      "d" : "1756460903056293310",
      "t" : 1756460903056,
      "tn" : 1756460903056293310,
      "q" : "0.0290",
      "p" : "4338.49",
      "s" : "buy",
      "i" : "ETH_USD",
      "m" : "4611686018726540069"
    }, {
      "d" : "1756460903056291367",
      "t" : 1756460903056,
      "tn" : 1756460903056291367,
      "q" : "0.1149",
      "p" : "4338.47",
      "s" : "buy",
      "i" : "ETH_USD",
      "m" : "4611686018726540068"
    }, {
      "d" : "1756460903056289229",
      "t" : 1756460903056,
      "tn" : 1756460903056289229,
      "q" : "0.5841",
      "p" : "4338.46",
      "s" : "buy",
      "i" : "ETH_USD",
      "m" : "4611686018726540067"
    }, {
      "d" : "1756460903056286914",
      "t" : 1756460903056,
      "tn" : 1756460903056286914,
      "q" : "0.4379",
      "p" : "4338.46",
      "s" : "buy",
      "i" : "ETH_USD",
      "m" : "4611686018726540066"
    }, {
      "d" : "1756460903056284461",
      "t" : 1756460903056,
      "tn" : 1756460903056284461,
      "q" : "0.4842",
      "p" : "4338.34",
      "s" : "buy",
      "i" : "ETH_USD",
      "m" : "4611686018726540065"
    }, {
      "d" : "1756460903056271785",
      "t" : 1756460903056,
      "tn" : 1756460903056271785,
      "q" : "0.0920",
      "p" : "4338.34",
      "s" : "buy",
      "i" : "ETH_USD",
      "m" : "4611686018726540064"
    }, {
      "d" : "1756460903056269773",
      "t" : 1756460903056,
      "tn" : 1756460903056269773,
      "q" : "0.1152",
      "p" : "4338.18",
      "s" : "buy",
      "i" : "ETH_USD",
      "m" : "4611686018726540063"
    }, {
      "d" : "1756460903056268162",
      "t" : 1756460903056,
      "tn" : 1756460903056268161,
      "q" : "0.5762",
      "p" : "4338.17",
      "s" : "buy",
      "i" : "ETH_USD",
      "m" : "4611686018726540062"
    }, {
      "d" : "1756460903056268161",
      "t" : 1756460903056,
      "tn" : 1756460903056268161,
      "q" : "0.0016",
      "p" : "4338.17",
      "s" : "buy",
      "i" : "ETH_USD",
      "m" : "4611686018726540062"
    }, {
      "d" : "1756460903056264675",
      "t" : 1756460903056,
      "tn" : 1756460903056264675,
      "q" : "0.1171",
      "p" : "4338.04",
      "s" : "buy",
      "i" : "ETH_USD",
      "m" : "4611686018726540061"
    }, {
      "d" : "1756460903056262364",
      "t" : 1756460903056,
      "tn" : 1756460903056262363,
      "q" : "0.0100",
      "p" : "4338.03",
      "s" : "buy",
      "i" : "ETH_USD",
      "m" : "4611686018726540060"
    }, {
      "d" : "1756460903056262363",
      "t" : 1756460903056,
      "tn" : 1756460903056262363,
      "q" : "0.0100",
      "p" : "4338.03",
      "s" : "buy",
      "i" : "ETH_USD",
      "m" : "4611686018726540060"
    }, {
      "d" : "1756460901903661347",
      "t" : 1756460901903,
      "tn" : 1756460901903661347,
      "q" : "0.0317",
      "p" : "4337.67",
      "s" : "sell",
      "i" : "ETH_USD",
      "m" : "4611686018726540059"
    }, {
      "d" : "1756460901116441314",
      "t" : 1756460901116,
      "tn" : 1756460901116441314,
      "q" : "0.0350",
      "p" : "4336.81",
      "s" : "buy",
      "i" : "ETH_USD",
      "m" : "4611686018726540058"
    }, {
      "d" : "1756460901110325272",
      "t" : 1756460901110,
      "tn" : 1756460901110325271,
      "q" : "0.3528",
      "p" : "4337.32",
      "s" : "buy",
      "i" : "ETH_USD",
      "m" : "4611686018726540057"
    }, {
      "d" : "1756460901110325271",
      "t" : 1756460901110,
      "tn" : 1756460901110325271,
      "q" : "0.1141",
      "p" : "4337.32",
      "s" : "buy",
      "i" : "ETH_USD",
      "m" : "4611686018726540057"
    }, {
      "d" : "1756460901110323544",
      "t" : 1756460901110,
      "tn" : 1756460901110323544,
      "q" : "0.4552",
      "p" : "4337.10",
      "s" : "buy",
      "i" : "ETH_USD",
      "m" : "4611686018726540056"
    }, {
      "d" : "1756460901110247299",
      "t" : 1756460901110,
      "tn" : 1756460901110247299,
      "q" : "0.9219",
      "p" : "4337.10",
      "s" : "buy",
      "i" : "ETH_USD",
      "m" : "4611686018726540055"
    }, {
      "d" : "1756460901110244455",
      "t" : 1756460901110,
      "tn" : 1756460901110244455,
      "q" : "0.1989",
      "p" : "4337.10",
      "s" : "buy",
      "i" : "ETH_USD",
      "m" : "4611686018726540054"
    }, {
      "d" : "1756460901110243337",
      "t" : 1756460901110,
      "tn" : 1756460901110243337,
      "q" : "0.0290",
      "p" : "4337.06",
      "s" : "buy",
      "i" : "ETH_USD",
      "m" : "4611686018726540053"
    }, {
      "d" : "1756460901110242672",
      "t" : 1756460901110,
      "tn" : 1756460901110242672,
      "q" : "0.5764",
      "p" : "4337.01",
      "s" : "buy",
      "i" : "ETH_USD",
      "m" : "4611686018726540052"
    }, {
      "d" : "1756460901110239405",
      "t" : 1756460901110,
      "tn" : 1756460901110239405,
      "q" : "0.0005",
      "p" : "4336.99",
      "s" : "buy",
      "i" : "ETH_USD",
      "m" : "4611686018726540051"
    }, {
      "d" : "1756460901110237122",
      "t" : 1756460901110,
      "tn" : 1756460901110237122,
      "q" : "0.1171",
      "p" : "4336.89",
      "s" : "buy",
      "i" : "ETH_USD",
      "m" : "4611686018726540050"
    }, {
      "d" : "1756460901108656786",
      "t" : 1756460901108,
      "tn" : 1756460901108656786,
      "q" : "0.1152",
      "p" : "4336.66",
      "s" : "buy",
      "i" : "ETH_USD",
      "m" : "4611686018726540049"
    }, {
      "d" : "1756460901107878847",
      "t" : 1756460901107,
      "tn" : 1756460901107878846,
      "q" : "0.1225",
      "p" : "4336.60",
      "s" : "buy",
      "i" : "ETH_USD",
      "m" : "4611686018726540048"
    }, {
      "d" : "1756460901107878846",
      "t" : 1756460901107,
      "tn" : 1756460901107878846,
      "q" : "0.5764",
      "p" : "4336.60",
      "s" : "buy",
      "i" : "ETH_USD",
      "m" : "4611686018726540048"
    }, {
      "d" : "1756460901107876227",
      "t" : 1756460901107,
      "tn" : 1756460901107876227,
      "q" : "0.8000",
      "p" : "4336.39",
      "s" : "buy",
      "i" : "ETH_USD",
      "m" : "4611686018726540047"
    }, {
      "d" : "1756460900875272775",
      "t" : 1756460900875,
      "tn" : 1756460900875272774,
      "q" : "0.1499",
      "p" : "4336.54",
      "s" : "buy",
      "i" : "ETH_USD",
      "m" : "4611686018726540046"
    }, {
      "d" : "1756460900875272774",
      "t" : 1756460900875,
      "tn" : 1756460900875272774,
      "q" : "0.0350",
      "p" : "4336.54",
      "s" : "buy",
      "i" : "ETH_USD",
      "m" : "4611686018726540046"
    }, {
      "d" : "1756460899092245991",
      "t" : 1756460899092,
      "tn" : 1756460899092245991,
      "q" : "0.0010",
      "p" : "4336.19",
      "s" : "buy",
      "i" : "ETH_USD",
      "m" : "4611686018726540045"
    }, {
      "d" : "1756460895129281410",
      "t" : 1756460895129,
      "tn" : 1756460895129281410,
      "q" : "0.6822",
      "p" : "4336.90",
      "s" : "sell",
      "i" : "ETH_USD",
      "m" : "4611686018726540044"
    }, {
      "d" : "1756460895129279914",
      "t" : 1756460895129,
      "tn" : 1756460895129279914,
      "q" : "0.2398",
      "p" : "4336.91",
      "s" : "sell",
      "i" : "ETH_USD",
      "m" : "4611686018726540043"
    }, {
      "d" : "1756460895129227521",
      "t" : 1756460895129,
      "tn" : 1756460895129227521,
      "q" : "0.2330",
      "p" : "4336.91",
      "s" : "sell",
      "i" : "ETH_USD",
      "m" : "4611686018726540042"
    }, {
      "d" : "1756460895129225924",
      "t" : 1756460895129,
      "tn" : 1756460895129225924,
      "q" : "0.6890",
      "p" : "4337.00",
      "s" : "sell",
      "i" : "ETH_USD",
      "m" : "4611686018726540041"
    }, {
      "d" : "1756460895129221482",
      "t" : 1756460895129,
      "tn" : 1756460895129221481,
      "q" : "0.8870",
      "p" : "4337.00",
      "s" : "sell",
      "i" : "ETH_USD",
      "m" : "4611686018726540040"
    }, {
      "d" : "1756460895129221481",
      "t" : 1756460895129,
      "tn" : 1756460895129221481,
      "q" : "0.0350",
      "p" : "4337.00",
      "s" : "sell",
      "i" : "ETH_USD",
      "m" : "4611686018726540040"
    }, {
      "d" : "1756460894485659977",
      "t" : 1756460894485,
      "tn" : 1756460894485659977,
      "q" : "0.7278",
      "p" : "4337.00",
      "s" : "sell",
      "i" : "ETH_USD",
      "m" : "4611686018726540039"
    }, {
      "d" : "1756460894485658110",
      "t" : 1756460894485,
      "tn" : 1756460894485658110,
      "q" : "0.1942",
      "p" : "4337.01",
      "s" : "sell",
      "i" : "ETH_USD",
      "m" : "4611686018726540038"
    }, {
      "d" : "1756460894485579984",
      "t" : 1756460894485,
      "tn" : 1756460894485579984,
      "q" : "0.2786",
      "p" : "4337.01",
      "s" : "sell",
      "i" : "ETH_USD",
      "m" : "4611686018726540037"
    }, {
      "d" : "1756460894485578552",
      "t" : 1756460894485,
      "tn" : 1756460894485578552,
      "q" : "0.6434",
      "p" : "4337.10",
      "s" : "sell",
      "i" : "ETH_USD",
      "m" : "4611686018726540036"
    }, {
      "d" : "1756460894485575226",
      "t" : 1756460894485,
      "tn" : 1756460894485575226,
      "q" : "0.9220",
      "p" : "4337.10",
      "s" : "sell",
      "i" : "ETH_USD",
      "m" : "4611686018726540035"
    }, {
      "d" : "1756460894453139367",
      "t" : 1756460894453,
      "tn" : 1756460894453139367,
      "q" : "0.0106",
      "p" : "4337.10",
      "s" : "sell",
      "i" : "ETH_USD",
      "m" : "4611686018726540034"
    }, {
      "d" : "1756460894453137480",
      "t" : 1756460894453,
      "tn" : 1756460894453137480,
      "q" : "0.4728",
      "p" : "4337.11",
      "s" : "sell",
      "i" : "ETH_USD",
      "m" : "4611686018726540033"
    }, {
      "d" : "1756460894453135890",
      "t" : 1756460894453,
      "tn" : 1756460894453135890,
      "q" : "0.1666",
      "p" : "4337.18",
      "s" : "sell",
      "i" : "ETH_USD",
      "m" : "4611686018726540032"
    }, {
      "d" : "1756460894453133462",
      "t" : 1756460894453,
      "tn" : 1756460894453133462,
      "q" : "0.2720",
      "p" : "4337.26",
      "s" : "sell",
      "i" : "ETH_USD",
      "m" : "4611686018726540031"
    }, {
      "d" : "1756460894453035909",
      "t" : 1756460894453,
      "tn" : 1756460894453035909,
      "q" : "0.9220",
      "p" : "4337.26",
      "s" : "sell",
      "i" : "ETH_USD",
      "m" : "4611686018726540030"
    }, {
      "d" : "1756460894453033139",
      "t" : 1756460894453,
      "tn" : 1756460894453033138,
      "q" : "0.3463",
      "p" : "4337.26",
      "s" : "sell",
      "i" : "ETH_USD",
      "m" : "4611686018726540029"
    }, {
      "d" : "1756460894453033138",
      "t" : 1756460894453,
      "tn" : 1756460894453033138,
      "q" : "0.5757",
      "p" : "4337.26",
      "s" : "sell",
      "i" : "ETH_USD",
      "m" : "4611686018726540029"
    }, {
      "d" : "1756460894410625310",
      "t" : 1756460894410,
      "tn" : 1756460894410625310,
      "q" : "1.2914",
      "p" : "4337.41",
      "s" : "sell",
      "i" : "ETH_USD",
      "m" : "4611686018726540028"
    }, {
      "d" : "1756460894410623490",
      "t" : 1756460894410,
      "tn" : 1756460894410623490,
      "q" : "0.0350",
      "p" : "4337.46",
      "s" : "sell",
      "i" : "ETH_USD",
      "m" : "4611686018726540027"
    }, {
      "d" : "1756460894402991231",
      "t" : 1756460894402,
      "tn" : 1756460894402991231,
      "q" : "0.0991",
      "p" : "4337.50",
      "s" : "sell",
      "i" : "ETH_USD",
      "m" : "4611686018726540026"
    }, {
      "d" : "1756460894402989838",
      "t" : 1756460894402,
      "tn" : 1756460894402989838,
      "q" : "0.4750",
      "p" : "4337.54",
      "s" : "sell",
      "i" : "ETH_USD",
      "m" : "4611686018726540025"
    }, {
      "d" : "1756460894402988265",
      "t" : 1756460894402,
      "tn" : 1756460894402988265,
      "q" : "0.3477",
      "p" : "4337.60",
      "s" : "sell",
      "i" : "ETH_USD",
      "m" : "4611686018726540024"
    }, {
      "d" : "1756460894402908444",
      "t" : 1756460894402,
      "tn" : 1756460894402908444,
      "q" : "0.9218",
      "p" : "4337.60",
      "s" : "sell",
      "i" : "ETH_USD",
      "m" : "4611686018726540023"
    }, {
      "d" : "1756460894402897564",
      "t" : 1756460894402,
      "tn" : 1756460894402897564,
      "q" : "0.3065",
      "p" : "4337.60",
      "s" : "sell",
      "i" : "ETH_USD",
      "m" : "4611686018726540022"
    }, {
      "d" : "1756460894402896047",
      "t" : 1756460894402,
      "tn" : 1756460894402896047,
      "q" : "0.6153",
      "p" : "4337.61",
      "s" : "sell",
      "i" : "ETH_USD",
      "m" : "4611686018726540021"
    }, {
      "d" : "1756460894292368829",
      "t" : 1756460894292,
      "tn" : 1756460894292368829,
      "q" : "0.1152",
      "p" : "4337.36",
      "s" : "buy",
      "i" : "ETH_USD",
      "m" : "4611686018726540020"
    }, {
      "d" : "1756460894292366945",
      "t" : 1756460894292,
      "tn" : 1756460894292366945,
      "q" : "0.1175",
      "p" : "4337.33",
      "s" : "buy",
      "i" : "ETH_USD",
      "m" : "4611686018726540019"
    }, {
      "d" : "1756460894292058361",
      "t" : 1756460894292,
      "tn" : 1756460894292058361,
      "q" : "0.0005",
      "p" : "4337.18",
      "s" : "buy",
      "i" : "ETH_USD",
      "m" : "4611686018726540018"
    }, {
      "d" : "1756460892407386546",
      "t" : 1756460892407,
      "tn" : 1756460892407386546,
      "q" : "0.0225",
      "p" : "4337.09",
      "s" : "buy",
      "i" : "ETH_USD",
      "m" : "4611686018726540017"
    }, {
      "d" : "1756460892150271774",
      "t" : 1756460892150,
      "tn" : 1756460892150271774,
      "q" : "0.0231",
      "p" : "4336.57",
      "s" : "buy",
      "i" : "ETH_USD",
      "m" : "4611686018726540016"
    }, {
      "d" : "1756460890863849708",
      "t" : 1756460890863,
      "tn" : 1756460890863849708,
      "q" : "0.0023",
      "p" : "4336.20",
      "s" : "buy",
      "i" : "ETH_USD",
      "m" : "4611686018726540015"
    }, {
      "d" : "1756460890240204353",
      "t" : 1756460890240,
      "tn" : 1756460890240204353,
      "q" : "1.8000",
      "p" : "4336.19",
      "s" : "sell",
      "i" : "ETH_USD",
      "m" : "4611686018726540014"
    }, {
      "d" : "1756460890165501991",
      "t" : 1756460890165,
      "tn" : 1756460890165501991,
      "q" : "0.1154",
      "p" : "4335.67",
      "s" : "buy",
      "i" : "ETH_USD",
      "m" : "4611686018726540013"
    }, {
      "d" : "1756460890165000936",
      "t" : 1756460890165,
      "tn" : 1756460890165000936,
      "q" : "0.1561",
      "p" : "4335.81",
      "s" : "buy",
      "i" : "ETH_USD",
      "m" : "4611686018726540012"
    }, {
      "d" : "1756460890164993462",
      "t" : 1756460890164,
      "tn" : 1756460890164993462,
      "q" : "0.0340",
      "p" : "4335.72",
      "s" : "buy",
      "i" : "ETH_USD",
      "m" : "4611686018726540011"
    }, {
      "d" : "1756460890164898117",
      "t" : 1756460890164,
      "tn" : 1756460890164898117,
      "q" : "0.5359",
      "p" : "4335.67",
      "s" : "buy",
      "i" : "ETH_USD",
      "m" : "4611686018726540010"
    }, {
      "d" : "1756460890162652406",
      "t" : 1756460890162,
      "tn" : 1756460890162652406,
      "q" : "0.0407",
      "p" : "4335.67",
      "s" : "buy",
      "i" : "ETH_USD",
      "m" : "4611686018726540009"
    }, {
      "d" : "1756460890162650842",
      "t" : 1756460890162,
      "tn" : 1756460890162650842,
      "q" : "0.1178",
      "p" : "4335.47",
      "s" : "buy",
      "i" : "ETH_USD",
      "m" : "4611686018726540008"
    }, {
      "d" : "1756460890162649156",
      "t" : 1756460890162,
      "tn" : 1756460890162649155,
      "q" : "0.3428",
      "p" : "4335.40",
      "s" : "buy",
      "i" : "ETH_USD",
      "m" : "4611686018726540007"
    }, {
      "d" : "1756460890162649155",
      "t" : 1756460890162,
      "tn" : 1756460890162649155,
      "q" : "0.4216",
      "p" : "4335.40",
      "s" : "buy",
      "i" : "ETH_USD",
      "m" : "4611686018726540007"
    }, {
      "d" : "1756460890162533091",
      "t" : 1756460890162,
      "tn" : 1756460890162533091,
      "q" : "0.9232",
      "p" : "4335.40",
      "s" : "buy",
      "i" : "ETH_USD",
      "m" : "4611686018726540006"
    }, {
      "d" : "1756460890162530156",
      "t" : 1756460890162,
      "tn" : 1756460890162530156,
      "q" : "0.2312",
      "p" : "4335.40",
      "s" : "buy",
      "i" : "ETH_USD",
      "m" : "4611686018726540005"
    }, {
      "d" : "1756460890162528574",
      "t" : 1756460890162,
      "tn" : 1756460890162528574,
      "q" : "0.5766",
      "p" : "4335.25",
      "s" : "buy",
      "i" : "ETH_USD",
      "m" : "4611686018726540004"
    }, {
      "d" : "1756460890162526501",
      "t" : 1756460890162,
      "tn" : 1756460890162526501,
      "q" : "0.1153",
      "p" : "4335.20",
      "s" : "buy",
      "i" : "ETH_USD",
      "m" : "4611686018726540003"
    }, {
      "d" : "1756460889918932281",
      "t" : 1756460889918,
      "tn" : 1756460889918932281,
      "q" : "0.0080",
      "p" : "4335.14",
      "s" : "sell",
      "i" : "ETH_USD",
      "m" : "4611686018726540002"
    }, {
      "d" : "1756460889917985053",
      "t" : 1756460889917,
      "tn" : 1756460889917985052,
      "q" : "0.0469",
      "p" : "4335.14",
      "s" : "sell",
      "i" : "ETH_USD",
      "m" : "4611686018726540001"
    }, {
      "d" : "1756460889917985052",
      "t" : 1756460889917,
      "tn" : 1756460889917985052,
      "q" : "0.1219",
      "p" : "4335.14",
      "s" : "sell",
      "i" : "ETH_USD",
      "m" : "4611686018726540001"
    }, {
      "d" : "1756460889611508511",
      "t" : 1756460889611,
      "tn" : 1756460889611508511,
      "q" : "0.9229",
      "p" : "4335.15",
      "s" : "buy",
      "i" : "ETH_USD",
      "m" : "4611686018726540000"
    }, {
      "d" : "1756460889610809107",
      "t" : 1756460889610,
      "tn" : 1756460889610809107,
      "q" : "0.5770",
      "p" : "4335.06",
      "s" : "buy",
      "i" : "ETH_USD",
      "m" : "4611686018726539999"
    }, {
      "d" : "1756460889610406803",
      "t" : 1756460889610,
      "tn" : 1756460889610406803,
      "q" : "0.1571",
      "p" : "4334.90",
      "s" : "buy",
      "i" : "ETH_USD",
      "m" : "4611686018726539998"
    }, {
      "d" : "1756460889610405471",
      "t" : 1756460889610,
      "tn" : 1756460889610405471,
      "q" : "0.1131",
      "p" : "4334.88",
      "s" : "buy",
      "i" : "ETH_USD",
      "m" : "4611686018726539997"
    }, {
      "d" : "1756460889610403456",
      "t" : 1756460889610,
      "tn" : 1756460889610403456,
      "q" : "0.6529",
      "p" : "4334.80",
      "s" : "buy",
      "i" : "ETH_USD",
      "m" : "4611686018726539996"
    }, {
      "d" : "1756460889610397621",
      "t" : 1756460889610,
      "tn" : 1756460889610397621,
      "q" : "0.9231",
      "p" : "4334.80",
      "s" : "buy",
      "i" : "ETH_USD",
      "m" : "4611686018726539995"
    }, {
      "d" : "1756460889609434622",
      "t" : 1756460889609,
      "tn" : 1756460889609434622,
      "q" : "0.0346",
      "p" : "4334.71",
      "s" : "buy",
      "i" : "ETH_USD",
      "m" : "4611686018726539994"
    }, {
      "d" : "1756460889609434193",
      "t" : 1756460889609,
      "tn" : 1756460889609434193,
      "q" : "0.5767",
      "p" : "4334.63",
      "s" : "buy",
      "i" : "ETH_USD",
      "m" : "4611686018726539993"
    }, {
      "d" : "1756460889608991141",
      "t" : 1756460889608,
      "tn" : 1756460889608991141,
      "q" : "0.0003",
      "p" : "4334.50",
      "s" : "buy",
      "i" : "ETH_USD",
      "m" : "4611686018726539992"
    }, {
      "d" : "1756460888725717766",
      "t" : 1756460888725,
      "tn" : 1756460888725717765,
      "q" : "0.0068",
      "p" : "4334.48",
      "s" : "buy",
      "i" : "ETH_USD",
      "m" : "4611686018726539991"
    }, {
      "d" : "1756460888725717765",
      "t" : 1756460888725,
      "tn" : 1756460888725717765,
      "q" : "0.0005",
      "p" : "4334.48",
      "s" : "buy",
      "i" : "ETH_USD",
      "m" : "4611686018726539991"
    }, {
      "d" : "1756460882388750812",
      "t" : 1756460882388,
      "tn" : 1756460882388750812,
      "q" : "0.1901",
      "p" : "4334.33",
      "s" : "buy",
      "i" : "ETH_USD",
      "m" : "4611686018726539990"
    }, {
      "d" : "1756460882386174658",
      "t" : 1756460882386,
      "tn" : 1756460882386174658,
      "q" : "0.1838",
      "p" : "4334.30",
      "s" : "buy",
      "i" : "ETH_USD",
      "m" : "4611686018726539989"
    }, {
      "d" : "1756460882386172535",
      "t" : 1756460882386,
      "tn" : 1756460882386172535,
      "q" : "0.5491",
      "p" : "4334.29",
      "s" : "buy",
      "i" : "ETH_USD",
      "m" : "4611686018726539988"
    }, {
      "d" : "1756460882386169239",
      "t" : 1756460882386,
      "tn" : 1756460882386169239,
      "q" : "0.8073",
      "p" : "4334.29",
      "s" : "buy",
      "i" : "ETH_USD",
      "m" : "4611686018726539987"
    }, {
      "d" : "1756460882386167969",
      "t" : 1756460882386,
      "tn" : 1756460882386167969,
      "q" : "0.1153",
      "p" : "4334.08",
      "s" : "buy",
      "i" : "ETH_USD",
      "m" : "4611686018726539986"
    }, {
      "d" : "1756460882386165317",
      "t" : 1756460882386,
      "tn" : 1756460882386165317,
      "q" : "0.0003",
      "p" : "4333.88",
      "s" : "buy",
      "i" : "ETH_USD",
      "m" : "4611686018726539985"
    }, {
      "d" : "1756460879328329483",
      "t" : 1756460879328,
      "tn" : 1756460879328329483,
      "q" : "0.0120",
      "p" : "4333.71",
      "s" : "sell",
      "i" : "ETH_USD",
      "m" : "4611686018726539984"
    }, {
      "d" : "1756460878800239701",
      "t" : 1756460878800,
      "tn" : 1756460878800239701,
      "q" : "0.0300",
      "p" : "4333.72",
      "s" : "buy",
      "i" : "ETH_USD",
      "m" : "4611686018726539983"
    }, {
      "d" : "1756460876003669772",
      "t" : 1756460876003,
      "tn" : 1756460876003669771,
      "q" : "1.0315",
      "p" : "4333.76",
      "s" : "sell",
      "i" : "ETH_USD",
      "m" : "4611686018726539982"
    }, {
      "d" : "1756460876003669771",
      "t" : 1756460876003,
      "tn" : 1756460876003669771,
      "q" : "0.0350",
      "p" : "4333.76",
      "s" : "sell",
      "i" : "ETH_USD",
      "m" : "4611686018726539982"
    }, {
      "d" : "1756460870610607594",
      "t" : 1756460870610,
      "tn" : 1756460870610607594,
      "q" : "0.2700",
      "p" : "4333.77",
      "s" : "sell",
      "i" : "ETH_USD",
      "m" : "4611686018726539981"
    }, {
      "d" : "1756460870610606141",
      "t" : 1756460870610,
      "tn" : 1756460870610606141,
      "q" : "0.6530",
      "p" : "4333.80",
      "s" : "sell",
      "i" : "ETH_USD",
      "m" : "4611686018726539980"
    }, {
      "d" : "1756460870610587081",
      "t" : 1756460870610,
      "tn" : 1756460870610587081,
      "q" : "0.9230",
      "p" : "4333.80",
      "s" : "sell",
      "i" : "ETH_USD",
      "m" : "4611686018726539979"
    }, {
      "d" : "1756460869782391593",
      "t" : 1756460869782,
      "tn" : 1756460869782391593,
      "q" : "0.1100",
      "p" : "4334.10",
      "s" : "sell",
      "i" : "ETH_USD",
      "m" : "4611686018726539978"
    }, {
      "d" : "1756460869782241959",
      "t" : 1756460869782,
      "tn" : 1756460869782241959,
      "q" : "0.8128",
      "p" : "4334.10",
      "s" : "sell",
      "i" : "ETH_USD",
      "m" : "4611686018726539977"
    }, {
      "d" : "1756460869782171785",
      "t" : 1756460869782,
      "tn" : 1756460869782171785,
      "q" : "0.3895",
      "p" : "4334.10",
      "s" : "sell",
      "i" : "ETH_USD",
      "m" : "4611686018726539976"
    }, {
      "d" : "1756460869782170122",
      "t" : 1756460869782,
      "tn" : 1756460869782170122,
      "q" : "0.2105",
      "p" : "4334.21",
      "s" : "sell",
      "i" : "ETH_USD",
      "m" : "4611686018726539975"
    }, {
      "d" : "1756460869780551989",
      "t" : 1756460869780,
      "tn" : 1756460869780551989,
      "q" : "0.3228",
      "p" : "4334.21",
      "s" : "sell",
      "i" : "ETH_USD",
      "m" : "4611686018726539974"
    }, {
      "d" : "1756460869780488616",
      "t" : 1756460869780,
      "tn" : 1756460869780488616,
      "q" : "0.9228",
      "p" : "4334.21",
      "s" : "sell",
      "i" : "ETH_USD",
      "m" : "4611686018726539973"
    }, {
      "d" : "1756460869775232969",
      "t" : 1756460869775,
      "tn" : 1756460869775232969,
      "q" : "0.0441",
      "p" : "4334.41",
      "s" : "sell",
      "i" : "ETH_USD",
      "m" : "4611686018726539972"
    }, {
      "d" : "1756460869774963710",
      "t" : 1756460869774,
      "tn" : 1756460869774963710,
      "q" : "0.5822",
      "p" : "4334.41",
      "s" : "sell",
      "i" : "ETH_USD",
      "m" : "4611686018726539971"
    }, {
      "d" : "1756460868779419906",
      "t" : 1756460868779,
      "tn" : 1756460868779419906,
      "q" : "0.2066",
      "p" : "4334.62",
      "s" : "buy",
      "i" : "ETH_USD",
      "m" : "4611686018726539970"
    }, {
      "d" : "1756460867110313695",
      "t" : 1756460867110,
      "tn" : 1756460867110313695,
      "q" : "0.3497",
      "p" : "4334.70",
      "s" : "buy",
      "i" : "ETH_USD",
      "m" : "4611686018726539969"
    }, {
      "d" : "1756460867110312180",
      "t" : 1756460867110,
      "tn" : 1756460867110312180,
      "q" : "0.1599",
      "p" : "4334.55",
      "s" : "buy",
      "i" : "ETH_USD",
      "m" : "4611686018726539968"
    }, {
      "d" : "1756460867110310489",
      "t" : 1756460867110,
      "tn" : 1756460867110310489,
      "q" : "0.1153",
      "p" : "4334.46",
      "s" : "buy",
      "i" : "ETH_USD",
      "m" : "4611686018726539967"
    }, {
      "d" : "1756460867110308075",
      "t" : 1756460867110,
      "tn" : 1756460867110308075,
      "q" : "0.0003",
      "p" : "4334.20",
      "s" : "buy",
      "i" : "ETH_USD",
      "m" : "4611686018726539966"
    }, {
      "d" : "1756460864603707571",
      "t" : 1756460864603,
      "tn" : 1756460864603707571,
      "q" : "0.5768",
      "p" : "4333.74",
      "s" : "buy",
      "i" : "ETH_USD",
      "m" : "4611686018726539965"
    }, {
      "d" : "1756460864603705628",
      "t" : 1756460864603,
      "tn" : 1756460864603705628,
      "q" : "0.1169",
      "p" : "4333.71",
      "s" : "buy",
      "i" : "ETH_USD",
      "m" : "4611686018726539964"
    }, {
      "d" : "1756460864603380566",
      "t" : 1756460864603,
      "tn" : 1756460864603380564,
      "q" : "0.0003",
      "p" : "4333.49",
      "s" : "buy",
      "i" : "ETH_USD",
      "m" : "4611686018726539963"
    } ]
  }
}