{
  "id" : -1,
  "method" : "public/get-trades",
  "code" : 0,
  "result" : {
    "data" : [ {
      "d" : "1756460903915574473",
      "t" : 1756460903915,
      "tn" : 1756460903915574473,
      "q" : "0.0004",
      "p" : "4334.93",
      "s" : "buy",
      "i" : "ETH_PYUSD",
      "m" : "4611686018430105647"
    }, {
      "d" : "1756460292825535276",
      "t" : 1756460292825,
      "tn" : 1756460292825535276,
      "q" : "0.0004",
      "p" : "4331.99",
      "s" : "buy",
      "i" : "ETH_PYUSD",
      "m" : "4611686018430105646"
    }, {
      "d" : "1756459604000298931",
      "t" : 1756459604000,
      "tn" : 1756459604000298931,
      "q" : "0.0037",
      "p" : "4339.41",
      "s" : "sell",
      "i" : "ETH_PYUSD",
      "m" : "4611686018430105645"
    }, {
      "d" : "1756458697192622790",
      "t" : 1756458697192,
      "tn" : 1756458697192622790,
      "q" : "0.0004",
      "p" : "4327.05",
      "s" : "buy",
      "i" : "ETH_PYUSD",
      "m" : "4611686018430105644"
    }, {
      "d" : "1756458348032613171",
      "t" : 1756458348032,
      "tn" : 1756458348032613171,
      "q" : "0.0004",
      "p" : "4328.86",
      "s" : "buy",
      "i" : "ETH_PYUSD",
      "m" : "4611686018430105643"
    }, {
      "d" : "1756458319748266756",
      "t" : 1756458319748,
      "tn" : 1756458319748266756,
      "q" : "0.0058",
      "p" : "4329.82",
      "s" : "buy",
      "i" : "ETH_PYUSD",
      "m" : "4611686018430105642"
    }, {
      "d" : "1756458212252894197",
      "t" : 1756458212252,
      "tn" : 1756458212252894197,
      "q" : "0.0004",
      "p" : "4325.24",
      "s" : "buy",
      "i" : "ETH_PYUSD",
      "m" : "4611686018430105641"
    }, {
      "d" : "1756458210163092481",
      "t" : 1756458210163,
      "tn" : 1756458210163092481,
      "q" : "0.0020",
      "p" : "4324.26",
      "s" : "buy",
      "i" : "ETH_PYUSD",
      "m" : "4611686018430105640"
    }, {
      "d" : "1756458148263887065",
      "t" : 1756458148263,
      "tn" : 1756458148263887065,
      "q" : "0.0081",
      "p" : "4325.69",
      "s" : "buy",
      "i" : "ETH_PYUSD",
      "m" : "4611686018430105639"
    }, {
      "d" : "1756458148255278137",
      "t" : 1756458148255,
      "tn" : 1756458148255278137,
      "q" : "0.0028",
      "p" : "4325.69",
      "s" : "buy",
      "i" : "ETH_PYUSD",
      "m" : "4611686018430105638"
    }, {
      "d" : "1756458148248442792",
      "t" : 1756458148248,
      "tn" : 1756458148248442792,
      "q" : "0.0028",
      "p" : "4325.69",
      "s" : "buy",
      "i" : "ETH_PYUSD",
      "m" : "4611686018430105637"
    }, {
      "d" : "1756458148242717324",
      "t" : 1756458148242,
      "tn" : 1756458148242717324,
      "q" : "0.0028",
      "p" : "4325.69",
      "s" : "buy",
      "i" : "ETH_PYUSD",
      "m" : "4611686018430105636"
    }, {
      "d" : "1756458148233905596",
      "t" : 1756458148233,
      "tn" : 1756458148233905596,
      "q" : "0.0028",
      "p" : "4325.69",
      "s" : "buy",
      "i" : "ETH_PYUSD",
      "m" : "4611686018430105635"
    }, {
      "d" : "1756458148222497578",
      "t" : 1756458148222,
      "tn" : 1756458148222497578,
      "q" : "0.0028",
      "p" : "4325.69",
      "s" : "buy",
      "i" : "ETH_PYUSD",
      "m" : "4611686018430105634"
    }, {
      "d" : "1756458146868474695",
      "t" : 1756458146868,
      "tn" : 1756458146868474695,
      "q" : "0.0005",
      "p" : "4326.38",
      "s" : "sell",
      "i" : "ETH_PYUSD",
      "m" : "4611686018430105633"
    }, {
      "d" : "1756458114076791554",
      "t" : 1756458114076,
      "tn" : 1756458114076791554,
      "q" : "0.0005",
      "p" : "4329.89",
      "s" : "sell",
      "i" : "ETH_PYUSD",
      "m" : "4611686018430105632"
    }, {
      "d" : "1756457739578746864",
      "t" : 1756457739578,
      "tn" : 1756457739578746864,
      "q" : "0.0004",
      "p" : "4342.11",
      "s" : "sell",
      "i" : "ETH_PYUSD",
      "m" : "4611686018430105631"
    }, {
      "d" : "1756456811230422734",
      "t" : 1756456811230,
      "tn" : 1756456811230422734,
      "q" : "0.0027",
      "p" : "4355.79",
      "s" : "buy",
      "i" : "ETH_PYUSD",
      "m" : "4611686018430105630"
    }, {
      "d" : "1756456740414540734",
      "t" : 1756456740414,
      "tn" : 1756456740414540734,
      "q" : "0.0017",
      "p" : "4355.51",
      "s" : "buy",
      "i" : "ETH_PYUSD",
      "m" : "4611686018430105629"
    }, {
      "d" : "1756456740409172352",
      "t" : 1756456740409,
      "tn" : 1756456740409172352,
      "q" : "0.0087",
      "p" : "4355.51",
      "s" : "buy",
      "i" : "ETH_PYUSD",
      "m" : "4611686018430105628"
    }, {
      "d" : "1756456740402425008",
      "t" : 1756456740402,
      "tn" : 1756456740402425008,
      "q" : "0.0241",
      "p" : "4355.51",
      "s" : "buy",
      "i" : "ETH_PYUSD",
      "m" : "4611686018430105627"
    }, {
      "d" : "1756456740390645992",
      "t" : 1756456740390,
      "tn" : 1756456740390645992,
      "q" : "0.0028",
      "p" : "4355.51",
      "s" : "buy",
      "i" : "ETH_PYUSD",
      "m" : "4611686018430105626"
    }, {
      "d" : "1756456740382088746",
      "t" : 1756456740382,
      "tn" : 1756456740382088746,
      "q" : "0.0028",
      "p" : "4355.51",
      "s" : "buy",
      "i" : "ETH_PYUSD",
      "m" : "4611686018430105625"
    }, {
      "d" : "1756456740371122759",
      "t" : 1756456740371,
      "tn" : 1756456740371122759,
      "q" : "0.0028",
      "p" : "4355.51",
      "s" : "buy",
      "i" : "ETH_PYUSD",
      "m" : "4611686018430105624"
    }, {
      "d" : "1756456740360669890",
      "t" : 1756456740360,
      "tn" : 1756456740360669890,
      "q" : "0.0028",
      "p" : "4355.51",
      "s" : "buy",
      "i" : "ETH_PYUSD",
      "m" : "4611686018430105623"
    }, {
      "d" : "1756456740353231824",
      "t" : 1756456740353,
      "tn" : 1756456740353231824,
      "q" : "0.0028",
      "p" : "4355.51",
      "s" : "buy",
      "i" : "ETH_PYUSD",
      "m" : "4611686018430105622"
    }, {
      "d" : "1756456659260977651",
      "t" : 1756456659260,
      "tn" : 1756456659260977651,
      "q" : "0.0008",
      "p" : "4361.65",
      "s" : "sell",
      "i" : "ETH_PYUSD",
      "m" : "4611686018430105621"
    }, {
      "d" : "1756456607259955454",
      "t" : 1756456607259,
      "tn" : 1756456607259955453,
      "q" : "0.0007",
      "p" : "4364.44",
      "s" : "buy",
      "i" : "ETH_PYUSD",
      "m" : "4611686018430105620"
    }, {
      "d" : "1756456607259955453",
      "t" : 1756456607259,
      "tn" : 1756456607259955453,
      "q" : "0.0003",
      "p" : "4364.44",
      "s" : "buy",
      "i" : "ETH_PYUSD",
      "m" : "4611686018430105620"
    }, {
      "d" : "1756456575558824631",
      "t" : 1756456575558,
      "tn" : 1756456575558824631,
      "q" : "0.0005",
      "p" : "4364.44",
      "s" : "sell",
      "i" : "ETH_PYUSD",
      "m" : "4611686018430105619"
    }, {
      "d" : "1756455971061691362",
      "t" : 1756455971061,
      "tn" : 1756455971061691362,
      "q" : "0.0005",
      "p" : "4365.71",
      "s" : "buy",
      "i" : "ETH_PYUSD",
      "m" : "4611686018430105618"
    }, {
      "d" : "1756455616622552542",
      "t" : 1756455616622,
      "tn" : 1756455616622552542,
      "q" : "0.0001",
      "p" : "4364.90",
      "s" : "sell",
      "i" : "ETH_PYUSD",
      "m" : "4611686018430105617"
    }, {
      "d" : "1756455616462106930",
      "t" : 1756455616462,
      "tn" : 1756455616462106930,
      "q" : "0.0004",
      "p" : "4364.90",
      "s" : "sell",
      "i" : "ETH_PYUSD",
      "m" : "4611686018430105616"
    }, {
      "d" : "1756455443665975518",
      "t" : 1756455443665,
      "tn" : 1756455443665975518,
      "q" : "0.0005",
      "p" : "4366.98",
      "s" : "sell",
      "i" : "ETH_PYUSD",
      "m" : "4611686018430105615"
    }, {
      "d" : "1756455039905169838",
      "t" : 1756455039905,
      "tn" : 1756455039905169838,
      "q" : "0.0004",
      "p" : "4374.17",
      "s" : "sell",
      "i" : "ETH_PYUSD",
      "m" : "4611686018430105614"
    }, {
      "d" : "1756455033787419374",
      "t" : 1756455033787,
      "tn" : 1756455033787419374,
      "q" : "0.0005",
      "p" : "4377.47",
      "s" : "sell",
      "i" : "ETH_PYUSD",
      "m" : "4611686018430105613"
    }, {
      "d" : "1756454897387542072",
      "t" : 1756454897387,
      "tn" : 1756454897387542072,
      "q" : "0.0001",
      "p" : "4388.30",
      "s" : "sell",
      "i" : "ETH_PYUSD",
      "m" : "4611686018430105612"
    }, {
      "d" : "1756454895842619929",
      "t" : 1756454895842,
      "tn" : 1756454895842619929,
      "q" : "0.0004",
      "p" : "4388.30",
      "s" : "sell",
      "i" : "ETH_PYUSD",
      "m" : "4611686018430105611"
    }, {
      "d" : "1756454682792224848",
      "t" : 1756454682792,
      "tn" : 1756454682792224848,
      "q" : "0.0005",
      "p" : "4391.21",
      "s" : "sell",
      "i" : "ETH_PYUSD",
      "m" : "4611686018430105610"
    }, {
      "d" : "1756454674558191340",
      "t" : 1756454674558,
      "tn" : 1756454674558191340,
      "q" : "0.0005",
      "p" : "4391.22",
      "s" : "sell",
      "i" : "ETH_PYUSD",
      "m" : "4611686018430105609"
    }, {
      "d" : "1756454446146083702",
      "t" : 1756454446146,
      "tn" : 1756454446146083702,
      "q" : "0.0004",
      "p" : "4384.86",
      "s" : "buy",
      "i" : "ETH_PYUSD",
      "m" : "4611686018430105608"
    }, {
      "d" : "1756454393793088018",
      "t" : 1756454393793,
      "tn" : 1756454393793088018,
      "q" : "0.0004",
      "p" : "4381.02",
      "s" : "buy",
      "i" : "ETH_PYUSD",
      "m" : "4611686018430105607"
    }, {
      "d" : "1756454348307139429",
      "t" : 1756454348307,
      "tn" : 1756454348307139429,
      "q" : "0.0001",
      "p" : "4369.91",
      "s" : "buy",
      "i" : "ETH_PYUSD",
      "m" : "4611686018430105606"
    }, {
      "d" : "1756454339986825938",
      "t" : 1756454339986,
      "tn" : 1756454339986825938,
      "q" : "0.0004",
      "p" : "4369.91",
      "s" : "buy",
      "i" : "ETH_PYUSD",
      "m" : "4611686018430105605"
    }, {
      "d" : "1756453461725436648",
      "t" : 1756453461725,
      "tn" : 1756453461725436648,
      "q" : "0.0003",
      "p" : "4388.14",
      "s" : "sell",
      "i" : "ETH_PYUSD",
      "m" : "4611686018430105604"
    }, {
      "d" : "1756453453505026226",
      "t" : 1756453453505,
      "tn" : 1756453453505026226,
      "q" : "0.0019",
      "p" : "4388.16",
      "s" : "sell",
      "i" : "ETH_PYUSD",
      "m" : "4611686018430105603"
    }, {
      "d" : "1756453452999262166",
      "t" : 1756453452999,
      "tn" : 1756453452999262166,
      "q" : "0.0009",
      "p" : "4388.16",
      "s" : "sell",
      "i" : "ETH_PYUSD",
      "m" : "4611686018430105602"
    }, {
      "d" : "1756453452381933057",
      "t" : 1756453452381,
      "tn" : 1756453452381933057,
      "q" : "0.0009",
      "p" : "4388.16",
      "s" : "sell",
      "i" : "ETH_PYUSD",
      "m" : "4611686018430105601"
    }, {
      "d" : "1756452865106132188",
      "t" : 1756452865106,
      "tn" : 1756452865106132188,
      "q" : "0.0055",
      "p" : "4393.01",
      "s" : "sell",
      "i" : "ETH_PYUSD",
      "m" : "4611686018430105600"
    }, {
      "d" : "1756452612300521140",
      "t" : 1756452612300,
      "tn" : 1756452612300521140,
      "q" : "0.0004",
      "p" : "4386.74",
      "s" : "buy",
      "i" : "ETH_PYUSD",
      "m" : "4611686018430105599"
    }, {
      "d" : "1756452432442537852",
      "t" : 1756452432442,
      "tn" : 1756452432442537852,
      "q" : "0.0004",
      "p" : "4381.25",
      "s" : "buy",
      "i" : "ETH_PYUSD",
      "m" : "4611686018430105598"
    }, {
      "d" : "1756452432150206883",
      "t" : 1756452432150,
      "tn" : 1756452432150206883,
      "q" : "0.0015",
      "p" : "4381.24",
      "s" : "buy",
      "i" : "ETH_PYUSD",
      "m" : "4611686018430105597"
    }, {
      "d" : "1756452432140448356",
      "t" : 1756452432140,
      "tn" : 1756452432140448356,
      "q" : "0.0240",
      "p" : "4381.24",
      "s" : "buy",
      "i" : "ETH_PYUSD",
      "m" : "4611686018430105596"
    }, {
      "d" : "1756452432132202324",
      "t" : 1756452432132,
      "tn" : 1756452432132202324,
      "q" : "0.0015",
      "p" : "4381.24",
      "s" : "buy",
      "i" : "ETH_PYUSD",
      "m" : "4611686018430105595"
    }, {
      "d" : "1756452432129394831",
      "t" : 1756452432129,
      "tn" : 1756452432129394831,
      "q" : "0.0240",
      "p" : "4381.24",
      "s" : "buy",
      "i" : "ETH_PYUSD",
      "m" : "4611686018430105594"
    }, {
      "d" : "1756452432116562993",
      "t" : 1756452432116,
      "tn" : 1756452432116562993,
      "q" : "0.0015",
      "p" : "4381.24",
      "s" : "buy",
      "i" : "ETH_PYUSD",
      "m" : "4611686018430105593"
    }, {
      "d" : "1756452432116130767",
      "t" : 1756452432116,
      "tn" : 1756452432116130767,
      "q" : "0.0240",
      "p" : "4381.24",
      "s" : "buy",
      "i" : "ETH_PYUSD",
      "m" : "4611686018430105592"
    }, {
      "d" : "1756452432097857104",
      "t" : 1756452432097,
      "tn" : 1756452432097857104,
      "q" : "0.0027",
      "p" : "4381.24",
      "s" : "buy",
      "i" : "ETH_PYUSD",
      "m" : "4611686018430105591"
    }, {
      "d" : "1756452432089112936",
      "t" : 1756452432089,
      "tn" : 1756452432089112936,
      "q" : "0.0027",
      "p" : "4381.24",
      "s" : "buy",
      "i" : "ETH_PYUSD",
      "m" : "4611686018430105590"
    }, {
      "d" : "1756452432077529679",
      "t" : 1756452432077,
      "tn" : 1756452432077529679,
      "q" : "0.0027",
      "p" : "4381.24",
      "s" : "buy",
      "i" : "ETH_PYUSD",
      "m" : "4611686018430105589"
    }, {
      "d" : "1756452432069234009",
      "t" : 1756452432069,
      "tn" : 1756452432069234009,
      "q" : "0.0027",
      "p" : "4381.24",
      "s" : "buy",
      "i" : "ETH_PYUSD",
      "m" : "4611686018430105588"
    }, {
      "d" : "1756452432060119110",
      "t" : 1756452432060,
      "tn" : 1756452432060119110,
      "q" : "0.0027",
      "p" : "4381.24",
      "s" : "buy",
      "i" : "ETH_PYUSD",
      "m" : "4611686018430105587"
    }, {
      "d" : "1756452418784250714",
      "t" : 1756452418784,
      "tn" : 1756452418784250714,
      "q" : "0.0043",
      "p" : "4378.96",
      "s" : "buy",
      "i" : "ETH_PYUSD",
      "m" : "4611686018430105586"
    }, {
      "d" : "1756452260756146076",
      "t" : 1756452260756,
      "tn" : 1756452260756146076,
      "q" : "0.0014",
      "p" : "4383.74",
      "s" : "sell",
      "i" : "ETH_PYUSD",
      "m" : "4611686018430105585"
    }, {
      "d" : "1756452260755823984",
      "t" : 1756452260755,
      "tn" : 1756452260755823984,
      "q" : "0.0007",
      "p" : "4383.74",
      "s" : "sell",
      "i" : "ETH_PYUSD",
      "m" : "4611686018430105584"
    }, {
      "d" : "1756452260751888455",
      "t" : 1756452260751,
      "tn" : 1756452260751888455,
      "q" : "0.0007",
      "p" : "4383.74",
      "s" : "sell",
      "i" : "ETH_PYUSD",
      "m" : "4611686018430105583"
    }, {
      "d" : "1756452008561638248",
      "t" : 1756452008561,
      "tn" : 1756452008561638248,
      "q" : "0.0004",
      "p" : "4390.19",
      "s" : "buy",
      "i" : "ETH_PYUSD",
      "m" : "4611686018430105582"
    }, {
      "d" : "1756451954817117014",
      "t" : 1756451954817,
      "tn" : 1756451954817117014,
      "q" : "0.0007",
      "p" : "4385.17",
      "s" : "buy",
      "i" : "ETH_PYUSD",
      "m" : "4611686018430105581"
    }, {
      "d" : "1756451757953581427",
      "t" : 1756451757953,
      "tn" : 1756451757953581427,
      "q" : "0.0003",
      "p" : "4397.51",
      "s" : "sell",
      "i" : "ETH_PYUSD",
      "m" : "4611686018430105580"
    }, {
      "d" : "1756451712506457461",
      "t" : 1756451712506,
      "tn" : 1756451712506457461,
      "q" : "0.0005",
      "p" : "4397.52",
      "s" : "buy",
      "i" : "ETH_PYUSD",
      "m" : "4611686018430105579"
    }, {
      "d" : "1756451712146273568",
      "t" : 1756451712146,
      "tn" : 1756451712146273568,
      "q" : "0.0005",
      "p" : "4397.50",
      "s" : "buy",
      "i" : "ETH_PYUSD",
      "m" : "4611686018430105578"
    }, {
      "d" : "1756451688577643133",
      "t" : 1756451688577,
      "tn" : 1756451688577643133,
      "q" : "0.0030",
      "p" : "4396.46",
      "s" : "buy",
      "i" : "ETH_PYUSD",
      "m" : "4611686018430105577"
    }, {
      "d" : "1756451673874301818",
      "t" : 1756451673874,
      "tn" : 1756451673874301818,
      "q" : "0.0005",
      "p" : "4394.54",
      "s" : "buy",
      "i" : "ETH_PYUSD",
      "m" : "4611686018430105576"
    }, {
      "d" : "1756451673783265118",
      "t" : 1756451673783,
      "tn" : 1756451673783265118,
      "q" : "0.0022",
      "p" : "4393.45",
      "s" : "buy",
      "i" : "ETH_PYUSD",
      "m" : "4611686018430105575"
    }, {
      "d" : "1756451673732737395",
      "t" : 1756451673732,
      "tn" : 1756451673732737395,
      "q" : "0.0022",
      "p" : "4393.45",
      "s" : "buy",
      "i" : "ETH_PYUSD",
      "m" : "4611686018430105574"
    }, {
      "d" : "1756451673718339815",
      "t" : 1756451673718,
      "tn" : 1756451673718339815,
      "q" : "0.0022",
      "p" : "4393.45",
      "s" : "buy",
      "i" : "ETH_PYUSD",
      "m" : "4611686018430105573"
    }, {
      "d" : "1756451641088575768",
      "t" : 1756451641088,
      "tn" : 1756451641088575768,
      "q" : "0.0030",
      "p" : "4405.81",
      "s" : "buy",
      "i" : "ETH_PYUSD",
      "m" : "4611686018430105572"
    }, {
      "d" : "1756451623200129876",
      "t" : 1756451623200,
      "tn" : 1756451623200129876,
      "q" : "0.0041",
      "p" : "4398.39",
      "s" : "sell",
      "i" : "ETH_PYUSD",
      "m" : "4611686018430105571"
    }, {
      "d" : "1756451623153253415",
      "t" : 1756451623153,
      "tn" : 1756451623153253415,
      "q" : "0.0009",
      "p" : "4398.39",
      "s" : "sell",
      "i" : "ETH_PYUSD",
      "m" : "4611686018430105570"
    }, {
      "d" : "1756451409248731210",
      "t" : 1756451409248,
      "tn" : 1756451409248731210,
      "q" : "0.0003",
      "p" : "4413.73",
      "s" : "buy",
      "i" : "ETH_PYUSD",
      "m" : "4611686018430105569"
    }, {
      "d" : "1756450906448445067",
      "t" : 1756450906448,
      "tn" : 1756450906448445067,
      "q" : "0.0037",
      "p" : "4429.04",
      "s" : "buy",
      "i" : "ETH_PYUSD",
      "m" : "4611686018430105568"
    }, {
      "d" : "1756450897256595417",
      "t" : 1756450897256,
      "tn" : 1756450897256595417,
      "q" : "0.0005",
      "p" : "4425.71",
      "s" : "sell",
      "i" : "ETH_PYUSD",
      "m" : "4611686018430105567"
    }, {
      "d" : "1756450893249155209",
      "t" : 1756450893249,
      "tn" : 1756450893249155209,
      "q" : "0.2831",
      "p" : "4435.37",
      "s" : "sell",
      "i" : "ETH_PYUSD",
      "m" : "4611686018430105566"
    }, {
      "d" : "1756450893217402772",
      "t" : 1756450893217,
      "tn" : 1756450893217402772,
      "q" : "0.0014",
      "p" : "4435.37",
      "s" : "sell",
      "i" : "ETH_PYUSD",
      "m" : "4611686018430105565"
    }, {
      "d" : "1756450893214349985",
      "t" : 1756450893214,
      "tn" : 1756450893214349985,
      "q" : "0.0007",
      "p" : "4435.37",
      "s" : "sell",
      "i" : "ETH_PYUSD",
      "m" : "4611686018430105564"
    }, {
      "d" : "1756450885501174823",
      "t" : 1756450885501,
      "tn" : 1756450885501174823,
      "q" : "0.0014",
      "p" : "4445.06",
      "s" : "sell",
      "i" : "ETH_PYUSD",
      "m" : "4611686018430105563"
    }, {
      "d" : "1756450885483628151",
      "t" : 1756450885483,
      "tn" : 1756450885483628151,
      "q" : "0.0370",
      "p" : "4445.06",
      "s" : "sell",
      "i" : "ETH_PYUSD",
      "m" : "4611686018430105562"
    }, {
      "d" : "1756449773740771451",
      "t" : 1756449773740,
      "tn" : 1756449773740771451,
      "q" : "0.0056",
      "p" : "4467.85",
      "s" : "buy",
      "i" : "ETH_PYUSD",
      "m" : "4611686018430105561"
    }, {
      "d" : "1756449684961895300",
      "t" : 1756449684961,
      "tn" : 1756449684961895300,
      "q" : "0.0005",
      "p" : "4455.58",
      "s" : "buy",
      "i" : "ETH_PYUSD",
      "m" : "4611686018430105560"
    }, {
      "d" : "1756449526745374362",
      "t" : 1756449526745,
      "tn" : 1756449526745374362,
      "q" : "0.0019",
      "p" : "4451.96",
      "s" : "sell",
      "i" : "ETH_PYUSD",
      "m" : "4611686018430105559"
    }, {
      "d" : "1756449047535855737",
      "t" : 1756449047535,
      "tn" : 1756449047535855737,
      "q" : "0.0009",
      "p" : "4451.66",
      "s" : "sell",
      "i" : "ETH_PYUSD",
      "m" : "4611686018430105558"
    }, {
      "d" : "1756448138342708292",
      "t" : 1756448138342,
      "tn" : 1756448138342708292,
      "q" : "0.0006",
      "p" : "4461.09",
      "s" : "sell",
      "i" : "ETH_PYUSD",
      "m" : "4611686018430105557"
    }, {
      "d" : "1756448138341867397",
      "t" : 1756448138341,
      "tn" : 1756448138341867397,
      "q" : "0.0013",
      "p" : "4461.09",
      "s" : "sell",
      "i" : "ETH_PYUSD",
      "m" : "4611686018430105556"
    }, {
      "d" : "1756448138341864381",
      "t" : 1756448138341,
      "tn" : 1756448138341864381,
      "q" : "0.0015",
      "p" : "4461.09",
      "s" : "sell",
      "i" : "ETH_PYUSD",
      "m" : "4611686018430105555"
    }, {
      "d" : "1756448138339288403",
      "t" : 1756448138339,
      "tn" : 1756448138339288403,
      "q" : "0.0007",
      "p" : "4461.09",
      "s" : "sell",
      "i" : "ETH_PYUSD",
      "m" : "4611686018430105554"
    }, {
      "d" : "1756448138334926544",
      "t" : 1756448138334,
      "tn" : 1756448138334926544,
      "q" : "0.0007",
      "p" : "4461.09",
      "s" : "sell",
      "i" : "ETH_PYUSD",
      "m" : "4611686018430105553"
    }, {
      "d" : "1756448138317199778",
      "t" : 1756448138317,
      "tn" : 1756448138317199778,
      "q" : "0.0022",
      "p" : "4461.09",
      "s" : "sell",
      "i" : "ETH_PYUSD",
      "m" : "4611686018430105552"
    }, {
      "d" : "1756447480091950496",
      "t" : 1756447480091,
      "tn" : 1756447480091950496,
      "q" : "0.0007",
      "p" : "4470.12",
      "s" : "sell",
      "i" : "ETH_PYUSD",
      "m" : "4611686018430105551"
    }, {
      "d" : "1756446791297398838",
      "t" : 1756446791297,
      "tn" : 1756446791297398838,
      "q" : "0.0020",
      "p" : "4469.87",
      "s" : "sell",
      "i" : "ETH_PYUSD",
      "m" : "4611686018430105550"
    }, {
      "d" : "1756445749497767555",
      "t" : 1756445749497,
      "tn" : 1756445749497767555,
      "q" : "0.0227",
      "p" : "4469.87",
      "s" : "sell",
      "i" : "ETH_PYUSD",
      "m" : "4611686018430105549"
    }, {
      "d" : "1756445748727481567",
      "t" : 1756445748727,
      "tn" : 1756445748727481567,
      "q" : "0.0455",
      "p" : "4469.87",
      "s" : "sell",
      "i" : "ETH_PYUSD",
      "m" : "4611686018430105548"
    }, {
      "d" : "1756445626217659709",
      "t" : 1756445626217,
      "tn" : 1756445626217659709,
      "q" : "0.0369",
      "p" : "4472.54",
      "s" : "sell",
      "i" : "ETH_PYUSD",
      "m" : "4611686018430105547"
    }, {
      "d" : "1756445625758923335",
      "t" : 1756445625758,
      "tn" : 1756445625758923335,
      "q" : "0.0009",
      "p" : "4472.54",
      "s" : "sell",
      "i" : "ETH_PYUSD",
      "m" : "4611686018430105546"
    }, {
      "d" : "1756445116266490466",
      "t" : 1756445116266,
      "tn" : 1756445116266490466,
      "q" : "0.0206",
      "p" : "4468.92",
      "s" : "sell",
      "i" : "ETH_PYUSD",
      "m" : "4611686018430105545"
    }, {
      "d" : "1756445115681750475",
      "t" : 1756445115681,
      "tn" : 1756445115681750475,
      "q" : "0.0407",
      "p" : "4468.92",
      "s" : "sell",
      "i" : "ETH_PYUSD",
      "m" : "4611686018430105544"
    }, {
      "d" : "1756444627125138013",
      "t" : 1756444627125,
      "tn" : 1756444627125138013,
      "q" : "0.0496",
      "p" : "4471.20",
      "s" : "sell",
      "i" : "ETH_PYUSD",
      "m" : "4611686018430105543"
    }, {
      "d" : "1756443394569084696",
      "t" : 1756443394569,
      "tn" : 1756443394569084696,
      "q" : "0.0004",
      "p" : "4474.61",
      "s" : "sell",
      "i" : "ETH_PYUSD",
      "m" : "4611686018430105542"
    }, {
      "d" : "1756443394569082941",
      "t" : 1756443394569,
      "tn" : 1756443394569082941,
      "q" : "0.0005",
      "p" : "4474.62",
      "s" : "sell",
      "i" : "ETH_PYUSD",
      "m" : "4611686018430105541"
    }, {
      "d" : "1756438672161178797",
      "t" : 1756438672161,
      "tn" : 1756438672161178797,
      "q" : "0.2879",
      "p" : "4490.32",
      "s" : "buy",
      "i" : "ETH_PYUSD",
      "m" : "4611686018430105540"
    }, {
      "d" : "1756433709695984767",
      "t" : 1756433709695,
      "tn" : 1756433709695984767,
      "q" : "0.0005",
      "p" : "4490.55",
      "s" : "sell",
      "i" : "ETH_PYUSD",
      "m" : "4611686018430105539"
    }, {
      "d" : "1756433708570027869",
      "t" : 1756433708570,
      "tn" : 1756433708570027869,
      "q" : "0.0009",
      "p" : "4490.55",
      "s" : "sell",
      "i" : "ETH_PYUSD",
      "m" : "4611686018430105538"
    }, {
      "d" : "1756433708570024768",
      "t" : 1756433708570,
      "tn" : 1756433708570024768,
      "q" : "0.0007",
      "p" : "4490.56",
      "s" : "sell",
      "i" : "ETH_PYUSD",
      "m" : "4611686018430105537"
    }, {
      "d" : "1756433707768782655",
      "t" : 1756433707768,
      "tn" : 1756433707768782654,
      "q" : "0.0020",
      "p" : "4490.56",
      "s" : "sell",
      "i" : "ETH_PYUSD",
      "m" : "4611686018430105536"
    }, {
      "d" : "1756433707768782654",
      "t" : 1756433707768,
      "tn" : 1756433707768782654,
      "q" : "0.0013",
      "p" : "4490.56",
      "s" : "sell",
      "i" : "ETH_PYUSD",
      "m" : "4611686018430105536"
    }, {
      "d" : "1756433641449164490",
      "t" : 1756433641449,
      "tn" : 1756433641449164490,
      "q" : "0.0005",
      "p" : "4485.72",
      "s" : "buy",
      "i" : "ETH_PYUSD",
      "m" : "4611686018430105535"
    }, {
      "d" : "1756433641449162353",
      "t" : 1756433641449,
      "tn" : 1756433641449162353,
      "q" : "0.0002",
      "p" : "4485.71",
      "s" : "buy",
      "i" : "ETH_PYUSD",
      "m" : "4611686018430105534"
    }, {
      "d" : "1756433631617530026",
      "t" : 1756433631617,
      "tn" : 1756433631617530026,
      "q" : "0.0003",
      "p" : "4485.71",
      "s" : "buy",
      "i" : "ETH_PYUSD",
      "m" : "4611686018430105533"
    }, {
      "d" : "1756433606102015803",
      "t" : 1756433606102,
      "tn" : 1756433606102015803,
      "q" : "0.2852",
      "p" : "4474.85",
      "s" : "buy",
      "i" : "ETH_PYUSD",
      "m" : "4611686018430105532"
    }, {
      "d" : "1756433606097645502",
      "t" : 1756433606097,
      "tn" : 1756433606097645502,
      "q" : "0.0014",
      "p" : "4474.85",
      "s" : "buy",
      "i" : "ETH_PYUSD",
      "m" : "4611686018430105531"
    }, {
      "d" : "1756432876212517466",
      "t" : 1756432876212,
      "tn" : 1756432876212517466,
      "q" : "0.0009",
      "p" : "4453.36",
      "s" : "sell",
      "i" : "ETH_PYUSD",
      "m" : "4611686018430105530"
    }, {
      "d" : "1756432875655248148",
      "t" : 1756432875655,
      "tn" : 1756432875655248148,
      "q" : "0.0009",
      "p" : "4453.36",
      "s" : "sell",
      "i" : "ETH_PYUSD",
      "m" : "4611686018430105529"
    }, {
      "d" : "1756432875082063162",
      "t" : 1756432875082,
      "tn" : 1756432875082063162,
      "q" : "0.0015",
      "p" : "4453.35",
      "s" : "sell",
      "i" : "ETH_PYUSD",
      "m" : "4611686018430105528"
    }, {
      "d" : "1756432874457663786",
      "t" : 1756432874457,
      "tn" : 1756432874457663786,
      "q" : "0.0030",
      "p" : "4453.35",
      "s" : "sell",
      "i" : "ETH_PYUSD",
      "m" : "4611686018430105527"
    }, {
      "d" : "1756432189560726188",
      "t" : 1756432189560,
      "tn" : 1756432189560726188,
      "q" : "0.0003",
      "p" : "4461.31",
      "s" : "buy",
      "i" : "ETH_PYUSD",
      "m" : "4611686018430105526"
    }, {
      "d" : "1756431664148902940",
      "t" : 1756431664148,
      "tn" : 1756431664148902940,
      "q" : "0.0003",
      "p" : "4464.86",
      "s" : "buy",
      "i" : "ETH_PYUSD",
      "m" : "4611686018430105525"
    }, {
      "d" : "1756431615714158705",
      "t" : 1756431615714,
      "tn" : 1756431615714158705,
      "q" : "0.0003",
      "p" : "4464.90",
      "s" : "buy",
      "i" : "ETH_PYUSD",
      "m" : "4611686018430105524"
    }, {
      "d" : "1756431468458887365",
      "t" : 1756431468458,
      "tn" : 1756431468458887365,
      "q" : "0.0004",
      "p" : "4454.07",
      "s" : "buy",
      "i" : "ETH_PYUSD",
      "m" : "4611686018430105523"
    }, {
      "d" : "1756431468350710047",
      "t" : 1756431468350,
      "tn" : 1756431468350710047,
      "q" : "0.0004",
      "p" : "4454.06",
      "s" : "buy",
      "i" : "ETH_PYUSD",
      "m" : "4611686018430105522"
    }, {
      "d" : "1756431014122433951",
      "t" : 1756431014122,
      "tn" : 1756431014122433951,
      "q" : "0.0005",
      "p" : "4451.63",
      "s" : "buy",
      "i" : "ETH_PYUSD",
      "m" : "4611686018430105521"
    }, {
      "d" : "1756430882627861722",
      "t" : 1756430882627,
      "tn" : 1756430882627861722,
      "q" : "0.0005",
      "p" : "4448.13",
      "s" : "buy",
      "i" : "ETH_PYUSD",
      "m" : "4611686018430105520"
    }, {
      "d" : "1756430806185868500",
      "t" : 1756430806185,
      "tn" : 1756430806185868500,
      "q" : "0.0031",
      "p" : "4449.65",
      "s" : "buy",
      "i" : "ETH_PYUSD",
      "m" : "4611686018430105519"
    }, {
      "d" : "1756430595484074870",
      "t" : 1756430595484,
      "tn" : 1756430595484074870,
      "q" : "0.0003",
      "p" : "4434.59",
      "s" : "sell",
      "i" : "ETH_PYUSD",
      "m" : "4611686018430105518"
    }, {
      "d" : "1756430594368905844",
      "t" : 1756430594368,
      "tn" : 1756430594368905844,
      "q" : "0.0005",
      "p" : "4442.65",
      "s" : "sell",
      "i" : "ETH_PYUSD",
      "m" : "4611686018430105517"
    }, {
      "d" : "1756430456693951872",
      "t" : 1756430456693,
      "tn" : 1756430456693951872,
      "q" : "0.0006",
      "p" : "4445.37",
      "s" : "sell",
      "i" : "ETH_PYUSD",
      "m" : "4611686018430105516"
    }, {
      "d" : "1756430456114421478",
      "t" : 1756430456114,
      "tn" : 1756430456114421478,
      "q" : "0.0017",
      "p" : "4445.38",
      "s" : "sell",
      "i" : "ETH_PYUSD",
      "m" : "4611686018430105515"
    }, {
      "d" : "1756430456109109365",
      "t" : 1756430456109,
      "tn" : 1756430456109109365,
      "q" : "0.0070",
      "p" : "4445.38",
      "s" : "sell",
      "i" : "ETH_PYUSD",
      "m" : "4611686018430105514"
    }, {
      "d" : "1756430456105319400",
      "t" : 1756430456105,
      "tn" : 1756430456105319400,
      "q" : "0.0014",
      "p" : "4445.38",
      "s" : "sell",
      "i" : "ETH_PYUSD",
      "m" : "4611686018430105513"
    }, {
      "d" : "1756430456094863073",
      "t" : 1756430456094,
      "tn" : 1756430456094863073,
      "q" : "0.0014",
      "p" : "4445.38",
      "s" : "sell",
      "i" : "ETH_PYUSD",
      "m" : "4611686018430105512"
    }, {
      "d" : "1756430456089935368",
      "t" : 1756430456089,
      "tn" : 1756430456089935368,
      "q" : "0.0014",
      "p" : "4445.38",
      "s" : "sell",
      "i" : "ETH_PYUSD",
      "m" : "4611686018430105511"
    }, {
      "d" : "1756430456084319427",
      "t" : 1756430456084,
      "tn" : 1756430456084319427,
      "q" : "0.0014",
      "p" : "4445.38",
      "s" : "sell",
      "i" : "ETH_PYUSD",
      "m" : "4611686018430105510"
    }, {
      "d" : "1756430456076299842",
      "t" : 1756430456076,
      "tn" : 1756430456076299842,
      "q" : "0.0014",
      "p" : "4445.38",
      "s" : "sell",
      "i" : "ETH_PYUSD",
      "m" : "4611686018430105509"
    }, {
      "d" : "1756430455570398251",
      "t" : 1756430455570,
      "tn" : 1756430455570398251,
      "q" : "0.0014",
      "p" : "4445.38",
      "s" : "sell",
      "i" : "ETH_PYUSD",
      "m" : "4611686018430105508"
    }, {
      "d" : "1756430455065824905",
      "t" : 1756430455065,
      "tn" : 1756430455065824905,
      "q" : "0.0027",
      "p" : "4445.38",
      "s" : "sell",
      "i" : "ETH_PYUSD",
      "m" : "4611686018430105507"
    }, {
      "d" : "1756430455058484671",
      "t" : 1756430455058,
      "tn" : 1756430455058484671,
      "q" : "0.0027",
      "p" : "4445.38",
      "s" : "sell",
      "i" : "ETH_PYUSD",
      "m" : "4611686018430105506"
    }, {
      "d" : "1756430455050409956",
      "t" : 1756430455050,
      "tn" : 1756430455050409956,
      "q" : "0.0027",
      "p" : "4445.38",
      "s" : "sell",
      "i" : "ETH_PYUSD",
      "m" : "4611686018430105505"
    }, {
      "d" : "1756430238319982346",
      "t" : 1756430238319,
      "tn" : 1756430238319982346,
      "q" : "0.0009",
      "p" : "4460.99",
      "s" : "sell",
      "i" : "ETH_PYUSD",
      "m" : "4611686018430105504"
    }, {
      "d" : "1756430237853376510",
      "t" : 1756430237853,
      "tn" : 1756430237853376510,
      "q" : "0.0009",
      "p" : "4460.99",
      "s" : "sell",
      "i" : "ETH_PYUSD",
      "m" : "4611686018430105503"
    }, {
      "d" : "1756430227369502351",
      "t" : 1756430227369,
      "tn" : 1756430227369502351,
      "q" : "0.0036",
      "p" : "4462.67",
      "s" : "sell",
      "i" : "ETH_PYUSD",
      "m" : "4611686018430105502"
    }, {
      "d" : "1756429827269229161",
      "t" : 1756429827269,
      "tn" : 1756429827269229161,
      "q" : "0.0004",
      "p" : "4469.28",
      "s" : "sell",
      "i" : "ETH_PYUSD",
      "m" : "4611686018430105501"
    }, {
      "d" : "1756429704325692570",
      "t" : 1756429704325,
      "tn" : 1756429704325692570,
      "q" : "0.0027",
      "p" : "4473.41",
      "s" : "sell",
      "i" : "ETH_PYUSD",
      "m" : "4611686018430105500"
    } ]
  }
}