{
  "id" : -1,
  "method" : "public/get-trades",
  "code" : 0,
  "result" : {
    "data" : [ {
      "d" : "1756460893687440571",
      "t" : 1756460893687,
      "tn" : 1756460893687440570,
      "q" : "0.0631",
      "p" : "0.039455",
      "s" : "sell",
      "i" : "ETH_BTC",
      "m" : "4611686018439192999"
    }, {
      "d" : "1756460893687440570",
      "t" : 1756460893687,
      "tn" : 1756460893687440570,
      "q" : "0.1189",
      "p" : "0.039455",
      "s" : "sell",
      "i" : "ETH_BTC",
      "m" : "4611686018439192999"
    }, {
      "d" : "1756460893523760041",
      "t" : 1756460893523,
      "tn" : 1756460893523760040,
      "q" : "0.1189",
      "p" : "0.039456",
      "s" : "sell",
      "i" : "ETH_BTC",
      "m" : "4611686018439192998"
    }, {
      "d" : "1756460893523760040",
      "t" : 1756460893523,
      "tn" : 1756460893523760040,
      "q" : "0.0177",
      "p" : "0.039456",
      "s" : "sell",
      "i" : "ETH_BTC",
      "m" : "4611686018439192998"
    }, {
      "d" : "1756460893422593263",
      "t" : 1756460893422,
      "tn" : 1756460893422593263,
      "q" : "0.1189",
      "p" : "0.039457",
      "s" : "sell",
      "i" : "ETH_BTC",
      "m" : "4611686018439192997"
    }, {
      "d" : "1756460890166665250",
      "t" : 1756460890166,
      "tn" : 1756460890166665250,
      "q" : "0.0051",
      "p" : "0.039440",
      "s" : "buy",
      "i" : "ETH_BTC",
      "m" : "4611686018439192996"
    }, {
      "d" : "1756460890163512951",
      "t" : 1756460890163,
      "tn" : 1756460890163512951,
      "q" : "0.0006",
      "p" : "0.039436",
      "s" : "buy",
      "i" : "ETH_BTC",
      "m" : "4611686018439192995"
    }, {
      "d" : "1756460882086586406",
      "t" : 1756460882086,
      "tn" : 1756460882086586406,
      "q" : "0.1189",
      "p" : "0.039435",
      "s" : "sell",
      "i" : "ETH_BTC",
      "m" : "4611686018439192994"
    }, {
      "d" : "1756460881570128093",
      "t" : 1756460881570,
      "tn" : 1756460881570128093,
      "q" : "0.1189",
      "p" : "0.039435",
      "s" : "sell",
      "i" : "ETH_BTC",
      "m" : "4611686018439192993"
    }, {
      "d" : "1756460881468691571",
      "t" : 1756460881468,
      "tn" : 1756460881468691571,
      "q" : "0.0916",
      "p" : "0.039435",
      "s" : "sell",
      "i" : "ETH_BTC",
      "m" : "4611686018439192992"
    }, {
      "d" : "1756460881089287581",
      "t" : 1756460881089,
      "tn" : 1756460881089287580,
      "q" : "0.0227",
      "p" : "0.039434",
      "s" : "sell",
      "i" : "ETH_BTC",
      "m" : "4611686018439192991"
    }, {
      "d" : "1756460881089287580",
      "t" : 1756460881089,
      "tn" : 1756460881089287580,
      "q" : "0.1189",
      "p" : "0.039434",
      "s" : "sell",
      "i" : "ETH_BTC",
      "m" : "4611686018439192991"
    }, {
      "d" : "1756460877724635040",
      "t" : 1756460877724,
      "tn" : 1756460877724635039,
      "q" : "0.0087",
      "p" : "0.039434",
      "s" : "sell",
      "i" : "ETH_BTC",
      "m" : "4611686018439192990"
    }, {
      "d" : "1756460877724635039",
      "t" : 1756460877724,
      "tn" : 1756460877724635039,
      "q" : "0.1189",
      "p" : "0.039434",
      "s" : "sell",
      "i" : "ETH_BTC",
      "m" : "4611686018439192990"
    }, {
      "d" : "1756460864501766587",
      "t" : 1756460864501,
      "tn" : 1756460864501766587,
      "q" : "0.1189",
      "p" : "0.039434",
      "s" : "sell",
      "i" : "ETH_BTC",
      "m" : "4611686018439192989"
    }, {
      "d" : "1756460861524720763",
      "t" : 1756460861524,
      "tn" : 1756460861524720763,
      "q" : "0.1189",
      "p" : "0.039433",
      "s" : "sell",
      "i" : "ETH_BTC",
      "m" : "4611686018439192988"
    }, {
      "d" : "1756460861408520589",
      "t" : 1756460861408,
      "tn" : 1756460861408520589,
      "q" : "0.1189",
      "p" : "0.039433",
      "s" : "sell",
      "i" : "ETH_BTC",
      "m" : "4611686018439192987"
    }, {
      "d" : "1756460861296721982",
      "t" : 1756460861296,
      "tn" : 1756460861296721982,
      "q" : "0.0916",
      "p" : "0.039433",
      "s" : "sell",
      "i" : "ETH_BTC",
      "m" : "4611686018439192986"
    }, {
      "d" : "1756460860100315361",
      "t" : 1756460860100,
      "tn" : 1756460860100315360,
      "q" : "0.0916",
      "p" : "0.039433",
      "s" : "sell",
      "i" : "ETH_BTC",
      "m" : "4611686018439192985"
    }, {
      "d" : "1756460860100315360",
      "t" : 1756460860100,
      "tn" : 1756460860100315360,
      "q" : "0.0273",
      "p" : "0.039433",
      "s" : "sell",
      "i" : "ETH_BTC",
      "m" : "4611686018439192985"
    }, {
      "d" : "1756460859994709086",
      "t" : 1756460859994,
      "tn" : 1756460859994709086,
      "q" : "0.0916",
      "p" : "0.039433",
      "s" : "sell",
      "i" : "ETH_BTC",
      "m" : "4611686018439192984"
    }, {
      "d" : "1756460858391125747",
      "t" : 1756460858391,
      "tn" : 1756460858391125747,
      "q" : "0.0750",
      "p" : "0.039425",
      "s" : "buy",
      "i" : "ETH_BTC",
      "m" : "4611686018439192983"
    }, {
      "d" : "1756460858390356863",
      "t" : 1756460858390,
      "tn" : 1756460858390356863,
      "q" : "0.0434",
      "p" : "0.039425",
      "s" : "buy",
      "i" : "ETH_BTC",
      "m" : "4611686018439192982"
    }, {
      "d" : "1756460858385983458",
      "t" : 1756460858385,
      "tn" : 1756460858385983458,
      "q" : "0.0583",
      "p" : "0.039425",
      "s" : "buy",
      "i" : "ETH_BTC",
      "m" : "4611686018439192981"
    }, {
      "d" : "1756460858344802331",
      "t" : 1756460858344,
      "tn" : 1756460858344802331,
      "q" : "0.0916",
      "p" : "0.039425",
      "s" : "buy",
      "i" : "ETH_BTC",
      "m" : "4611686018439192980"
    }, {
      "d" : "1756460858338215677",
      "t" : 1756460858338,
      "tn" : 1756460858338215677,
      "q" : "0.0916",
      "p" : "0.039425",
      "s" : "buy",
      "i" : "ETH_BTC",
      "m" : "4611686018439192979"
    }, {
      "d" : "1756460858330981633",
      "t" : 1756460858330,
      "tn" : 1756460858330981633,
      "q" : "0.0916",
      "p" : "0.039425",
      "s" : "buy",
      "i" : "ETH_BTC",
      "m" : "4611686018439192978"
    }, {
      "d" : "1756460858320330167",
      "t" : 1756460858320,
      "tn" : 1756460858320330167,
      "q" : "0.0916",
      "p" : "0.039425",
      "s" : "buy",
      "i" : "ETH_BTC",
      "m" : "4611686018439192977"
    }, {
      "d" : "1756460858304739308",
      "t" : 1756460858304,
      "tn" : 1756460858304739308,
      "q" : "0.0916",
      "p" : "0.039425",
      "s" : "buy",
      "i" : "ETH_BTC",
      "m" : "4611686018439192976"
    }, {
      "d" : "1756460858240720017",
      "t" : 1756460858240,
      "tn" : 1756460858240720017,
      "q" : "0.0008",
      "p" : "0.039424",
      "s" : "buy",
      "i" : "ETH_BTC",
      "m" : "4611686018439192975"
    }, {
      "d" : "1756460845320262004",
      "t" : 1756460845320,
      "tn" : 1756460845320262004,
      "q" : "0.0042",
      "p" : "0.039422",
      "s" : "sell",
      "i" : "ETH_BTC",
      "m" : "4611686018439192974"
    }, {
      "d" : "1756460831812550970",
      "t" : 1756460831812,
      "tn" : 1756460831812550970,
      "q" : "1.6907",
      "p" : "0.039417",
      "s" : "sell",
      "i" : "ETH_BTC",
      "m" : "4611686018439192973"
    }, {
      "d" : "1756460831812549185",
      "t" : 1756460831812,
      "tn" : 1756460831812549184,
      "q" : "0.0916",
      "p" : "0.039418",
      "s" : "sell",
      "i" : "ETH_BTC",
      "m" : "4611686018439192972"
    }, {
      "d" : "1756460831812549184",
      "t" : 1756460831812,
      "tn" : 1756460831812549184,
      "q" : "0.1189",
      "p" : "0.039418",
      "s" : "sell",
      "i" : "ETH_BTC",
      "m" : "4611686018439192972"
    }, {
      "d" : "1756460822054790818",
      "t" : 1756460822054,
      "tn" : 1756460822054790817,
      "q" : "1.7832",
      "p" : "0.039420",
      "s" : "sell",
      "i" : "ETH_BTC",
      "m" : "4611686018439192971"
    }, {
      "d" : "1756460822054790817",
      "t" : 1756460822054,
      "tn" : 1756460822054790817,
      "q" : "0.1189",
      "p" : "0.039420",
      "s" : "sell",
      "i" : "ETH_BTC",
      "m" : "4611686018439192971"
    }, {
      "d" : "1756460818371006921",
      "t" : 1756460818371,
      "tn" : 1756460818371006921,
      "q" : "1.7454",
      "p" : "0.039421",
      "s" : "buy",
      "i" : "ETH_BTC",
      "m" : "4611686018439192970"
    }, {
      "d" : "1756460818371004916",
      "t" : 1756460818371,
      "tn" : 1756460818371004916,
      "q" : "0.1189",
      "p" : "0.039420",
      "s" : "buy",
      "i" : "ETH_BTC",
      "m" : "4611686018439192969"
    }, {
      "d" : "1756460795235464157",
      "t" : 1756460795235,
      "tn" : 1756460795235464157,
      "q" : "0.0005",
      "p" : "0.039425",
      "s" : "buy",
      "i" : "ETH_BTC",
      "m" : "4611686018439192968"
    }, {
      "d" : "1756460777776117710",
      "t" : 1756460777776,
      "tn" : 1756460777776117709,
      "q" : "0.0797",
      "p" : "0.039426",
      "s" : "sell",
      "i" : "ETH_BTC",
      "m" : "4611686018439192967"
    }, {
      "d" : "1756460777776117709",
      "t" : 1756460777776,
      "tn" : 1756460777776117709,
      "q" : "0.0916",
      "p" : "0.039426",
      "s" : "sell",
      "i" : "ETH_BTC",
      "m" : "4611686018439192967"
    }, {
      "d" : "1756460777390046193",
      "t" : 1756460777390,
      "tn" : 1756460777390046193,
      "q" : "0.2663",
      "p" : "0.039430",
      "s" : "sell",
      "i" : "ETH_BTC",
      "m" : "4611686018439192966"
    }, {
      "d" : "1756460772559910278",
      "t" : 1756460772559,
      "tn" : 1756460772559910278,
      "q" : "0.0520",
      "p" : "0.039431",
      "s" : "buy",
      "i" : "ETH_BTC",
      "m" : "4611686018439192965"
    }, {
      "d" : "1756460768039772506",
      "t" : 1756460768039,
      "tn" : 1756460768039772506,
      "q" : "0.5140",
      "p" : "0.039438",
      "s" : "sell",
      "i" : "ETH_BTC",
      "m" : "4611686018439192964"
    }, {
      "d" : "1756460767895850291",
      "t" : 1756460767895,
      "tn" : 1756460767895850291,
      "q" : "0.3170",
      "p" : "0.039438",
      "s" : "sell",
      "i" : "ETH_BTC",
      "m" : "4611686018439192963"
    }, {
      "d" : "1756460767893002539",
      "t" : 1756460767893,
      "tn" : 1756460767893002539,
      "q" : "0.1189",
      "p" : "0.039438",
      "s" : "sell",
      "i" : "ETH_BTC",
      "m" : "4611686018439192962"
    }, {
      "d" : "1756460767891114485",
      "t" : 1756460767891,
      "tn" : 1756460767891114485,
      "q" : "0.0519",
      "p" : "0.039438",
      "s" : "sell",
      "i" : "ETH_BTC",
      "m" : "4611686018439192961"
    }, {
      "d" : "1756460756247667221",
      "t" : 1756460756247,
      "tn" : 1756460756247667220,
      "q" : "1.0376",
      "p" : "0.039439",
      "s" : "buy",
      "i" : "ETH_BTC",
      "m" : "4611686018439192960"
    }, {
      "d" : "1756460756247667220",
      "t" : 1756460756247,
      "tn" : 1756460756247667220,
      "q" : "0.0005",
      "p" : "0.039439",
      "s" : "buy",
      "i" : "ETH_BTC",
      "m" : "4611686018439192960"
    }, {
      "d" : "1756460754108440210",
      "t" : 1756460754108,
      "tn" : 1756460754108440210,
      "q" : "0.0009",
      "p" : "0.039430",
      "s" : "buy",
      "i" : "ETH_BTC",
      "m" : "4611686018439192959"
    }, {
      "d" : "1756460734121641617",
      "t" : 1756460734121,
      "tn" : 1756460734121641616,
      "q" : "0.0003",
      "p" : "0.039419",
      "s" : "buy",
      "i" : "ETH_BTC",
      "m" : "4611686018439192958"
    }, {
      "d" : "1756460734121641616",
      "t" : 1756460734121,
      "tn" : 1756460734121641616,
      "q" : "0.0012",
      "p" : "0.039419",
      "s" : "buy",
      "i" : "ETH_BTC",
      "m" : "4611686018439192958"
    }, {
      "d" : "1756460726254354206",
      "t" : 1756460726254,
      "tn" : 1756460726254354206,
      "q" : "0.0050",
      "p" : "0.039420",
      "s" : "sell",
      "i" : "ETH_BTC",
      "m" : "4611686018439192957"
    }, {
      "d" : "1756460720984202986",
      "t" : 1756460720984,
      "tn" : 1756460720984202986,
      "q" : "0.0082",
      "p" : "0.039421",
      "s" : "buy",
      "i" : "ETH_BTC",
      "m" : "4611686018439192956"
    }, {
      "d" : "1756460720510374429",
      "t" : 1756460720510,
      "tn" : 1756460720510374429,
      "q" : "0.0082",
      "p" : "0.039421",
      "s" : "buy",
      "i" : "ETH_BTC",
      "m" : "4611686018439192955"
    }, {
      "d" : "1756460719945350101",
      "t" : 1756460719945,
      "tn" : 1756460719945350101,
      "q" : "0.0082",
      "p" : "0.039421",
      "s" : "buy",
      "i" : "ETH_BTC",
      "m" : "4611686018439192954"
    }, {
      "d" : "1756460719409337844",
      "t" : 1756460719409,
      "tn" : 1756460719409337844,
      "q" : "0.0082",
      "p" : "0.039421",
      "s" : "buy",
      "i" : "ETH_BTC",
      "m" : "4611686018439192953"
    }, {
      "d" : "1756460715931055147",
      "t" : 1756460715931,
      "tn" : 1756460715931055146,
      "q" : "0.0079",
      "p" : "0.039421",
      "s" : "buy",
      "i" : "ETH_BTC",
      "m" : "4611686018439192952"
    }, {
      "d" : "1756460715931055146",
      "t" : 1756460715931,
      "tn" : 1756460715931055146,
      "q" : "0.0003",
      "p" : "0.039421",
      "s" : "buy",
      "i" : "ETH_BTC",
      "m" : "4611686018439192952"
    }, {
      "d" : "1756460715426866889",
      "t" : 1756460715426,
      "tn" : 1756460715426866888,
      "q" : "0.0079",
      "p" : "0.039421",
      "s" : "buy",
      "i" : "ETH_BTC",
      "m" : "4611686018439192951"
    }, {
      "d" : "1756460715426866888",
      "t" : 1756460715426,
      "tn" : 1756460715426866888,
      "q" : "0.0003",
      "p" : "0.039421",
      "s" : "buy",
      "i" : "ETH_BTC",
      "m" : "4611686018439192951"
    }, {
      "d" : "1756460713903627401",
      "t" : 1756460713903,
      "tn" : 1756460713903627401,
      "q" : "0.0082",
      "p" : "0.039421",
      "s" : "buy",
      "i" : "ETH_BTC",
      "m" : "4611686018439192950"
    }, {
      "d" : "1756460713528334953",
      "t" : 1756460713528,
      "tn" : 1756460713528334953,
      "q" : "0.0082",
      "p" : "0.039421",
      "s" : "buy",
      "i" : "ETH_BTC",
      "m" : "4611686018439192949"
    }, {
      "d" : "1756460712865740567",
      "t" : 1756460712865,
      "tn" : 1756460712865740567,
      "q" : "0.0082",
      "p" : "0.039421",
      "s" : "buy",
      "i" : "ETH_BTC",
      "m" : "4611686018439192948"
    }, {
      "d" : "1756460712374754357",
      "t" : 1756460712374,
      "tn" : 1756460712374754357,
      "q" : "0.0082",
      "p" : "0.039421",
      "s" : "buy",
      "i" : "ETH_BTC",
      "m" : "4611686018439192947"
    }, {
      "d" : "1756460711975461037",
      "t" : 1756460711975,
      "tn" : 1756460711975461037,
      "q" : "0.0082",
      "p" : "0.039421",
      "s" : "buy",
      "i" : "ETH_BTC",
      "m" : "4611686018439192946"
    }, {
      "d" : "1756460711118728996",
      "t" : 1756460711118,
      "tn" : 1756460711118728996,
      "q" : "0.0082",
      "p" : "0.039421",
      "s" : "buy",
      "i" : "ETH_BTC",
      "m" : "4611686018439192945"
    }, {
      "d" : "1756460710465043554",
      "t" : 1756460710465,
      "tn" : 1756460710465043554,
      "q" : "0.0082",
      "p" : "0.039421",
      "s" : "buy",
      "i" : "ETH_BTC",
      "m" : "4611686018439192944"
    }, {
      "d" : "1756460695153636632",
      "t" : 1756460695153,
      "tn" : 1756460695153636632,
      "q" : "0.1034",
      "p" : "0.039428",
      "s" : "sell",
      "i" : "ETH_BTC",
      "m" : "4611686018439192943"
    }, {
      "d" : "1756460692736973899",
      "t" : 1756460692736,
      "tn" : 1756460692736973899,
      "q" : "0.0351",
      "p" : "0.039429",
      "s" : "buy",
      "i" : "ETH_BTC",
      "m" : "4611686018439192942"
    }, {
      "d" : "1756460692456913301",
      "t" : 1756460692456,
      "tn" : 1756460692456913301,
      "q" : "0.0082",
      "p" : "0.039429",
      "s" : "sell",
      "i" : "ETH_BTC",
      "m" : "4611686018439192941"
    }, {
      "d" : "1756460672562726176",
      "t" : 1756460672562,
      "tn" : 1756460672562726176,
      "q" : "0.0253",
      "p" : "0.039432",
      "s" : "buy",
      "i" : "ETH_BTC",
      "m" : "4611686018439192940"
    }, {
      "d" : "1756460639807092283",
      "t" : 1756460639807,
      "tn" : 1756460639807092282,
      "q" : "0.0188",
      "p" : "0.039429",
      "s" : "buy",
      "i" : "ETH_BTC",
      "m" : "4611686018439192939"
    }, {
      "d" : "1756460639807092282",
      "t" : 1756460639807,
      "tn" : 1756460639807092282,
      "q" : "0.0028",
      "p" : "0.039429",
      "s" : "buy",
      "i" : "ETH_BTC",
      "m" : "4611686018439192939"
    }, {
      "d" : "1756460639252090961",
      "t" : 1756460639252,
      "tn" : 1756460639252090961,
      "q" : "0.0082",
      "p" : "0.039429",
      "s" : "buy",
      "i" : "ETH_BTC",
      "m" : "4611686018439192938"
    }, {
      "d" : "1756460638994845818",
      "t" : 1756460638994,
      "tn" : 1756460638994845818,
      "q" : "0.0082",
      "p" : "0.039429",
      "s" : "buy",
      "i" : "ETH_BTC",
      "m" : "4611686018439192937"
    }, {
      "d" : "1756460638396234839",
      "t" : 1756460638396,
      "tn" : 1756460638396234839,
      "q" : "0.0082",
      "p" : "0.039429",
      "s" : "buy",
      "i" : "ETH_BTC",
      "m" : "4611686018439192936"
    }, {
      "d" : "1756460637270096497",
      "t" : 1756460637270,
      "tn" : 1756460637270096497,
      "q" : "0.0082",
      "p" : "0.039429",
      "s" : "buy",
      "i" : "ETH_BTC",
      "m" : "4611686018439192935"
    }, {
      "d" : "1756460636865331382",
      "t" : 1756460636865,
      "tn" : 1756460636865331382,
      "q" : "0.0082",
      "p" : "0.039429",
      "s" : "buy",
      "i" : "ETH_BTC",
      "m" : "4611686018439192934"
    }, {
      "d" : "1756460636167856663",
      "t" : 1756460636167,
      "tn" : 1756460636167856663,
      "q" : "0.0082",
      "p" : "0.039429",
      "s" : "buy",
      "i" : "ETH_BTC",
      "m" : "4611686018439192933"
    }, {
      "d" : "1756460632710122576",
      "t" : 1756460632710,
      "tn" : 1756460632710122576,
      "q" : "0.0423",
      "p" : "0.039429",
      "s" : "buy",
      "i" : "ETH_BTC",
      "m" : "4611686018439192932"
    }, {
      "d" : "1756460632215582050",
      "t" : 1756460632215,
      "tn" : 1756460632215582050,
      "q" : "0.0082",
      "p" : "0.039429",
      "s" : "buy",
      "i" : "ETH_BTC",
      "m" : "4611686018439192931"
    }, {
      "d" : "1756460631652973025",
      "t" : 1756460631652,
      "tn" : 1756460631652973025,
      "q" : "0.0082",
      "p" : "0.039429",
      "s" : "buy",
      "i" : "ETH_BTC",
      "m" : "4611686018439192930"
    }, {
      "d" : "1756460631313543353",
      "t" : 1756460631313,
      "tn" : 1756460631313543353,
      "q" : "0.0082",
      "p" : "0.039429",
      "s" : "buy",
      "i" : "ETH_BTC",
      "m" : "4611686018439192929"
    }, {
      "d" : "1756460627982001984",
      "t" : 1756460627982,
      "tn" : 1756460627982001984,
      "q" : "0.0082",
      "p" : "0.039431",
      "s" : "sell",
      "i" : "ETH_BTC",
      "m" : "4611686018439192928"
    }, {
      "d" : "1756460611488937367",
      "t" : 1756460611488,
      "tn" : 1756460611488937367,
      "q" : "0.0003",
      "p" : "0.039437",
      "s" : "buy",
      "i" : "ETH_BTC",
      "m" : "4611686018439192927"
    }, {
      "d" : "1756460610197517104",
      "t" : 1756460610197,
      "tn" : 1756460610197517103,
      "q" : "0.0979",
      "p" : "0.039439",
      "s" : "buy",
      "i" : "ETH_BTC",
      "m" : "4611686018439192926"
    }, {
      "d" : "1756460610197517103",
      "t" : 1756460610197,
      "tn" : 1756460610197517103,
      "q" : "0.0003",
      "p" : "0.039439",
      "s" : "buy",
      "i" : "ETH_BTC",
      "m" : "4611686018439192926"
    }, {
      "d" : "1756460606801280852",
      "t" : 1756460606801,
      "tn" : 1756460606801280852,
      "q" : "0.1115",
      "p" : "0.039440",
      "s" : "buy",
      "i" : "ETH_BTC",
      "m" : "4611686018439192925"
    }, {
      "d" : "1756460606801279023",
      "t" : 1756460606801,
      "tn" : 1756460606801279022,
      "q" : "0.1189",
      "p" : "0.039439",
      "s" : "buy",
      "i" : "ETH_BTC",
      "m" : "4611686018439192924"
    }, {
      "d" : "1756460606801279022",
      "t" : 1756460606801,
      "tn" : 1756460606801279022,
      "q" : "0.0003",
      "p" : "0.039439",
      "s" : "buy",
      "i" : "ETH_BTC",
      "m" : "4611686018439192924"
    }, {
      "d" : "1756460605306966961",
      "t" : 1756460605306,
      "tn" : 1756460605306966959,
      "q" : "0.0227",
      "p" : "0.039440",
      "s" : "buy",
      "i" : "ETH_BTC",
      "m" : "4611686018439192923"
    }, {
      "d" : "1756460605306966960",
      "t" : 1756460605306,
      "tn" : 1756460605306966959,
      "q" : "0.0051",
      "p" : "0.039440",
      "s" : "buy",
      "i" : "ETH_BTC",
      "m" : "4611686018439192923"
    }, {
      "d" : "1756460605306966959",
      "t" : 1756460605306,
      "tn" : 1756460605306966959,
      "q" : "0.0005",
      "p" : "0.039440",
      "s" : "buy",
      "i" : "ETH_BTC",
      "m" : "4611686018439192923"
    }, {
      "d" : "1756460605306962611",
      "t" : 1756460605306,
      "tn" : 1756460605306962610,
      "q" : "0.0003",
      "p" : "0.039439",
      "s" : "buy",
      "i" : "ETH_BTC",
      "m" : "4611686018439192922"
    }, {
      "d" : "1756460605306962610",
      "t" : 1756460605306,
      "tn" : 1756460605306962610,
      "q" : "0.0250",
      "p" : "0.039439",
      "s" : "buy",
      "i" : "ETH_BTC",
      "m" : "4611686018439192922"
    }, {
      "d" : "1756460605259259040",
      "t" : 1756460605259,
      "tn" : 1756460605259259040,
      "q" : "0.0939",
      "p" : "0.039439",
      "s" : "buy",
      "i" : "ETH_BTC",
      "m" : "4611686018439192921"
    }, {
      "d" : "1756460603163113395",
      "t" : 1756460603163,
      "tn" : 1756460603163113395,
      "q" : "0.0003",
      "p" : "0.039432",
      "s" : "buy",
      "i" : "ETH_BTC",
      "m" : "4611686018439192920"
    }, {
      "d" : "1756460595168357156",
      "t" : 1756460595168,
      "tn" : 1756460595168357156,
      "q" : "0.0929",
      "p" : "0.039432",
      "s" : "buy",
      "i" : "ETH_BTC",
      "m" : "4611686018439192919"
    }, {
      "d" : "1756460592076755761",
      "t" : 1756460592076,
      "tn" : 1756460592076755761,
      "q" : "0.0003",
      "p" : "0.039432",
      "s" : "buy",
      "i" : "ETH_BTC",
      "m" : "4611686018439192918"
    }, {
      "d" : "1756460590251773641",
      "t" : 1756460590251,
      "tn" : 1756460590251773641,
      "q" : "0.0988",
      "p" : "0.039433",
      "s" : "buy",
      "i" : "ETH_BTC",
      "m" : "4611686018439192917"
    }, {
      "d" : "1756460589192889948",
      "t" : 1756460589192,
      "tn" : 1756460589192889947,
      "q" : "0.3430",
      "p" : "0.039431",
      "s" : "buy",
      "i" : "ETH_BTC",
      "m" : "4611686018439192916"
    }, {
      "d" : "1756460589192889947",
      "t" : 1756460589192,
      "tn" : 1756460589192889947,
      "q" : "0.1189",
      "p" : "0.039431",
      "s" : "buy",
      "i" : "ETH_BTC",
      "m" : "4611686018439192916"
    }, {
      "d" : "1756460588363893858",
      "t" : 1756460588363,
      "tn" : 1756460588363893858,
      "q" : "0.0050",
      "p" : "0.039440",
      "s" : "sell",
      "i" : "ETH_BTC",
      "m" : "4611686018439192915"
    }, {
      "d" : "1756460572427207049",
      "t" : 1756460572427,
      "tn" : 1756460572427207049,
      "q" : "0.0570",
      "p" : "0.039449",
      "s" : "sell",
      "i" : "ETH_BTC",
      "m" : "4611686018439192914"
    }, {
      "d" : "1756460572400899142",
      "t" : 1756460572400,
      "tn" : 1756460572400899142,
      "q" : "0.0404",
      "p" : "0.039450",
      "s" : "sell",
      "i" : "ETH_BTC",
      "m" : "4611686018439192913"
    }, {
      "d" : "1756460572392452621",
      "t" : 1756460572392,
      "tn" : 1756460572392452621,
      "q" : "0.0116",
      "p" : "0.039450",
      "s" : "sell",
      "i" : "ETH_BTC",
      "m" : "4611686018439192912"
    }, {
      "d" : "1756460563902782365",
      "t" : 1756460563902,
      "tn" : 1756460563902782365,
      "q" : "0.0520",
      "p" : "0.039453",
      "s" : "sell",
      "i" : "ETH_BTC",
      "m" : "4611686018439192911"
    }, {
      "d" : "1756460554843182596",
      "t" : 1756460554843,
      "tn" : 1756460554843182596,
      "q" : "0.1001",
      "p" : "0.039454",
      "s" : "buy",
      "i" : "ETH_BTC",
      "m" : "4611686018439192910"
    }, {
      "d" : "1756460554389775856",
      "t" : 1756460554389,
      "tn" : 1756460554389775856,
      "q" : "0.3388",
      "p" : "0.039458",
      "s" : "sell",
      "i" : "ETH_BTC",
      "m" : "4611686018439192909"
    }, {
      "d" : "1756460549705805349",
      "t" : 1756460549705,
      "tn" : 1756460549705805349,
      "q" : "0.0986",
      "p" : "0.039459",
      "s" : "buy",
      "i" : "ETH_BTC",
      "m" : "4611686018439192908"
    }, {
      "d" : "1756460544528655461",
      "t" : 1756460544528,
      "tn" : 1756460544528655461,
      "q" : "0.0947",
      "p" : "0.039467",
      "s" : "buy",
      "i" : "ETH_BTC",
      "m" : "4611686018439192907"
    }, {
      "d" : "1756460525807050439",
      "t" : 1756460525807,
      "tn" : 1756460525807050439,
      "q" : "0.0417",
      "p" : "0.039478",
      "s" : "buy",
      "i" : "ETH_BTC",
      "m" : "4611686018439192906"
    }, {
      "d" : "1756460525807049137",
      "t" : 1756460525807,
      "tn" : 1756460525807049137,
      "q" : "0.0366",
      "p" : "0.039477",
      "s" : "buy",
      "i" : "ETH_BTC",
      "m" : "4611686018439192905"
    }, {
      "d" : "1756460525806713189",
      "t" : 1756460525806,
      "tn" : 1756460525806713188,
      "q" : "0.1634",
      "p" : "0.039477",
      "s" : "buy",
      "i" : "ETH_BTC",
      "m" : "4611686018439192904"
    }, {
      "d" : "1756460525806713188",
      "t" : 1756460525806,
      "tn" : 1756460525806713188,
      "q" : "0.1189",
      "p" : "0.039477",
      "s" : "buy",
      "i" : "ETH_BTC",
      "m" : "4611686018439192904"
    }, {
      "d" : "1756460525428369639",
      "t" : 1756460525428,
      "tn" : 1756460525428369639,
      "q" : "0.0014",
      "p" : "0.039460",
      "s" : "buy",
      "i" : "ETH_BTC",
      "m" : "4611686018439192903"
    }, {
      "d" : "1756460525428080688",
      "t" : 1756460525428,
      "tn" : 1756460525428080688,
      "q" : "0.0191",
      "p" : "0.039460",
      "s" : "buy",
      "i" : "ETH_BTC",
      "m" : "4611686018439192902"
    }, {
      "d" : "1756460525427623682",
      "t" : 1756460525427,
      "tn" : 1756460525427623682,
      "q" : "0.0116",
      "p" : "0.039460",
      "s" : "buy",
      "i" : "ETH_BTC",
      "m" : "4611686018439192901"
    }, {
      "d" : "1756460525427455695",
      "t" : 1756460525427,
      "tn" : 1756460525427455695,
      "q" : "0.0942",
      "p" : "0.039460",
      "s" : "buy",
      "i" : "ETH_BTC",
      "m" : "4611686018439192900"
    }, {
      "d" : "1756460525425850472",
      "t" : 1756460525425,
      "tn" : 1756460525425850472,
      "q" : "0.6906",
      "p" : "0.039456",
      "s" : "buy",
      "i" : "ETH_BTC",
      "m" : "4611686018439192899"
    }, {
      "d" : "1756460525425848714",
      "t" : 1756460525425,
      "tn" : 1756460525425848714,
      "q" : "0.0014",
      "p" : "0.039454",
      "s" : "buy",
      "i" : "ETH_BTC",
      "m" : "4611686018439192898"
    }, {
      "d" : "1756460525424981597",
      "t" : 1756460525424,
      "tn" : 1756460525424981597,
      "q" : "0.0003",
      "p" : "0.039449",
      "s" : "buy",
      "i" : "ETH_BTC",
      "m" : "4611686018439192897"
    }, {
      "d" : "1756460519494847445",
      "t" : 1756460519494,
      "tn" : 1756460519494847444,
      "q" : "0.0732",
      "p" : "0.039449",
      "s" : "buy",
      "i" : "ETH_BTC",
      "m" : "4611686018439192896"
    }, {
      "d" : "1756460519494847444",
      "t" : 1756460519494,
      "tn" : 1756460519494847444,
      "q" : "0.0833",
      "p" : "0.039449",
      "s" : "buy",
      "i" : "ETH_BTC",
      "m" : "4611686018439192896"
    }, {
      "d" : "1756460518612747058",
      "t" : 1756460518612,
      "tn" : 1756460518612747058,
      "q" : "0.0833",
      "p" : "0.039447",
      "s" : "buy",
      "i" : "ETH_BTC",
      "m" : "4611686018439192895"
    }, {
      "d" : "1756460516341751370",
      "t" : 1756460516341,
      "tn" : 1756460516341751370,
      "q" : "0.0003",
      "p" : "0.039447",
      "s" : "buy",
      "i" : "ETH_BTC",
      "m" : "4611686018439192894"
    }, {
      "d" : "1756460515695269833",
      "t" : 1756460515695,
      "tn" : 1756460515695269833,
      "q" : "0.2680",
      "p" : "0.039447",
      "s" : "buy",
      "i" : "ETH_BTC",
      "m" : "4611686018439192893"
    }, {
      "d" : "1756460512615733567",
      "t" : 1756460512615,
      "tn" : 1756460512615733567,
      "q" : "0.2105",
      "p" : "0.039448",
      "s" : "buy",
      "i" : "ETH_BTC",
      "m" : "4611686018439192892"
    }, {
      "d" : "1756460504464647817",
      "t" : 1756460504464,
      "tn" : 1756460504464647817,
      "q" : "0.0230",
      "p" : "0.039448",
      "s" : "buy",
      "i" : "ETH_BTC",
      "m" : "4611686018439192891"
    }, {
      "d" : "1756460504356789731",
      "t" : 1756460504356,
      "tn" : 1756460504356789731,
      "q" : "0.0833",
      "p" : "0.039448",
      "s" : "buy",
      "i" : "ETH_BTC",
      "m" : "4611686018439192890"
    }, {
      "d" : "1756460497509808201",
      "t" : 1756460497509,
      "tn" : 1756460497509808201,
      "q" : "0.0833",
      "p" : "0.039455",
      "s" : "buy",
      "i" : "ETH_BTC",
      "m" : "4611686018439192889"
    }, {
      "d" : "1756460497301451186",
      "t" : 1756460497301,
      "tn" : 1756460497301451185,
      "q" : "0.1911",
      "p" : "0.039457",
      "s" : "buy",
      "i" : "ETH_BTC",
      "m" : "4611686018439192888"
    }, {
      "d" : "1756460497301451185",
      "t" : 1756460497301,
      "tn" : 1756460497301451185,
      "q" : "0.0003",
      "p" : "0.039457",
      "s" : "buy",
      "i" : "ETH_BTC",
      "m" : "4611686018439192888"
    }, {
      "d" : "1756460496897807860",
      "t" : 1756460496897,
      "tn" : 1756460496897807860,
      "q" : "0.1189",
      "p" : "0.039455",
      "s" : "buy",
      "i" : "ETH_BTC",
      "m" : "4611686018439192887"
    }, {
      "d" : "1756460496797381344",
      "t" : 1756460496797,
      "tn" : 1756460496797381343,
      "q" : "0.0833",
      "p" : "0.039455",
      "s" : "buy",
      "i" : "ETH_BTC",
      "m" : "4611686018439192886"
    }, {
      "d" : "1756460496797381343",
      "t" : 1756460496797,
      "tn" : 1756460496797381343,
      "q" : "0.1189",
      "p" : "0.039455",
      "s" : "buy",
      "i" : "ETH_BTC",
      "m" : "4611686018439192886"
    }, {
      "d" : "1756460470578754439",
      "t" : 1756460470578,
      "tn" : 1756460470578754439,
      "q" : "0.0105",
      "p" : "0.039456",
      "s" : "buy",
      "i" : "ETH_BTC",
      "m" : "4611686018439192885"
    }, {
      "d" : "1756460466594688278",
      "t" : 1756460466594,
      "tn" : 1756460466594688278,
      "q" : "0.1189",
      "p" : "0.039451",
      "s" : "sell",
      "i" : "ETH_BTC",
      "m" : "4611686018439192884"
    }, {
      "d" : "1756460460341472487",
      "t" : 1756460460341,
      "tn" : 1756460460341472485,
      "q" : "0.0833",
      "p" : "0.039456",
      "s" : "sell",
      "i" : "ETH_BTC",
      "m" : "4611686018439192883"
    }, {
      "d" : "1756460460341472486",
      "t" : 1756460460341,
      "tn" : 1756460460341472485,
      "q" : "0.0003",
      "p" : "0.039456",
      "s" : "sell",
      "i" : "ETH_BTC",
      "m" : "4611686018439192883"
    }, {
      "d" : "1756460460341472485",
      "t" : 1756460460341,
      "tn" : 1756460460341472485,
      "q" : "0.1189",
      "p" : "0.039456",
      "s" : "sell",
      "i" : "ETH_BTC",
      "m" : "4611686018439192883"
    }, {
      "d" : "1756460455987327461",
      "t" : 1756460455987,
      "tn" : 1756460455987327461,
      "q" : "0.0005",
      "p" : "0.039458",
      "s" : "buy",
      "i" : "ETH_BTC",
      "m" : "4611686018439192882"
    }, {
      "d" : "1756460440450365534",
      "t" : 1756460440450,
      "tn" : 1756460440450365534,
      "q" : "0.0520",
      "p" : "0.039448",
      "s" : "sell",
      "i" : "ETH_BTC",
      "m" : "4611686018439192881"
    }, {
      "d" : "1756460433411860000",
      "t" : 1756460433411,
      "tn" : 1756460433411860000,
      "q" : "0.0499",
      "p" : "0.039449",
      "s" : "buy",
      "i" : "ETH_BTC",
      "m" : "4611686018439192880"
    }, {
      "d" : "1756460401462898901",
      "t" : 1756460401462,
      "tn" : 1756460401462898901,
      "q" : "0.0021",
      "p" : "0.039464",
      "s" : "sell",
      "i" : "ETH_BTC",
      "m" : "4611686018439192879"
    }, {
      "d" : "1756460359269658664",
      "t" : 1756460359269,
      "tn" : 1756460359269658664,
      "q" : "0.0050",
      "p" : "0.039460",
      "s" : "sell",
      "i" : "ETH_BTC",
      "m" : "4611686018439192878"
    }, {
      "d" : "1756460327723845631",
      "t" : 1756460327723,
      "tn" : 1756460327723845631,
      "q" : "0.0082",
      "p" : "0.039473",
      "s" : "sell",
      "i" : "ETH_BTC",
      "m" : "4611686018439192877"
    }, {
      "d" : "1756460326349213429",
      "t" : 1756460326349,
      "tn" : 1756460326349213429,
      "q" : "0.0863",
      "p" : "0.039478",
      "s" : "sell",
      "i" : "ETH_BTC",
      "m" : "4611686018439192876"
    }, {
      "d" : "1756460326349134442",
      "t" : 1756460326349,
      "tn" : 1756460326349134442,
      "q" : "0.0160",
      "p" : "0.039478",
      "s" : "sell",
      "i" : "ETH_BTC",
      "m" : "4611686018439192875"
    } ]
  }
}