{
  "id" : -1,
  "method" : "public/get-trades",
  "code" : 0,
  "result" : {
    "data" : [ {
      "d" : "1756460899361424092",
      "t" : 1756460899361,
      "tn" : 1756460899361424092,
      "q" : "0.0025",
      "p" : "14701",
      "s" : "buy",
      "i" : "ETH_CRO",
      "m" : "4611686018436047897"
    }, {
      "d" : "1756460888936624890",
      "t" : 1756460888936,
      "tn" : 1756460888936624890,
      "q" : "0.0148",
      "p" : "14684",
      "s" : "buy",
      "i" : "ETH_CRO",
      "m" : "4611686018436047896"
    }, {
      "d" : "1756460888500407919",
      "t" : 1756460888500,
      "tn" : 1756460888500407919,
      "q" : "0.0002",
      "p" : "14677",
      "s" : "buy",
      "i" : "ETH_CRO",
      "m" : "4611686018436047895"
    }, {
      "d" : "1756460886315712981",
      "t" : 1756460886315,
      "tn" : 1756460886315712981,
      "q" : "0.0003",
      "p" : "14677",
      "s" : "buy",
      "i" : "ETH_CRO",
      "m" : "4611686018436047894"
    }, {
      "d" : "1756460886315711139",
      "t" : 1756460886315,
      "tn" : 1756460886315711139,
      "q" : "0.0005",
      "p" : "14676",
      "s" : "buy",
      "i" : "ETH_CRO",
      "m" : "4611686018436047893"
    }, {
      "d" : "1756460816195176792",
      "t" : 1756460816195,
      "tn" : 1756460816195176792,
      "q" : "0.0154",
      "p" : "14700",
      "s" : "buy",
      "i" : "ETH_CRO",
      "m" : "4611686018436047892"
    }, {
      "d" : "1756460731800263324",
      "t" : 1756460731800,
      "tn" : 1756460731800263324,
      "q" : "0.0005",
      "p" : "14724",
      "s" : "buy",
      "i" : "ETH_CRO",
      "m" : "4611686018436047891"
    }, {
      "d" : "1756460731800261147",
      "t" : 1756460731800,
      "tn" : 1756460731800261147,
      "q" : "0.0005",
      "p" : "14723",
      "s" : "buy",
      "i" : "ETH_CRO",
      "m" : "4611686018436047890"
    }, {
      "d" : "1756460672292555096",
      "t" : 1756460672292,
      "tn" : 1756460672292555096,
      "q" : "0.0190",
      "p" : "14755",
      "s" : "buy",
      "i" : "ETH_CRO",
      "m" : "4611686018436047889"
    }, {
      "d" : "1756460488337329817",
      "t" : 1756460488337,
      "tn" : 1756460488337329817,
      "q" : "0.0005",
      "p" : "14752",
      "s" : "sell",
      "i" : "ETH_CRO",
      "m" : "4611686018436047888"
    }, {
      "d" : "1756460488337327834",
      "t" : 1756460488337,
      "tn" : 1756460488337327834,
      "q" : "0.0005",
      "p" : "14753",
      "s" : "sell",
      "i" : "ETH_CRO",
      "m" : "4611686018436047887"
    }, {
      "d" : "1756460427618580063",
      "t" : 1756460427618,
      "tn" : 1756460427618580063,
      "q" : "0.0005",
      "p" : "14774",
      "s" : "buy",
      "i" : "ETH_CRO",
      "m" : "4611686018436047886"
    }, {
      "d" : "1756460384557628235",
      "t" : 1756460384557,
      "tn" : 1756460384557628235,
      "q" : "0.0005",
      "p" : "14787",
      "s" : "buy",
      "i" : "ETH_CRO",
      "m" : "4611686018436047885"
    }, {
      "d" : "1756460365544240107",
      "t" : 1756460365544,
      "tn" : 1756460365544240107,
      "q" : "0.0096",
      "p" : "14781",
      "s" : "buy",
      "i" : "ETH_CRO",
      "m" : "4611686018436047884"
    }, {
      "d" : "1756460346900386912",
      "t" : 1756460346900,
      "tn" : 1756460346900386911,
      "q" : "0.0006",
      "p" : "14767",
      "s" : "buy",
      "i" : "ETH_CRO",
      "m" : "4611686018436047883"
    }, {
      "d" : "1756460346900386911",
      "t" : 1756460346900,
      "tn" : 1756460346900386911,
      "q" : "0.0005",
      "p" : "14767",
      "s" : "buy",
      "i" : "ETH_CRO",
      "m" : "4611686018436047883"
    }, {
      "d" : "1756460346880670368",
      "t" : 1756460346880,
      "tn" : 1756460346880670368,
      "q" : "0.0009",
      "p" : "14767",
      "s" : "buy",
      "i" : "ETH_CRO",
      "m" : "4611686018436047882"
    }, {
      "d" : "1756460346880667891",
      "t" : 1756460346880,
      "tn" : 1756460346880667891,
      "q" : "0.0005",
      "p" : "14766",
      "s" : "buy",
      "i" : "ETH_CRO",
      "m" : "4611686018436047881"
    }, {
      "d" : "1756460342311837496",
      "t" : 1756460342311,
      "tn" : 1756460342311837496,
      "q" : "0.0028",
      "p" : "14767",
      "s" : "sell",
      "i" : "ETH_CRO",
      "m" : "4611686018436047880"
    }, {
      "d" : "1756460337520434792",
      "t" : 1756460337520,
      "tn" : 1756460337520434792,
      "q" : "0.0230",
      "p" : "14767",
      "s" : "buy",
      "i" : "ETH_CRO",
      "m" : "4611686018436047879"
    }, {
      "d" : "1756460337466471573",
      "t" : 1756460337466,
      "tn" : 1756460337466471573,
      "q" : "0.0016",
      "p" : "14766",
      "s" : "buy",
      "i" : "ETH_CRO",
      "m" : "4611686018436047878"
    }, {
      "d" : "1756460333969882068",
      "t" : 1756460333969,
      "tn" : 1756460333969882068,
      "q" : "0.0003",
      "p" : "14735",
      "s" : "buy",
      "i" : "ETH_CRO",
      "m" : "4611686018436047877"
    }, {
      "d" : "1756460333958577568",
      "t" : 1756460333958,
      "tn" : 1756460333958577568,
      "q" : "0.0013",
      "p" : "14735",
      "s" : "buy",
      "i" : "ETH_CRO",
      "m" : "4611686018436047876"
    }, {
      "d" : "1756460290688635578",
      "t" : 1756460290688,
      "tn" : 1756460290688635578,
      "q" : "0.0026",
      "p" : "14728",
      "s" : "buy",
      "i" : "ETH_CRO",
      "m" : "4611686018436047875"
    }, {
      "d" : "1756460290688633264",
      "t" : 1756460290688,
      "tn" : 1756460290688633264,
      "q" : "0.0005",
      "p" : "14727",
      "s" : "buy",
      "i" : "ETH_CRO",
      "m" : "4611686018436047874"
    }, {
      "d" : "1756460255684562458",
      "t" : 1756460255684,
      "tn" : 1756460255684562458,
      "q" : "0.0127",
      "p" : "14703",
      "s" : "buy",
      "i" : "ETH_CRO",
      "m" : "4611686018436047873"
    }, {
      "d" : "1756460212268664576",
      "t" : 1756460212268,
      "tn" : 1756460212268664576,
      "q" : "0.0028",
      "p" : "14738",
      "s" : "sell",
      "i" : "ETH_CRO",
      "m" : "4611686018436047872"
    }, {
      "d" : "1756460203999954272",
      "t" : 1756460203999,
      "tn" : 1756460203999954272,
      "q" : "0.0028",
      "p" : "14738",
      "s" : "buy",
      "i" : "ETH_CRO",
      "m" : "4611686018436047871"
    }, {
      "d" : "1756460203940913229",
      "t" : 1756460203940,
      "tn" : 1756460203940913229,
      "q" : "0.0003",
      "p" : "14726",
      "s" : "buy",
      "i" : "ETH_CRO",
      "m" : "4611686018436047870"
    }, {
      "d" : "1756460203917836897",
      "t" : 1756460203917,
      "tn" : 1756460203917836897,
      "q" : "0.0013",
      "p" : "14726",
      "s" : "buy",
      "i" : "ETH_CRO",
      "m" : "4611686018436047869"
    }, {
      "d" : "1756460201679446714",
      "t" : 1756460201679,
      "tn" : 1756460201679446714,
      "q" : "0.0028",
      "p" : "14725",
      "s" : "buy",
      "i" : "ETH_CRO",
      "m" : "4611686018436047868"
    }, {
      "d" : "1756460199849019616",
      "t" : 1756460199849,
      "tn" : 1756460199849019616,
      "q" : "0.0092",
      "p" : "14706",
      "s" : "buy",
      "i" : "ETH_CRO",
      "m" : "4611686018436047867"
    }, {
      "d" : "1756460196320757713",
      "t" : 1756460196320,
      "tn" : 1756460196320757713,
      "q" : "0.0005",
      "p" : "14692",
      "s" : "buy",
      "i" : "ETH_CRO",
      "m" : "4611686018436047866"
    }, {
      "d" : "1756460166348834498",
      "t" : 1756460166348,
      "tn" : 1756460166348834498,
      "q" : "0.0171",
      "p" : "14663",
      "s" : "buy",
      "i" : "ETH_CRO",
      "m" : "4611686018436047865"
    }, {
      "d" : "1756460163948523467",
      "t" : 1756460163948,
      "tn" : 1756460163948523467,
      "q" : "0.0177",
      "p" : "14643",
      "s" : "buy",
      "i" : "ETH_CRO",
      "m" : "4611686018436047864"
    }, {
      "d" : "1756460162215885919",
      "t" : 1756460162215,
      "tn" : 1756460162215885919,
      "q" : "0.0005",
      "p" : "14635",
      "s" : "buy",
      "i" : "ETH_CRO",
      "m" : "4611686018436047863"
    }, {
      "d" : "1756460107676414033",
      "t" : 1756460107676,
      "tn" : 1756460107676414033,
      "q" : "0.0028",
      "p" : "14681",
      "s" : "sell",
      "i" : "ETH_CRO",
      "m" : "4611686018436047862"
    }, {
      "d" : "1756460105208331779",
      "t" : 1756460105208,
      "tn" : 1756460105208331779,
      "q" : "0.0003",
      "p" : "14709",
      "s" : "sell",
      "i" : "ETH_CRO",
      "m" : "4611686018436047861"
    }, {
      "d" : "1756460105169649966",
      "t" : 1756460105169,
      "tn" : 1756460105169649966,
      "q" : "0.0008",
      "p" : "14709",
      "s" : "sell",
      "i" : "ETH_CRO",
      "m" : "4611686018436047860"
    }, {
      "d" : "1756460105169648268",
      "t" : 1756460105169,
      "tn" : 1756460105169648268,
      "q" : "0.0003",
      "p" : "14710",
      "s" : "sell",
      "i" : "ETH_CRO",
      "m" : "4611686018436047859"
    }, {
      "d" : "1756460105009833781",
      "t" : 1756460105009,
      "tn" : 1756460105009833781,
      "q" : "0.0012",
      "p" : "14710",
      "s" : "sell",
      "i" : "ETH_CRO",
      "m" : "4611686018436047858"
    }, {
      "d" : "1756460083709808373",
      "t" : 1756460083709,
      "tn" : 1756460083709808373,
      "q" : "0.0003",
      "p" : "14726",
      "s" : "buy",
      "i" : "ETH_CRO",
      "m" : "4611686018436047857"
    }, {
      "d" : "1756460083709806338",
      "t" : 1756460083709,
      "tn" : 1756460083709806338,
      "q" : "0.0005",
      "p" : "14725",
      "s" : "buy",
      "i" : "ETH_CRO",
      "m" : "4611686018436047856"
    }, {
      "d" : "1756460046713528208",
      "t" : 1756460046713,
      "tn" : 1756460046713528208,
      "q" : "0.0088",
      "p" : "14737",
      "s" : "buy",
      "i" : "ETH_CRO",
      "m" : "4611686018436047855"
    }, {
      "d" : "1756460041756737546",
      "t" : 1756460041756,
      "tn" : 1756460041756737546,
      "q" : "0.2331",
      "p" : "14710",
      "s" : "buy",
      "i" : "ETH_CRO",
      "m" : "4611686018436047854"
    }, {
      "d" : "1756460041756735338",
      "t" : 1756460041756,
      "tn" : 1756460041756735338,
      "q" : "0.0014",
      "p" : "14709",
      "s" : "buy",
      "i" : "ETH_CRO",
      "m" : "4611686018436047853"
    }, {
      "d" : "1756460041728412378",
      "t" : 1756460041728,
      "tn" : 1756460041728412378,
      "q" : "0.0005",
      "p" : "14698",
      "s" : "buy",
      "i" : "ETH_CRO",
      "m" : "4611686018436047852"
    }, {
      "d" : "1756460041728408620",
      "t" : 1756460041728,
      "tn" : 1756460041728408620,
      "q" : "0.0005",
      "p" : "14696",
      "s" : "buy",
      "i" : "ETH_CRO",
      "m" : "4611686018436047851"
    }, {
      "d" : "1756460013520557441",
      "t" : 1756460013520,
      "tn" : 1756460013520557441,
      "q" : "0.0005",
      "p" : "14688",
      "s" : "buy",
      "i" : "ETH_CRO",
      "m" : "4611686018436047850"
    }, {
      "d" : "1756460011526566545",
      "t" : 1756460011526,
      "tn" : 1756460011526566545,
      "q" : "0.0028",
      "p" : "14681",
      "s" : "buy",
      "i" : "ETH_CRO",
      "m" : "4611686018436047849"
    }, {
      "d" : "1756459994864370647",
      "t" : 1756459994864,
      "tn" : 1756459994864370647,
      "q" : "0.0028",
      "p" : "14709",
      "s" : "sell",
      "i" : "ETH_CRO",
      "m" : "4611686018436047848"
    }, {
      "d" : "1756459994863299366",
      "t" : 1756459994863,
      "tn" : 1756459994863299366,
      "q" : "0.0014",
      "p" : "14709",
      "s" : "sell",
      "i" : "ETH_CRO",
      "m" : "4611686018436047847"
    }, {
      "d" : "1756459994856459329",
      "t" : 1756459994856,
      "tn" : 1756459994856459329,
      "q" : "0.0014",
      "p" : "14709",
      "s" : "sell",
      "i" : "ETH_CRO",
      "m" : "4611686018436047846"
    }, {
      "d" : "1756459986385522179",
      "t" : 1756459986385,
      "tn" : 1756459986385522179,
      "q" : "0.0104",
      "p" : "14724",
      "s" : "buy",
      "i" : "ETH_CRO",
      "m" : "4611686018436047845"
    }, {
      "d" : "1756459985326032452",
      "t" : 1756459985326,
      "tn" : 1756459985326032452,
      "q" : "0.1060",
      "p" : "14709",
      "s" : "buy",
      "i" : "ETH_CRO",
      "m" : "4611686018436047844"
    }, {
      "d" : "1756459985158837107",
      "t" : 1756459985158,
      "tn" : 1756459985158837107,
      "q" : "0.0028",
      "p" : "14703",
      "s" : "buy",
      "i" : "ETH_CRO",
      "m" : "4611686018436047843"
    }, {
      "d" : "1756459984604910117",
      "t" : 1756459984604,
      "tn" : 1756459984604910117,
      "q" : "0.0009",
      "p" : "14685",
      "s" : "buy",
      "i" : "ETH_CRO",
      "m" : "4611686018436047842"
    }, {
      "d" : "1756459984604907631",
      "t" : 1756459984604,
      "tn" : 1756459984604907631,
      "q" : "0.0005",
      "p" : "14684",
      "s" : "buy",
      "i" : "ETH_CRO",
      "m" : "4611686018436047841"
    }, {
      "d" : "1756459941427708564",
      "t" : 1756459941427,
      "tn" : 1756459941427708564,
      "q" : "0.0003",
      "p" : "14678",
      "s" : "buy",
      "i" : "ETH_CRO",
      "m" : "4611686018436047840"
    }, {
      "d" : "1756459941427706545",
      "t" : 1756459941427,
      "tn" : 1756459941427706545,
      "q" : "0.0005",
      "p" : "14677",
      "s" : "buy",
      "i" : "ETH_CRO",
      "m" : "4611686018436047839"
    }, {
      "d" : "1756459911239954541",
      "t" : 1756459911239,
      "tn" : 1756459911239954541,
      "q" : "0.0193",
      "p" : "14656",
      "s" : "buy",
      "i" : "ETH_CRO",
      "m" : "4611686018436047838"
    }, {
      "d" : "1756459910756238697",
      "t" : 1756459910756,
      "tn" : 1756459910756238697,
      "q" : "0.0004",
      "p" : "14653",
      "s" : "buy",
      "i" : "ETH_CRO",
      "m" : "4611686018436047837"
    }, {
      "d" : "1756459909789088077",
      "t" : 1756459909789,
      "tn" : 1756459909789088077,
      "q" : "0.0028",
      "p" : "14650",
      "s" : "buy",
      "i" : "ETH_CRO",
      "m" : "4611686018436047836"
    }, {
      "d" : "1756459907863658232",
      "t" : 1756459907863,
      "tn" : 1756459907863658232,
      "q" : "0.0028",
      "p" : "14628",
      "s" : "buy",
      "i" : "ETH_CRO",
      "m" : "4611686018436047835"
    }, {
      "d" : "1756459904717993318",
      "t" : 1756459904717,
      "tn" : 1756459904717993318,
      "q" : "0.0005",
      "p" : "14653",
      "s" : "sell",
      "i" : "ETH_CRO",
      "m" : "4611686018436047834"
    }, {
      "d" : "1756459901224436896",
      "t" : 1756459901224,
      "tn" : 1756459901224436896,
      "q" : "0.0057",
      "p" : "14670",
      "s" : "sell",
      "i" : "ETH_CRO",
      "m" : "4611686018436047833"
    }, {
      "d" : "1756459901060498662",
      "t" : 1756459901060,
      "tn" : 1756459901060498662,
      "q" : "0.0014",
      "p" : "14670",
      "s" : "sell",
      "i" : "ETH_CRO",
      "m" : "4611686018436047832"
    }, {
      "d" : "1756459901052113490",
      "t" : 1756459901052,
      "tn" : 1756459901052113490,
      "q" : "0.0015",
      "p" : "14670",
      "s" : "sell",
      "i" : "ETH_CRO",
      "m" : "4611686018436047831"
    }, {
      "d" : "1756459875049329672",
      "t" : 1756459875049,
      "tn" : 1756459875049329672,
      "q" : "0.0032",
      "p" : "14700",
      "s" : "sell",
      "i" : "ETH_CRO",
      "m" : "4611686018436047830"
    }, {
      "d" : "1756459874434337225",
      "t" : 1756459874434,
      "tn" : 1756459874434337225,
      "q" : "0.0014",
      "p" : "14700",
      "s" : "sell",
      "i" : "ETH_CRO",
      "m" : "4611686018436047829"
    }, {
      "d" : "1756459874432103175",
      "t" : 1756459874432,
      "tn" : 1756459874432103175,
      "q" : "0.0015",
      "p" : "14700",
      "s" : "sell",
      "i" : "ETH_CRO",
      "m" : "4611686018436047828"
    }, {
      "d" : "1756459874413766359",
      "t" : 1756459874413,
      "tn" : 1756459874413766359,
      "q" : "0.0028",
      "p" : "14700",
      "s" : "sell",
      "i" : "ETH_CRO",
      "m" : "4611686018436047827"
    }, {
      "d" : "1756459874404248204",
      "t" : 1756459874404,
      "tn" : 1756459874404248204,
      "q" : "0.0028",
      "p" : "14700",
      "s" : "sell",
      "i" : "ETH_CRO",
      "m" : "4611686018436047826"
    }, {
      "d" : "1756459874323287531",
      "t" : 1756459874323,
      "tn" : 1756459874323287531,
      "q" : "0.0028",
      "p" : "14700",
      "s" : "sell",
      "i" : "ETH_CRO",
      "m" : "4611686018436047825"
    }, {
      "d" : "1756459874313407543",
      "t" : 1756459874313,
      "tn" : 1756459874313407543,
      "q" : "0.0028",
      "p" : "14700",
      "s" : "sell",
      "i" : "ETH_CRO",
      "m" : "4611686018436047824"
    }, {
      "d" : "1756459863496178088",
      "t" : 1756459863496,
      "tn" : 1756459863496178088,
      "q" : "0.0020",
      "p" : "14726",
      "s" : "buy",
      "i" : "ETH_CRO",
      "m" : "4611686018436047823"
    }, {
      "d" : "1756459853530056229",
      "t" : 1756459853530,
      "tn" : 1756459853530056229,
      "q" : "0.0005",
      "p" : "14723",
      "s" : "buy",
      "i" : "ETH_CRO",
      "m" : "4611686018436047822"
    }, {
      "d" : "1756459850987722730",
      "t" : 1756459850987,
      "tn" : 1756459850987722730,
      "q" : "0.0154",
      "p" : "14722",
      "s" : "buy",
      "i" : "ETH_CRO",
      "m" : "4611686018436047821"
    }, {
      "d" : "1756459813715742945",
      "t" : 1756459813715,
      "tn" : 1756459813715742945,
      "q" : "0.0290",
      "p" : "14716",
      "s" : "buy",
      "i" : "ETH_CRO",
      "m" : "4611686018436047820"
    }, {
      "d" : "1756459804402382536",
      "t" : 1756459804402,
      "tn" : 1756459804402382536,
      "q" : "0.1184",
      "p" : "14699",
      "s" : "buy",
      "i" : "ETH_CRO",
      "m" : "4611686018436047819"
    }, {
      "d" : "1756459801844896653",
      "t" : 1756459801844,
      "tn" : 1756459801844896652,
      "q" : "0.6000",
      "p" : "14693",
      "s" : "buy",
      "i" : "ETH_CRO",
      "m" : "4611686018436047818"
    }, {
      "d" : "1756459801844896652",
      "t" : 1756459801844,
      "tn" : 1756459801844896652,
      "q" : "0.0015",
      "p" : "14693",
      "s" : "buy",
      "i" : "ETH_CRO",
      "m" : "4611686018436047818"
    }, {
      "d" : "1756459801537622540",
      "t" : 1756459801537,
      "tn" : 1756459801537622540,
      "q" : "0.0174",
      "p" : "14679",
      "s" : "buy",
      "i" : "ETH_CRO",
      "m" : "4611686018436047817"
    }, {
      "d" : "1756459801498963683",
      "t" : 1756459801498,
      "tn" : 1756459801498963683,
      "q" : "0.0028",
      "p" : "14678",
      "s" : "buy",
      "i" : "ETH_CRO",
      "m" : "4611686018436047816"
    }, {
      "d" : "1756459801428945375",
      "t" : 1756459801428,
      "tn" : 1756459801428945375,
      "q" : "0.0327",
      "p" : "14661",
      "s" : "buy",
      "i" : "ETH_CRO",
      "m" : "4611686018436047815"
    }, {
      "d" : "1756459797974903779",
      "t" : 1756459797974,
      "tn" : 1756459797974903779,
      "q" : "0.0004",
      "p" : "14643",
      "s" : "sell",
      "i" : "ETH_CRO",
      "m" : "4611686018436047814"
    }, {
      "d" : "1756459794981651444",
      "t" : 1756459794981,
      "tn" : 1756459794981651444,
      "q" : "0.0174",
      "p" : "14676",
      "s" : "buy",
      "i" : "ETH_CRO",
      "m" : "4611686018436047813"
    }, {
      "d" : "1756459782826432283",
      "t" : 1756459782826,
      "tn" : 1756459782826432283,
      "q" : "0.0254",
      "p" : "14678",
      "s" : "sell",
      "i" : "ETH_CRO",
      "m" : "4611686018436047812"
    }, {
      "d" : "1756459782717005123",
      "t" : 1756459782717,
      "tn" : 1756459782717005123,
      "q" : "0.3000",
      "p" : "14693",
      "s" : "sell",
      "i" : "ETH_CRO",
      "m" : "4611686018436047811"
    }, {
      "d" : "1756459782705234227",
      "t" : 1756459782705,
      "tn" : 1756459782705234227,
      "q" : "0.1190",
      "p" : "14694",
      "s" : "sell",
      "i" : "ETH_CRO",
      "m" : "4611686018436047810"
    }, {
      "d" : "1756459782705232190",
      "t" : 1756459782705,
      "tn" : 1756459782705232190,
      "q" : "0.6000",
      "p" : "14704",
      "s" : "sell",
      "i" : "ETH_CRO",
      "m" : "4611686018436047809"
    }, {
      "d" : "1756459782702141325",
      "t" : 1756459782702,
      "tn" : 1756459782702141325,
      "q" : "0.0077",
      "p" : "14710",
      "s" : "sell",
      "i" : "ETH_CRO",
      "m" : "4611686018436047808"
    }, {
      "d" : "1756459781509125568",
      "t" : 1756459781509,
      "tn" : 1756459781509125568,
      "q" : "0.0049",
      "p" : "14750",
      "s" : "sell",
      "i" : "ETH_CRO",
      "m" : "4611686018436047807"
    }, {
      "d" : "1756459781492265178",
      "t" : 1756459781492,
      "tn" : 1756459781492265178,
      "q" : "0.0014",
      "p" : "14750",
      "s" : "sell",
      "i" : "ETH_CRO",
      "m" : "4611686018436047806"
    }, {
      "d" : "1756459781311774339",
      "t" : 1756459781311,
      "tn" : 1756459781311774339,
      "q" : "0.0176",
      "p" : "14750",
      "s" : "sell",
      "i" : "ETH_CRO",
      "m" : "4611686018436047805"
    }, {
      "d" : "1756459781266476384",
      "t" : 1756459781266,
      "tn" : 1756459781266476384,
      "q" : "0.0028",
      "p" : "14750",
      "s" : "sell",
      "i" : "ETH_CRO",
      "m" : "4611686018436047804"
    }, {
      "d" : "1756459781260838458",
      "t" : 1756459781260,
      "tn" : 1756459781260838458,
      "q" : "0.0028",
      "p" : "14750",
      "s" : "sell",
      "i" : "ETH_CRO",
      "m" : "4611686018436047803"
    }, {
      "d" : "1756459781256929879",
      "t" : 1756459781256,
      "tn" : 1756459781256929879,
      "q" : "0.0028",
      "p" : "14750",
      "s" : "sell",
      "i" : "ETH_CRO",
      "m" : "4611686018436047802"
    }, {
      "d" : "1756459781248332315",
      "t" : 1756459781248,
      "tn" : 1756459781248332315,
      "q" : "0.0028",
      "p" : "14750",
      "s" : "sell",
      "i" : "ETH_CRO",
      "m" : "4611686018436047801"
    }, {
      "d" : "1756459781238668517",
      "t" : 1756459781238,
      "tn" : 1756459781238668517,
      "q" : "0.0028",
      "p" : "14750",
      "s" : "sell",
      "i" : "ETH_CRO",
      "m" : "4611686018436047800"
    }, {
      "d" : "1756459781163077290",
      "t" : 1756459781163,
      "tn" : 1756459781163077290,
      "q" : "0.0028",
      "p" : "14750",
      "s" : "sell",
      "i" : "ETH_CRO",
      "m" : "4611686018436047799"
    }, {
      "d" : "1756459781153312440",
      "t" : 1756459781153,
      "tn" : 1756459781153312440,
      "q" : "0.0028",
      "p" : "14750",
      "s" : "sell",
      "i" : "ETH_CRO",
      "m" : "4611686018436047798"
    }, {
      "d" : "1756459780808527510",
      "t" : 1756459780808,
      "tn" : 1756459780808527510,
      "q" : "0.0032",
      "p" : "14750",
      "s" : "sell",
      "i" : "ETH_CRO",
      "m" : "4611686018436047797"
    }, {
      "d" : "1756459778088998935",
      "t" : 1756459778088,
      "tn" : 1756459778088998935,
      "q" : "0.0071",
      "p" : "14750",
      "s" : "sell",
      "i" : "ETH_CRO",
      "m" : "4611686018436047796"
    }, {
      "d" : "1756459777378753208",
      "t" : 1756459777378,
      "tn" : 1756459777378753208,
      "q" : "0.0139",
      "p" : "14750",
      "s" : "sell",
      "i" : "ETH_CRO",
      "m" : "4611686018436047795"
    }, {
      "d" : "1756459776496593685",
      "t" : 1756459776496,
      "tn" : 1756459776496593685,
      "q" : "0.0005",
      "p" : "14765",
      "s" : "sell",
      "i" : "ETH_CRO",
      "m" : "4611686018436047794"
    }, {
      "d" : "1756459776491928665",
      "t" : 1756459776491,
      "tn" : 1756459776491928665,
      "q" : "0.0005",
      "p" : "14766",
      "s" : "sell",
      "i" : "ETH_CRO",
      "m" : "4611686018436047793"
    }, {
      "d" : "1756459761557446701",
      "t" : 1756459761557,
      "tn" : 1756459761557446701,
      "q" : "0.0028",
      "p" : "14770",
      "s" : "buy",
      "i" : "ETH_CRO",
      "m" : "4611686018436047792"
    }, {
      "d" : "1756459744556962695",
      "t" : 1756459744556,
      "tn" : 1756459744556962695,
      "q" : "0.0008",
      "p" : "14767",
      "s" : "sell",
      "i" : "ETH_CRO",
      "m" : "4611686018436047791"
    }, {
      "d" : "1756459741411234248",
      "t" : 1756459741411,
      "tn" : 1756459741411234248,
      "q" : "0.0005",
      "p" : "14774",
      "s" : "sell",
      "i" : "ETH_CRO",
      "m" : "4611686018436047790"
    }, {
      "d" : "1756459724769310445",
      "t" : 1756459724769,
      "tn" : 1756459724769310445,
      "q" : "0.0005",
      "p" : "14803",
      "s" : "sell",
      "i" : "ETH_CRO",
      "m" : "4611686018436047789"
    }, {
      "d" : "1756459696648179831",
      "t" : 1756459696648,
      "tn" : 1756459696648179831,
      "q" : "0.0005",
      "p" : "14826",
      "s" : "sell",
      "i" : "ETH_CRO",
      "m" : "4611686018436047788"
    }, {
      "d" : "1756459633146329828",
      "t" : 1756459633146,
      "tn" : 1756459633146329828,
      "q" : "0.0028",
      "p" : "14877",
      "s" : "sell",
      "i" : "ETH_CRO",
      "m" : "4611686018436047787"
    }, {
      "d" : "1756459633146327159",
      "t" : 1756459633146,
      "tn" : 1756459633146327159,
      "q" : "0.0005",
      "p" : "14878",
      "s" : "sell",
      "i" : "ETH_CRO",
      "m" : "4611686018436047786"
    }, {
      "d" : "1756459618519704081",
      "t" : 1756459618519,
      "tn" : 1756459618519704081,
      "q" : "0.0003",
      "p" : "14893",
      "s" : "buy",
      "i" : "ETH_CRO",
      "m" : "4611686018436047785"
    }, {
      "d" : "1756459604293565207",
      "t" : 1756459604293,
      "tn" : 1756459604293565207,
      "q" : "0.0028",
      "p" : "14877",
      "s" : "buy",
      "i" : "ETH_CRO",
      "m" : "4611686018436047784"
    }, {
      "d" : "1756459588445732860",
      "t" : 1756459588445,
      "tn" : 1756459588445732860,
      "q" : "0.0005",
      "p" : "14872",
      "s" : "buy",
      "i" : "ETH_CRO",
      "m" : "4611686018436047783"
    }, {
      "d" : "1756459573345793046",
      "t" : 1756459573345,
      "tn" : 1756459573345793046,
      "q" : "0.0028",
      "p" : "14837",
      "s" : "buy",
      "i" : "ETH_CRO",
      "m" : "4611686018436047782"
    }, {
      "d" : "1756459545017199975",
      "t" : 1756459545017,
      "tn" : 1756459545017199975,
      "q" : "0.0300",
      "p" : "14837",
      "s" : "sell",
      "i" : "ETH_CRO",
      "m" : "4611686018436047781"
    }, {
      "d" : "1756459544966573759",
      "t" : 1756459544966,
      "tn" : 1756459544966573758,
      "q" : "0.0151",
      "p" : "14837",
      "s" : "sell",
      "i" : "ETH_CRO",
      "m" : "4611686018436047780"
    }, {
      "d" : "1756459544966573758",
      "t" : 1756459544966,
      "tn" : 1756459544966573758,
      "q" : "0.0028",
      "p" : "14837",
      "s" : "sell",
      "i" : "ETH_CRO",
      "m" : "4611686018436047780"
    }, {
      "d" : "1756459544966570489",
      "t" : 1756459544966,
      "tn" : 1756459544966570489,
      "q" : "0.0005",
      "p" : "14838",
      "s" : "sell",
      "i" : "ETH_CRO",
      "m" : "4611686018436047779"
    }, {
      "d" : "1756459541292333006",
      "t" : 1756459541292,
      "tn" : 1756459541292333006,
      "q" : "0.0014",
      "p" : "14837",
      "s" : "buy",
      "i" : "ETH_CRO",
      "m" : "4611686018436047778"
    }, {
      "d" : "1756459529600612034",
      "t" : 1756459529600,
      "tn" : 1756459529600612034,
      "q" : "0.0003",
      "p" : "14821",
      "s" : "buy",
      "i" : "ETH_CRO",
      "m" : "4611686018436047777"
    }, {
      "d" : "1756459529008824705",
      "t" : 1756459529008,
      "tn" : 1756459529008824705,
      "q" : "0.0011",
      "p" : "14821",
      "s" : "buy",
      "i" : "ETH_CRO",
      "m" : "4611686018436047776"
    }, {
      "d" : "1756459529000080667",
      "t" : 1756459529000,
      "tn" : 1756459529000080667,
      "q" : "0.0014",
      "p" : "14821",
      "s" : "buy",
      "i" : "ETH_CRO",
      "m" : "4611686018436047775"
    }, {
      "d" : "1756459489061785365",
      "t" : 1756459489061,
      "tn" : 1756459489061785365,
      "q" : "0.3947",
      "p" : "14820",
      "s" : "sell",
      "i" : "ETH_CRO",
      "m" : "4611686018436047774"
    }, {
      "d" : "1756459489061783469",
      "t" : 1756459489061,
      "tn" : 1756459489061783469,
      "q" : "0.2828",
      "p" : "14821",
      "s" : "sell",
      "i" : "ETH_CRO",
      "m" : "4611686018436047773"
    }, {
      "d" : "1756459489060668259",
      "t" : 1756459489060,
      "tn" : 1756459489060668259,
      "q" : "0.0172",
      "p" : "14821",
      "s" : "sell",
      "i" : "ETH_CRO",
      "m" : "4611686018436047772"
    }, {
      "d" : "1756459489045611650",
      "t" : 1756459489045,
      "tn" : 1756459489045611650,
      "q" : "0.0005",
      "p" : "14825",
      "s" : "sell",
      "i" : "ETH_CRO",
      "m" : "4611686018436047771"
    }, {
      "d" : "1756459481079759555",
      "t" : 1756459481079,
      "tn" : 1756459481079759555,
      "q" : "0.0005",
      "p" : "14853",
      "s" : "sell",
      "i" : "ETH_CRO",
      "m" : "4611686018436047770"
    }, {
      "d" : "1756459420038158638",
      "t" : 1756459420038,
      "tn" : 1756459420038158638,
      "q" : "0.0028",
      "p" : "14891",
      "s" : "buy",
      "i" : "ETH_CRO",
      "m" : "4611686018436047769"
    }, {
      "d" : "1756459418781362085",
      "t" : 1756459418781,
      "tn" : 1756459418781362085,
      "q" : "0.0003",
      "p" : "14873",
      "s" : "buy",
      "i" : "ETH_CRO",
      "m" : "4611686018436047768"
    }, {
      "d" : "1756459418036244465",
      "t" : 1756459418036,
      "tn" : 1756459418036244465,
      "q" : "0.0004",
      "p" : "14870",
      "s" : "buy",
      "i" : "ETH_CRO",
      "m" : "4611686018436047767"
    }, {
      "d" : "1756459214213992964",
      "t" : 1756459214213,
      "tn" : 1756459214213992964,
      "q" : "0.0005",
      "p" : "14850",
      "s" : "sell",
      "i" : "ETH_CRO",
      "m" : "4611686018436047766"
    }, {
      "d" : "1756459181366692156",
      "t" : 1756459181366,
      "tn" : 1756459181366692156,
      "q" : "0.0005",
      "p" : "14873",
      "s" : "sell",
      "i" : "ETH_CRO",
      "m" : "4611686018436047765"
    }, {
      "d" : "1756459153065552618",
      "t" : 1756459153065,
      "tn" : 1756459153065552618,
      "q" : "0.0028",
      "p" : "14915",
      "s" : "buy",
      "i" : "ETH_CRO",
      "m" : "4611686018436047764"
    }, {
      "d" : "1756459100005532281",
      "t" : 1756459100005,
      "tn" : 1756459100005532281,
      "q" : "0.0005",
      "p" : "14890",
      "s" : "sell",
      "i" : "ETH_CRO",
      "m" : "4611686018436047763"
    }, {
      "d" : "1756459031589689807",
      "t" : 1756459031589,
      "tn" : 1756459031589689807,
      "q" : "0.0432",
      "p" : "14918",
      "s" : "sell",
      "i" : "ETH_CRO",
      "m" : "4611686018436047762"
    }, {
      "d" : "1756459031559328946",
      "t" : 1756459031559,
      "tn" : 1756459031559328946,
      "q" : "0.0005",
      "p" : "14919",
      "s" : "sell",
      "i" : "ETH_CRO",
      "m" : "4611686018436047761"
    }, {
      "d" : "1756458992859354351",
      "t" : 1756458992859,
      "tn" : 1756458992859354351,
      "q" : "0.0004",
      "p" : "14897",
      "s" : "buy",
      "i" : "ETH_CRO",
      "m" : "4611686018436047760"
    }, {
      "d" : "1756458954854680775",
      "t" : 1756458954854,
      "tn" : 1756458954854680775,
      "q" : "0.0005",
      "p" : "14897",
      "s" : "sell",
      "i" : "ETH_CRO",
      "m" : "4611686018436047759"
    }, {
      "d" : "1756458920715432574",
      "t" : 1756458920715,
      "tn" : 1756458920715432574,
      "q" : "0.0005",
      "p" : "14906",
      "s" : "sell",
      "i" : "ETH_CRO",
      "m" : "4611686018436047758"
    }, {
      "d" : "1756458910575639171",
      "t" : 1756458910575,
      "tn" : 1756458910575639171,
      "q" : "0.0004",
      "p" : "14924",
      "s" : "buy",
      "i" : "ETH_CRO",
      "m" : "4611686018436047757"
    }, {
      "d" : "1756458902569535254",
      "t" : 1756458902569,
      "tn" : 1756458902569535254,
      "q" : "0.0005",
      "p" : "14924",
      "s" : "sell",
      "i" : "ETH_CRO",
      "m" : "4611686018436047756"
    }, {
      "d" : "1756458902549334906",
      "t" : 1756458902549,
      "tn" : 1756458902549334906,
      "q" : "0.0005",
      "p" : "14925",
      "s" : "sell",
      "i" : "ETH_CRO",
      "m" : "4611686018436047755"
    }, {
      "d" : "1756458804856321884",
      "t" : 1756458804856,
      "tn" : 1756458804856321884,
      "q" : "0.0028",
      "p" : "14933",
      "s" : "buy",
      "i" : "ETH_CRO",
      "m" : "4611686018436047754"
    }, {
      "d" : "1756458792650299870",
      "t" : 1756458792650,
      "tn" : 1756458792650299870,
      "q" : "0.0028",
      "p" : "14933",
      "s" : "sell",
      "i" : "ETH_CRO",
      "m" : "4611686018436047753"
    }, {
      "d" : "1756458792510025501",
      "t" : 1756458792510,
      "tn" : 1756458792510025501,
      "q" : "0.0008",
      "p" : "14941",
      "s" : "sell",
      "i" : "ETH_CRO",
      "m" : "4611686018436047752"
    }, {
      "d" : "1756458776860339947",
      "t" : 1756458776860,
      "tn" : 1756458776860339947,
      "q" : "0.0005",
      "p" : "14987",
      "s" : "buy",
      "i" : "ETH_CRO",
      "m" : "4611686018436047751"
    } ]
  }
}