{
  "id" : -1,
  "method" : "public/get-trades",
  "code" : 0,
  "result" : {
    "data" : [ {
      "d" : "1756460914751667564",
      "t" : 1756460914751,
      "tn" : 1756460914751667564,
      "q" : "0.0008",
      "p" : "4339.40",
      "s" : "sell",
      "i" : "ETH_USDT",
      "m" : "4611686018696661190"
    }, {
      "d" : "1756460913174889756",
      "t" : 1756460913174,
      "tn" : 1756460913174889756,
      "q" : "0.0641",
      "p" : "4339.68",
      "s" : "sell",
      "i" : "ETH_USDT",
      "m" : "4611686018696661189"
    }, {
      "d" : "1756460913019712346",
      "t" : 1756460913019,
      "tn" : 1756460913019712346,
      "q" : "8.1924",
      "p" : "4340.35",
      "s" : "sell",
      "i" : "ETH_USDT",
      "m" : "4611686018696661188"
    }, {
      "d" : "1756460913019709848",
      "t" : 1756460913019,
      "tn" : 1756460913019709848,
      "q" : "2.0370",
      "p" : "4340.36",
      "s" : "sell",
      "i" : "ETH_USDT",
      "m" : "4611686018696661187"
    }, {
      "d" : "1756460909703081384",
      "t" : 1756460909703,
      "tn" : 1756460909703081384,
      "q" : "0.0005",
      "p" : "4339.70",
      "s" : "buy",
      "i" : "ETH_USDT",
      "m" : "4611686018696661186"
    }, {
      "d" : "1756460908204303555",
      "t" : 1756460908204,
      "tn" : 1756460908204303555,
      "q" : "0.0003",
      "p" : "4339.10",
      "s" : "buy",
      "i" : "ETH_USDT",
      "m" : "4611686018696661185"
    }, {
      "d" : "1756460908204000614",
      "t" : 1756460908204,
      "tn" : 1756460908204000614,
      "q" : "0.0020",
      "p" : "4339.10",
      "s" : "buy",
      "i" : "ETH_USDT",
      "m" : "4611686018696661184"
    }, {
      "d" : "1756460903915459268",
      "t" : 1756460903915,
      "tn" : 1756460903915459268,
      "q" : "0.0004",
      "p" : "4339.09",
      "s" : "sell",
      "i" : "ETH_USDT",
      "m" : "4611686018696661183"
    }, {
      "d" : "1756460903803532534",
      "t" : 1756460903803,
      "tn" : 1756460903803532534,
      "q" : "0.1525",
      "p" : "4338.08",
      "s" : "buy",
      "i" : "ETH_USDT",
      "m" : "4611686018696661182"
    }, {
      "d" : "1756460903054571468",
      "t" : 1756460903054,
      "tn" : 1756460903054571468,
      "q" : "0.1152",
      "p" : "4337.27",
      "s" : "buy",
      "i" : "ETH_USDT",
      "m" : "4611686018696661181"
    }, {
      "d" : "1756460902228140190",
      "t" : 1756460902228,
      "tn" : 1756460902228140190,
      "q" : "0.0005",
      "p" : "4336.69",
      "s" : "buy",
      "i" : "ETH_USDT",
      "m" : "4611686018696661180"
    }, {
      "d" : "1756460901108868090",
      "t" : 1756460901108,
      "tn" : 1756460901108868090,
      "q" : "0.1153",
      "p" : "4336.11",
      "s" : "buy",
      "i" : "ETH_USDT",
      "m" : "4611686018696661179"
    }, {
      "d" : "1756460901107371698",
      "t" : 1756460901107,
      "tn" : 1756460901107371698,
      "q" : "0.1153",
      "p" : "4335.71",
      "s" : "buy",
      "i" : "ETH_USDT",
      "m" : "4611686018696661178"
    }, {
      "d" : "1756460899362436323",
      "t" : 1756460899362,
      "tn" : 1756460899362436323,
      "q" : "0.0025",
      "p" : "4335.52",
      "s" : "sell",
      "i" : "ETH_USDT",
      "m" : "4611686018696661177"
    }, {
      "d" : "1756460894410526877",
      "t" : 1756460894410,
      "tn" : 1756460894410526877,
      "q" : "0.9513",
      "p" : "4336.99",
      "s" : "sell",
      "i" : "ETH_USDT",
      "m" : "4611686018696661176"
    }, {
      "d" : "1756460894410452997",
      "t" : 1756460894410,
      "tn" : 1756460894410452996,
      "q" : "3.0487",
      "p" : "4336.99",
      "s" : "sell",
      "i" : "ETH_USDT",
      "m" : "4611686018696661175"
    }, {
      "d" : "1756460894410452996",
      "t" : 1756460894410,
      "tn" : 1756460894410452996,
      "q" : "4.0000",
      "p" : "4336.99",
      "s" : "sell",
      "i" : "ETH_USDT",
      "m" : "4611686018696661175"
    }, {
      "d" : "1756460894293461633",
      "t" : 1756460894293,
      "tn" : 1756460894293461633,
      "q" : "0.1152",
      "p" : "4336.75",
      "s" : "buy",
      "i" : "ETH_USDT",
      "m" : "4611686018696661174"
    }, {
      "d" : "1756460894292433377",
      "t" : 1756460894292,
      "tn" : 1756460894292433377,
      "q" : "0.0028",
      "p" : "4336.59",
      "s" : "buy",
      "i" : "ETH_USDT",
      "m" : "4611686018696661173"
    }, {
      "d" : "1756460894292297211",
      "t" : 1756460894292,
      "tn" : 1756460894292297211,
      "q" : "0.1152",
      "p" : "4336.52",
      "s" : "buy",
      "i" : "ETH_USDT",
      "m" : "4611686018696661172"
    }, {
      "d" : "1756460894292293640",
      "t" : 1756460894292,
      "tn" : 1756460894292293640,
      "q" : "0.4203",
      "p" : "4336.39",
      "s" : "buy",
      "i" : "ETH_USDT",
      "m" : "4611686018696661171"
    }, {
      "d" : "1756460894292285218",
      "t" : 1756460894292,
      "tn" : 1756460894292285218,
      "q" : "1.5743",
      "p" : "4336.39",
      "s" : "buy",
      "i" : "ETH_USDT",
      "m" : "4611686018696661170"
    }, {
      "d" : "1756460894292165050",
      "t" : 1756460894292,
      "tn" : 1756460894292165050,
      "q" : "2.1235",
      "p" : "4336.39",
      "s" : "buy",
      "i" : "ETH_USDT",
      "m" : "4611686018696661169"
    }, {
      "d" : "1756460894292142455",
      "t" : 1756460894292,
      "tn" : 1756460894292142455,
      "q" : "0.7626",
      "p" : "4336.39",
      "s" : "buy",
      "i" : "ETH_USDT",
      "m" : "4611686018696661168"
    }, {
      "d" : "1756460890166930162",
      "t" : 1756460890166,
      "tn" : 1756460890166930162,
      "q" : "0.5492",
      "p" : "4335.23",
      "s" : "buy",
      "i" : "ETH_USDT",
      "m" : "4611686018696661167"
    }, {
      "d" : "1756460890166928844",
      "t" : 1756460890166,
      "tn" : 1756460890166928844,
      "q" : "0.1153",
      "p" : "4335.19",
      "s" : "buy",
      "i" : "ETH_USDT",
      "m" : "4611686018696661166"
    }, {
      "d" : "1756460890166927338",
      "t" : 1756460890166,
      "tn" : 1756460890166927338,
      "q" : "0.0183",
      "p" : "4335.11",
      "s" : "buy",
      "i" : "ETH_USDT",
      "m" : "4611686018696661165"
    }, {
      "d" : "1756460890166924821",
      "t" : 1756460890166,
      "tn" : 1756460890166924821,
      "q" : "0.0090",
      "p" : "4335.06",
      "s" : "buy",
      "i" : "ETH_USDT",
      "m" : "4611686018696661164"
    }, {
      "d" : "1756460890164618216",
      "t" : 1756460890164,
      "tn" : 1756460890164618216,
      "q" : "0.1153",
      "p" : "4334.70",
      "s" : "buy",
      "i" : "ETH_USDT",
      "m" : "4611686018696661163"
    }, {
      "d" : "1756460890164615526",
      "t" : 1756460890164,
      "tn" : 1756460890164615526,
      "q" : "0.0100",
      "p" : "4334.65",
      "s" : "buy",
      "i" : "ETH_USDT",
      "m" : "4611686018696661162"
    }, {
      "d" : "1756460890161656239",
      "t" : 1756460890161,
      "tn" : 1756460890161656239,
      "q" : "0.1153",
      "p" : "4334.48",
      "s" : "buy",
      "i" : "ETH_USDT",
      "m" : "4611686018696661161"
    }, {
      "d" : "1756460889610820511",
      "t" : 1756460889610,
      "tn" : 1756460889610820511,
      "q" : "0.4000",
      "p" : "4334.49",
      "s" : "buy",
      "i" : "ETH_USDT",
      "m" : "4611686018696661160"
    }, {
      "d" : "1756460889610818226",
      "t" : 1756460889610,
      "tn" : 1756460889610818226,
      "q" : "0.1146",
      "p" : "4334.47",
      "s" : "buy",
      "i" : "ETH_USDT",
      "m" : "4611686018696661159"
    }, {
      "d" : "1756460889610814793",
      "t" : 1756460889610,
      "tn" : 1756460889610814793,
      "q" : "0.1153",
      "p" : "4334.37",
      "s" : "buy",
      "i" : "ETH_USDT",
      "m" : "4611686018696661158"
    }, {
      "d" : "1756460889610664861",
      "t" : 1756460889610,
      "tn" : 1756460889610664861,
      "q" : "0.3043",
      "p" : "4334.29",
      "s" : "buy",
      "i" : "ETH_USDT",
      "m" : "4611686018696661157"
    }, {
      "d" : "1756460889610569218",
      "t" : 1756460889610,
      "tn" : 1756460889610569218,
      "q" : "0.0100",
      "p" : "4334.17",
      "s" : "buy",
      "i" : "ETH_USDT",
      "m" : "4611686018696661156"
    }, {
      "d" : "1756460889609639765",
      "t" : 1756460889609,
      "tn" : 1756460889609639765,
      "q" : "0.0023",
      "p" : "4334.10",
      "s" : "buy",
      "i" : "ETH_USDT",
      "m" : "4611686018696661155"
    }, {
      "d" : "1756460889609639138",
      "t" : 1756460889609,
      "tn" : 1756460889609639138,
      "q" : "0.1153",
      "p" : "4334.06",
      "s" : "buy",
      "i" : "ETH_USDT",
      "m" : "4611686018696661154"
    }, {
      "d" : "1756460889609638253",
      "t" : 1756460889609,
      "tn" : 1756460889609638253,
      "q" : "2.3288",
      "p" : "4334.05",
      "s" : "buy",
      "i" : "ETH_USDT",
      "m" : "4611686018696661153"
    }, {
      "d" : "1756460889609440998",
      "t" : 1756460889609,
      "tn" : 1756460889609440998,
      "q" : "1.6712",
      "p" : "4334.05",
      "s" : "buy",
      "i" : "ETH_USDT",
      "m" : "4611686018696661152"
    }, {
      "d" : "1756460889609440207",
      "t" : 1756460889609,
      "tn" : 1756460889609440207,
      "q" : "4.0000",
      "p" : "4334.04",
      "s" : "buy",
      "i" : "ETH_USDT",
      "m" : "4611686018696661151"
    }, {
      "d" : "1756460889609438655",
      "t" : 1756460889609,
      "tn" : 1756460889609438655,
      "q" : "0.2835",
      "p" : "4334.03",
      "s" : "buy",
      "i" : "ETH_USDT",
      "m" : "4611686018696661150"
    }, {
      "d" : "1756460889609437093",
      "t" : 1756460889609,
      "tn" : 1756460889609437093,
      "q" : "0.0005",
      "p" : "4334.00",
      "s" : "buy",
      "i" : "ETH_USDT",
      "m" : "4611686018696661149"
    }, {
      "d" : "1756460889609435024",
      "t" : 1756460889609,
      "tn" : 1756460889609435024,
      "q" : "0.1153",
      "p" : "4333.84",
      "s" : "buy",
      "i" : "ETH_USDT",
      "m" : "4611686018696661148"
    }, {
      "d" : "1756460889608664572",
      "t" : 1756460889608,
      "tn" : 1756460889608664572,
      "q" : "0.1154",
      "p" : "4333.66",
      "s" : "buy",
      "i" : "ETH_USDT",
      "m" : "4611686018696661147"
    }, {
      "d" : "1756460888500412020",
      "t" : 1756460888500,
      "tn" : 1756460888500412020,
      "q" : "0.0028",
      "p" : "4333.65",
      "s" : "sell",
      "i" : "ETH_USDT",
      "m" : "4611686018696661146"
    }, {
      "d" : "1756460886315735655",
      "t" : 1756460886315,
      "tn" : 1756460886315735655,
      "q" : "0.0008",
      "p" : "4333.65",
      "s" : "sell",
      "i" : "ETH_USDT",
      "m" : "4611686018696661145"
    }, {
      "d" : "1756460870548808879",
      "t" : 1756460870548,
      "tn" : 1756460870548808879,
      "q" : "0.0052",
      "p" : "4333.13",
      "s" : "sell",
      "i" : "ETH_USDT",
      "m" : "4611686018696661144"
    }, {
      "d" : "1756460866903574384",
      "t" : 1756460866903,
      "tn" : 1756460866903574384,
      "q" : "0.1153",
      "p" : "4333.42",
      "s" : "buy",
      "i" : "ETH_USDT",
      "m" : "4611686018696661143"
    }, {
      "d" : "1756460866903571087",
      "t" : 1756460866903,
      "tn" : 1756460866903571087,
      "q" : "0.0003",
      "p" : "4333.40",
      "s" : "buy",
      "i" : "ETH_USDT",
      "m" : "4611686018696661142"
    }, {
      "d" : "1756460864787125254",
      "t" : 1756460864787,
      "tn" : 1756460864787125253,
      "q" : "0.0003",
      "p" : "4333.28",
      "s" : "buy",
      "i" : "ETH_USDT",
      "m" : "4611686018696661141"
    }, {
      "d" : "1756460864787125253",
      "t" : 1756460864787,
      "tn" : 1756460864787125253,
      "q" : "0.2000",
      "p" : "4333.28",
      "s" : "buy",
      "i" : "ETH_USDT",
      "m" : "4611686018696661141"
    }, {
      "d" : "1756460864603836279",
      "t" : 1756460864603,
      "tn" : 1756460864603836279,
      "q" : "0.0003",
      "p" : "4332.87",
      "s" : "buy",
      "i" : "ETH_USDT",
      "m" : "4611686018696661140"
    }, {
      "d" : "1756460864603702903",
      "t" : 1756460864603,
      "tn" : 1756460864603702903,
      "q" : "0.1150",
      "p" : "4332.87",
      "s" : "buy",
      "i" : "ETH_USDT",
      "m" : "4611686018696661139"
    }, {
      "d" : "1756460864603286241",
      "t" : 1756460864603,
      "tn" : 1756460864603286241,
      "q" : "0.0115",
      "p" : "4332.60",
      "s" : "buy",
      "i" : "ETH_USDT",
      "m" : "4611686018696661138"
    }, {
      "d" : "1756460864603284172",
      "t" : 1756460864603,
      "tn" : 1756460864603284172,
      "q" : "1.1547",
      "p" : "4332.49",
      "s" : "buy",
      "i" : "ETH_USDT",
      "m" : "4611686018696661137"
    }, {
      "d" : "1756460864603280025",
      "t" : 1756460864603,
      "tn" : 1756460864603280024,
      "q" : "0.0003",
      "p" : "4332.48",
      "s" : "buy",
      "i" : "ETH_USDT",
      "m" : "4611686018696661136"
    }, {
      "d" : "1756460864603280024",
      "t" : 1756460864603,
      "tn" : 1756460864603280024,
      "q" : "0.0005",
      "p" : "4332.48",
      "s" : "buy",
      "i" : "ETH_USDT",
      "m" : "4611686018696661136"
    }, {
      "d" : "1756460863163526661",
      "t" : 1756460863163,
      "tn" : 1756460863163526660,
      "q" : "0.0003",
      "p" : "4332.35",
      "s" : "buy",
      "i" : "ETH_USDT",
      "m" : "4611686018696661135"
    }, {
      "d" : "1756460863163526660",
      "t" : 1756460863163,
      "tn" : 1756460863163526660,
      "q" : "0.1155",
      "p" : "4332.35",
      "s" : "buy",
      "i" : "ETH_USDT",
      "m" : "4611686018696661135"
    }, {
      "d" : "1756460857587458199",
      "t" : 1756460857587,
      "tn" : 1756460857587458198,
      "q" : "0.0003",
      "p" : "4331.89",
      "s" : "buy",
      "i" : "ETH_USDT",
      "m" : "4611686018696661134"
    }, {
      "d" : "1756460857587458198",
      "t" : 1756460857587,
      "tn" : 1756460857587458198,
      "q" : "0.0005",
      "p" : "4331.89",
      "s" : "buy",
      "i" : "ETH_USDT",
      "m" : "4611686018696661134"
    }, {
      "d" : "1756460853458155560",
      "t" : 1756460853458,
      "tn" : 1756460853458155560,
      "q" : "0.0003",
      "p" : "4331.11",
      "s" : "buy",
      "i" : "ETH_USDT",
      "m" : "4611686018696661133"
    }, {
      "d" : "1756460851273148934",
      "t" : 1756460851273,
      "tn" : 1756460851273148934,
      "q" : "0.0100",
      "p" : "4331.51",
      "s" : "sell",
      "i" : "ETH_USDT",
      "m" : "4611686018696661132"
    }, {
      "d" : "1756460851273148062",
      "t" : 1756460851273,
      "tn" : 1756460851273148062,
      "q" : "0.1154",
      "p" : "4331.63",
      "s" : "sell",
      "i" : "ETH_USDT",
      "m" : "4611686018696661131"
    }, {
      "d" : "1756460851273147400",
      "t" : 1756460851273,
      "tn" : 1756460851273147400,
      "q" : "0.0003",
      "p" : "4331.69",
      "s" : "sell",
      "i" : "ETH_USDT",
      "m" : "4611686018696661130"
    }, {
      "d" : "1756460851271925825",
      "t" : 1756460851271,
      "tn" : 1756460851271925824,
      "q" : "0.1154",
      "p" : "4331.90",
      "s" : "sell",
      "i" : "ETH_USDT",
      "m" : "4611686018696661129"
    }, {
      "d" : "1756460851271925824",
      "t" : 1756460851271,
      "tn" : 1756460851271925824,
      "q" : "0.4350",
      "p" : "4331.90",
      "s" : "sell",
      "i" : "ETH_USDT",
      "m" : "4611686018696661129"
    }, {
      "d" : "1756460851271920579",
      "t" : 1756460851271,
      "tn" : 1756460851271920579,
      "q" : "0.1154",
      "p" : "4331.98",
      "s" : "sell",
      "i" : "ETH_USDT",
      "m" : "4611686018696661128"
    }, {
      "d" : "1756460850945176360",
      "t" : 1756460850945,
      "tn" : 1756460850945176359,
      "q" : "0.0003",
      "p" : "4331.01",
      "s" : "buy",
      "i" : "ETH_USDT",
      "m" : "4611686018696661127"
    }, {
      "d" : "1756460850945176359",
      "t" : 1756460850945,
      "tn" : 1756460850945176359,
      "q" : "0.5500",
      "p" : "4331.01",
      "s" : "buy",
      "i" : "ETH_USDT",
      "m" : "4611686018696661127"
    }, {
      "d" : "1756460849198867943",
      "t" : 1756460849198,
      "tn" : 1756460849198867943,
      "q" : "0.0954",
      "p" : "4331.00",
      "s" : "sell",
      "i" : "ETH_USDT",
      "m" : "4611686018696661126"
    }, {
      "d" : "1756460848730235199",
      "t" : 1756460848730,
      "tn" : 1756460848730235199,
      "q" : "0.0235",
      "p" : "4331.00",
      "s" : "sell",
      "i" : "ETH_USDT",
      "m" : "4611686018696661125"
    }, {
      "d" : "1756460844128920420",
      "t" : 1756460844128,
      "tn" : 1756460844128920420,
      "q" : "1.1547",
      "p" : "4331.96",
      "s" : "sell",
      "i" : "ETH_USDT",
      "m" : "4611686018696661124"
    }, {
      "d" : "1756460844127924142",
      "t" : 1756460844127,
      "tn" : 1756460844127924142,
      "q" : "0.1155",
      "p" : "4332.10",
      "s" : "sell",
      "i" : "ETH_USDT",
      "m" : "4611686018696661123"
    }, {
      "d" : "1756460844112110271",
      "t" : 1756460844112,
      "tn" : 1756460844112110271,
      "q" : "2.0875",
      "p" : "4332.22",
      "s" : "sell",
      "i" : "ETH_USDT",
      "m" : "4611686018696661122"
    }, {
      "d" : "1756460843665590121",
      "t" : 1756460843665,
      "tn" : 1756460843665590120,
      "q" : "1.9125",
      "p" : "4332.22",
      "s" : "sell",
      "i" : "ETH_USDT",
      "m" : "4611686018696661121"
    }, {
      "d" : "1756460843665590120",
      "t" : 1756460843665,
      "tn" : 1756460843665590120,
      "q" : "3.8354",
      "p" : "4332.22",
      "s" : "sell",
      "i" : "ETH_USDT",
      "m" : "4611686018696661121"
    }, {
      "d" : "1756460840011467043",
      "t" : 1756460840011,
      "tn" : 1756460840011467043,
      "q" : "0.2819",
      "p" : "4331.64",
      "s" : "buy",
      "i" : "ETH_USDT",
      "m" : "4611686018696661120"
    }, {
      "d" : "1756460840011389025",
      "t" : 1756460840011,
      "tn" : 1756460840011389025,
      "q" : "0.2012",
      "p" : "4331.64",
      "s" : "buy",
      "i" : "ETH_USDT",
      "m" : "4611686018696661119"
    }, {
      "d" : "1756460840011238909",
      "t" : 1756460840011,
      "tn" : 1756460840011238908,
      "q" : "3.3523",
      "p" : "4331.64",
      "s" : "buy",
      "i" : "ETH_USDT",
      "m" : "4611686018696661118"
    }, {
      "d" : "1756460840011238908",
      "t" : 1756460840011,
      "tn" : 1756460840011238908,
      "q" : "1.8689",
      "p" : "4331.64",
      "s" : "buy",
      "i" : "ETH_USDT",
      "m" : "4611686018696661118"
    }, {
      "d" : "1756460840011147419",
      "t" : 1756460840011,
      "tn" : 1756460840011147419,
      "q" : "0.6755",
      "p" : "4331.64",
      "s" : "buy",
      "i" : "ETH_USDT",
      "m" : "4611686018696661117"
    }, {
      "d" : "1756460840011050368",
      "t" : 1756460840011,
      "tn" : 1756460840011050368,
      "q" : "0.3908",
      "p" : "4331.64",
      "s" : "buy",
      "i" : "ETH_USDT",
      "m" : "4611686018696661116"
    }, {
      "d" : "1756460840010811910",
      "t" : 1756460840010,
      "tn" : 1756460840010811910,
      "q" : "1.0648",
      "p" : "4331.64",
      "s" : "buy",
      "i" : "ETH_USDT",
      "m" : "4611686018696661115"
    }, {
      "d" : "1756460838903438388",
      "t" : 1756460838903,
      "tn" : 1756460838903438388,
      "q" : "0.0672",
      "p" : "4331.22",
      "s" : "buy",
      "i" : "ETH_USDT",
      "m" : "4611686018696661114"
    }, {
      "d" : "1756460838903436827",
      "t" : 1756460838903,
      "tn" : 1756460838903436827,
      "q" : "0.0328",
      "p" : "4331.10",
      "s" : "buy",
      "i" : "ETH_USDT",
      "m" : "4611686018696661113"
    }, {
      "d" : "1756460838834046762",
      "t" : 1756460838834,
      "tn" : 1756460838834046762,
      "q" : "0.0249",
      "p" : "4331.10",
      "s" : "buy",
      "i" : "ETH_USDT",
      "m" : "4611686018696661112"
    }, {
      "d" : "1756460838834045106",
      "t" : 1756460838834,
      "tn" : 1756460838834045106,
      "q" : "0.0005",
      "p" : "4331.09",
      "s" : "buy",
      "i" : "ETH_USDT",
      "m" : "4611686018696661111"
    }, {
      "d" : "1756460838834036786",
      "t" : 1756460838834,
      "tn" : 1756460838834036786,
      "q" : "0.0246",
      "p" : "4330.97",
      "s" : "buy",
      "i" : "ETH_USDT",
      "m" : "4611686018696661110"
    }, {
      "d" : "1756460838827355398",
      "t" : 1756460838827,
      "tn" : 1756460838827355398,
      "q" : "0.0676",
      "p" : "4330.97",
      "s" : "buy",
      "i" : "ETH_USDT",
      "m" : "4611686018696661109"
    }, {
      "d" : "1756460838778340591",
      "t" : 1756460838778,
      "tn" : 1756460838778340591,
      "q" : "0.0233",
      "p" : "4330.97",
      "s" : "buy",
      "i" : "ETH_USDT",
      "m" : "4611686018696661108"
    }, {
      "d" : "1756460838759009508",
      "t" : 1756460838759,
      "tn" : 1756460838759009508,
      "q" : "0.0001",
      "p" : "4330.83",
      "s" : "buy",
      "i" : "ETH_USDT",
      "m" : "4611686018696661107"
    }, {
      "d" : "1756460838741141012",
      "t" : 1756460838741,
      "tn" : 1756460838741141012,
      "q" : "0.0114",
      "p" : "4330.83",
      "s" : "buy",
      "i" : "ETH_USDT",
      "m" : "4611686018696661106"
    }, {
      "d" : "1756460838701100982",
      "t" : 1756460838701,
      "tn" : 1756460838701100982,
      "q" : "0.0100",
      "p" : "4330.48",
      "s" : "buy",
      "i" : "ETH_USDT",
      "m" : "4611686018696661105"
    }, {
      "d" : "1756460838700110049",
      "t" : 1756460838700,
      "tn" : 1756460838700110049,
      "q" : "0.1962",
      "p" : "4330.32",
      "s" : "buy",
      "i" : "ETH_USDT",
      "m" : "4611686018696661104"
    }, {
      "d" : "1756460834707399306",
      "t" : 1756460834707,
      "tn" : 1756460834707399306,
      "q" : "0.0139",
      "p" : "4329.61",
      "s" : "buy",
      "i" : "ETH_USDT",
      "m" : "4611686018696661103"
    }, {
      "d" : "1756460834706909573",
      "t" : 1756460834706,
      "tn" : 1756460834706909573,
      "q" : "0.0092",
      "p" : "4329.61",
      "s" : "buy",
      "i" : "ETH_USDT",
      "m" : "4611686018696661102"
    }, {
      "d" : "1756460831787606235",
      "t" : 1756460831787,
      "tn" : 1756460831787606235,
      "q" : "0.0900",
      "p" : "4329.50",
      "s" : "sell",
      "i" : "ETH_USDT",
      "m" : "4611686018696661101"
    }, {
      "d" : "1756460828327710800",
      "t" : 1756460828327,
      "tn" : 1756460828327710800,
      "q" : "0.1155",
      "p" : "4330.44",
      "s" : "sell",
      "i" : "ETH_USDT",
      "m" : "4611686018696661100"
    }, {
      "d" : "1756460828248289161",
      "t" : 1756460828248,
      "tn" : 1756460828248289161,
      "q" : "0.0115",
      "p" : "4330.58",
      "s" : "sell",
      "i" : "ETH_USDT",
      "m" : "4611686018696661099"
    }, {
      "d" : "1756460822858320882",
      "t" : 1756460822858,
      "tn" : 1756460822858320882,
      "q" : "0.0005",
      "p" : "4330.57",
      "s" : "buy",
      "i" : "ETH_USDT",
      "m" : "4611686018696661098"
    }, {
      "d" : "1756460822809859235",
      "t" : 1756460822809,
      "tn" : 1756460822809859235,
      "q" : "0.1154",
      "p" : "4330.17",
      "s" : "buy",
      "i" : "ETH_USDT",
      "m" : "4611686018696661097"
    }, {
      "d" : "1756460822809856528",
      "t" : 1756460822809,
      "tn" : 1756460822809856528,
      "q" : "0.1154",
      "p" : "4330.15",
      "s" : "buy",
      "i" : "ETH_USDT",
      "m" : "4611686018696661096"
    }, {
      "d" : "1756460822808796520",
      "t" : 1756460822808,
      "tn" : 1756460822808796520,
      "q" : "0.0115",
      "p" : "4330.03",
      "s" : "buy",
      "i" : "ETH_USDT",
      "m" : "4611686018696661095"
    }, {
      "d" : "1756460811660414792",
      "t" : 1756460811660,
      "tn" : 1756460811660414792,
      "q" : "0.0030",
      "p" : "4330.00",
      "s" : "buy",
      "i" : "ETH_USDT",
      "m" : "4611686018696661094"
    }, {
      "d" : "1756460811660412968",
      "t" : 1756460811660,
      "tn" : 1756460811660412967,
      "q" : "1.6870",
      "p" : "4329.91",
      "s" : "buy",
      "i" : "ETH_USDT",
      "m" : "4611686018696661093"
    }, {
      "d" : "1756460811660412967",
      "t" : 1756460811660,
      "tn" : 1756460811660412967,
      "q" : "0.3100",
      "p" : "4329.91",
      "s" : "buy",
      "i" : "ETH_USDT",
      "m" : "4611686018696661093"
    }, {
      "d" : "1756460810241753760",
      "t" : 1756460810241,
      "tn" : 1756460810241753760,
      "q" : "0.0231",
      "p" : "4329.09",
      "s" : "buy",
      "i" : "ETH_USDT",
      "m" : "4611686018696661092"
    }, {
      "d" : "1756460807001801809",
      "t" : 1756460807001,
      "tn" : 1756460807001801807,
      "q" : "0.0030",
      "p" : "4329.11",
      "s" : "buy",
      "i" : "ETH_USDT",
      "m" : "4611686018696661091"
    }, {
      "d" : "1756460807001801808",
      "t" : 1756460807001,
      "tn" : 1756460807001801807,
      "q" : "1.6870",
      "p" : "4329.11",
      "s" : "buy",
      "i" : "ETH_USDT",
      "m" : "4611686018696661091"
    }, {
      "d" : "1756460807001801807",
      "t" : 1756460807001,
      "tn" : 1756460807001801807,
      "q" : "0.3100",
      "p" : "4329.11",
      "s" : "buy",
      "i" : "ETH_USDT",
      "m" : "4611686018696661091"
    }, {
      "d" : "1756460805511058898",
      "t" : 1756460805511,
      "tn" : 1756460805511058898,
      "q" : "0.0005",
      "p" : "4329.64",
      "s" : "sell",
      "i" : "ETH_USDT",
      "m" : "4611686018696661090"
    }, {
      "d" : "1756460805510800178",
      "t" : 1756460805510,
      "tn" : 1756460805510800178,
      "q" : "0.1149",
      "p" : "4329.64",
      "s" : "sell",
      "i" : "ETH_USDT",
      "m" : "4611686018696661089"
    }, {
      "d" : "1756460805510798418",
      "t" : 1756460805510,
      "tn" : 1756460805510798418,
      "q" : "0.0001",
      "p" : "4329.78",
      "s" : "sell",
      "i" : "ETH_USDT",
      "m" : "4611686018696661088"
    }, {
      "d" : "1756460805369153711",
      "t" : 1756460805369,
      "tn" : 1756460805369153711,
      "q" : "0.0114",
      "p" : "4329.78",
      "s" : "sell",
      "i" : "ETH_USDT",
      "m" : "4611686018696661087"
    }, {
      "d" : "1756460803790528736",
      "t" : 1756460803790,
      "tn" : 1756460803790528736,
      "q" : "0.0311",
      "p" : "4330.56",
      "s" : "sell",
      "i" : "ETH_USDT",
      "m" : "4611686018696661086"
    }, {
      "d" : "1756460803480039356",
      "t" : 1756460803480,
      "tn" : 1756460803480039356,
      "q" : "0.1154",
      "p" : "4330.93",
      "s" : "sell",
      "i" : "ETH_USDT",
      "m" : "4611686018696661085"
    }, {
      "d" : "1756460803480039030",
      "t" : 1756460803480,
      "tn" : 1756460803480039030,
      "q" : "0.0028",
      "p" : "4330.94",
      "s" : "sell",
      "i" : "ETH_USDT",
      "m" : "4611686018696661084"
    }, {
      "d" : "1756460803480036786",
      "t" : 1756460803480,
      "tn" : 1756460803480036786,
      "q" : "0.0200",
      "p" : "4331.05",
      "s" : "sell",
      "i" : "ETH_USDT",
      "m" : "4611686018696661083"
    }, {
      "d" : "1756460803480035510",
      "t" : 1756460803480,
      "tn" : 1756460803480035510,
      "q" : "0.3243",
      "p" : "4331.13",
      "s" : "sell",
      "i" : "ETH_USDT",
      "m" : "4611686018696661082"
    }, {
      "d" : "1756460803480023604",
      "t" : 1756460803480,
      "tn" : 1756460803480023603,
      "q" : "7.7321",
      "p" : "4331.19",
      "s" : "sell",
      "i" : "ETH_USDT",
      "m" : "4611686018696661081"
    }, {
      "d" : "1756460803480023603",
      "t" : 1756460803480,
      "tn" : 1756460803480023603,
      "q" : "0.1155",
      "p" : "4331.19",
      "s" : "sell",
      "i" : "ETH_USDT",
      "m" : "4611686018696661081"
    }, {
      "d" : "1756460803480022837",
      "t" : 1756460803480,
      "tn" : 1756460803480022837,
      "q" : "0.0431",
      "p" : "4331.23",
      "s" : "sell",
      "i" : "ETH_USDT",
      "m" : "4611686018696661080"
    }, {
      "d" : "1756460803479928073",
      "t" : 1756460803479,
      "tn" : 1756460803479928073,
      "q" : "0.0723",
      "p" : "4331.23",
      "s" : "sell",
      "i" : "ETH_USDT",
      "m" : "4611686018696661079"
    }, {
      "d" : "1756460803479927006",
      "t" : 1756460803479,
      "tn" : 1756460803479927006,
      "q" : "0.1154",
      "p" : "4331.33",
      "s" : "sell",
      "i" : "ETH_USDT",
      "m" : "4611686018696661078"
    }, {
      "d" : "1756460803479925920",
      "t" : 1756460803479,
      "tn" : 1756460803479925919,
      "q" : "0.3226",
      "p" : "4331.34",
      "s" : "sell",
      "i" : "ETH_USDT",
      "m" : "4611686018696661077"
    }, {
      "d" : "1756460803479925919",
      "t" : 1756460803479,
      "tn" : 1756460803479925919,
      "q" : "0.3227",
      "p" : "4331.34",
      "s" : "sell",
      "i" : "ETH_USDT",
      "m" : "4611686018696661077"
    }, {
      "d" : "1756460803479919839",
      "t" : 1756460803479,
      "tn" : 1756460803479919839,
      "q" : "0.0100",
      "p" : "4331.40",
      "s" : "sell",
      "i" : "ETH_USDT",
      "m" : "4611686018696661076"
    }, {
      "d" : "1756460803479540284",
      "t" : 1756460803479,
      "tn" : 1756460803479540284,
      "q" : "0.0230",
      "p" : "4331.63",
      "s" : "sell",
      "i" : "ETH_USDT",
      "m" : "4611686018696661075"
    }, {
      "d" : "1756460803479356355",
      "t" : 1756460803479,
      "tn" : 1756460803479356355,
      "q" : "0.0005",
      "p" : "4332.02",
      "s" : "sell",
      "i" : "ETH_USDT",
      "m" : "4611686018696661074"
    }, {
      "d" : "1756460801789441085",
      "t" : 1756460801789,
      "tn" : 1756460801789441085,
      "q" : "0.1154",
      "p" : "4332.30",
      "s" : "buy",
      "i" : "ETH_USDT",
      "m" : "4611686018696661073"
    }, {
      "d" : "1756460798548088779",
      "t" : 1756460798548,
      "tn" : 1756460798548088779,
      "q" : "0.1153",
      "p" : "4332.52",
      "s" : "buy",
      "i" : "ETH_USDT",
      "m" : "4611686018696661072"
    }, {
      "d" : "1756460798546611400",
      "t" : 1756460798546,
      "tn" : 1756460798546611400,
      "q" : "0.4370",
      "p" : "4332.40",
      "s" : "buy",
      "i" : "ETH_USDT",
      "m" : "4611686018696661071"
    }, {
      "d" : "1756460798546610813",
      "t" : 1756460798546,
      "tn" : 1756460798546610813,
      "q" : "0.0100",
      "p" : "4332.37",
      "s" : "buy",
      "i" : "ETH_USDT",
      "m" : "4611686018696661070"
    }, {
      "d" : "1756460798546607193",
      "t" : 1756460798546,
      "tn" : 1756460798546607193,
      "q" : "0.4370",
      "p" : "4332.30",
      "s" : "buy",
      "i" : "ETH_USDT",
      "m" : "4611686018696661069"
    }, {
      "d" : "1756460798546604301",
      "t" : 1756460798546,
      "tn" : 1756460798546604301,
      "q" : "0.1154",
      "p" : "4332.22",
      "s" : "buy",
      "i" : "ETH_USDT",
      "m" : "4611686018696661068"
    }, {
      "d" : "1756460786680581739",
      "t" : 1756460786680,
      "tn" : 1756460786680581739,
      "q" : "0.0030",
      "p" : "4332.21",
      "s" : "sell",
      "i" : "ETH_USDT",
      "m" : "4611686018696661067"
    }, {
      "d" : "1756460781367923759",
      "t" : 1756460781367,
      "tn" : 1756460781367923759,
      "q" : "0.0005",
      "p" : "4331.60",
      "s" : "buy",
      "i" : "ETH_USDT",
      "m" : "4611686018696661066"
    }, {
      "d" : "1756460781367921752",
      "t" : 1756460781367,
      "tn" : 1756460781367921752,
      "q" : "0.0004",
      "p" : "4331.58",
      "s" : "buy",
      "i" : "ETH_USDT",
      "m" : "4611686018696661065"
    }, {
      "d" : "1756460781367522174",
      "t" : 1756460781367,
      "tn" : 1756460781367522174,
      "q" : "0.1150",
      "p" : "4331.58",
      "s" : "buy",
      "i" : "ETH_USDT",
      "m" : "4611686018696661064"
    }, {
      "d" : "1756460781314458890",
      "t" : 1756460781314,
      "tn" : 1756460781314458890,
      "q" : "0.1154",
      "p" : "4331.46",
      "s" : "buy",
      "i" : "ETH_USDT",
      "m" : "4611686018696661063"
    }, {
      "d" : "1756460779568701608",
      "t" : 1756460779568,
      "tn" : 1756460779568701608,
      "q" : "0.0001",
      "p" : "4331.32",
      "s" : "buy",
      "i" : "ETH_USDT",
      "m" : "4611686018696661062"
    }, {
      "d" : "1756460778973844616",
      "t" : 1756460778973,
      "tn" : 1756460778973844616,
      "q" : "0.0114",
      "p" : "4331.32",
      "s" : "buy",
      "i" : "ETH_USDT",
      "m" : "4611686018696661061"
    }, {
      "d" : "1756460777443026908",
      "t" : 1756460777443,
      "tn" : 1756460777443026908,
      "q" : "0.0115",
      "p" : "4331.07",
      "s" : "sell",
      "i" : "ETH_USDT",
      "m" : "4611686018696661060"
    }, {
      "d" : "1756460772999616301",
      "t" : 1756460772999,
      "tn" : 1756460772999616301,
      "q" : "0.0577",
      "p" : "4331.63",
      "s" : "sell",
      "i" : "ETH_USDT",
      "m" : "4611686018696661059"
    }, {
      "d" : "1756460771757320959",
      "t" : 1756460771757,
      "tn" : 1756460771757320959,
      "q" : "0.5500",
      "p" : "4331.73",
      "s" : "sell",
      "i" : "ETH_USDT",
      "m" : "4611686018696661058"
    }, {
      "d" : "1756460771757317939",
      "t" : 1756460771757,
      "tn" : 1756460771757317939,
      "q" : "0.4446",
      "p" : "4331.74",
      "s" : "sell",
      "i" : "ETH_USDT",
      "m" : "4611686018696661057"
    }, {
      "d" : "1756460771757312387",
      "t" : 1756460771757,
      "tn" : 1756460771757312387,
      "q" : "0.0058",
      "p" : "4331.77",
      "s" : "sell",
      "i" : "ETH_USDT",
      "m" : "4611686018696661056"
    }, {
      "d" : "1756460767890473591",
      "t" : 1756460767890,
      "tn" : 1756460767890473590,
      "q" : "0.0114",
      "p" : "4331.99",
      "s" : "sell",
      "i" : "ETH_USDT",
      "m" : "4611686018696661055"
    } ]
  }
}