{
  "id" : -1,
  "method" : "public/get-trades",
  "code" : 0,
  "result" : {
    "data" : [ {
      "d" : "1756460903487161017",
      "t" : 1756460903487,
      "tn" : 1756460903487161017,
      "q" : "0.0018",
      "p" : "3715.16",
      "s" : "buy",
      "i" : "ETH_EUR",
      "m" : "4611686018434529244"
    }, {
      "d" : "1756460890197625553",
      "t" : 1756460890197,
      "tn" : 1756460890197625553,
      "q" : "0.0005",
      "p" : "3712.89",
      "s" : "buy",
      "i" : "ETH_EUR",
      "m" : "4611686018434529243"
    }, {
      "d" : "1756460863976502071",
      "t" : 1756460863976,
      "tn" : 1756460863976502071,
      "q" : "0.0005",
      "p" : "3711.50",
      "s" : "buy",
      "i" : "ETH_EUR",
      "m" : "4611686018434529242"
    }, {
      "d" : "1756460840374265784",
      "t" : 1756460840374,
      "tn" : 1756460840374265784,
      "q" : "0.0023",
      "p" : "3710.75",
      "s" : "buy",
      "i" : "ETH_EUR",
      "m" : "4611686018434529241"
    }, {
      "d" : "1756460840349470130",
      "t" : 1756460840349,
      "tn" : 1756460840349470130,
      "q" : "0.0661",
      "p" : "3710.75",
      "s" : "buy",
      "i" : "ETH_EUR",
      "m" : "4611686018434529240"
    }, {
      "d" : "1756460840321821001",
      "t" : 1756460840321,
      "tn" : 1756460840321821001,
      "q" : "0.1536",
      "p" : "3710.75",
      "s" : "buy",
      "i" : "ETH_EUR",
      "m" : "4611686018434529239"
    }, {
      "d" : "1756460840208036762",
      "t" : 1756460840208,
      "tn" : 1756460840208036762,
      "q" : "0.0005",
      "p" : "3710.67",
      "s" : "buy",
      "i" : "ETH_EUR",
      "m" : "4611686018434529238"
    }, {
      "d" : "1756460838964535880",
      "t" : 1756460838964,
      "tn" : 1756460838964535880,
      "q" : "0.0005",
      "p" : "3710.26",
      "s" : "buy",
      "i" : "ETH_EUR",
      "m" : "4611686018434529237"
    }, {
      "d" : "1756460794048537177",
      "t" : 1756460794048,
      "tn" : 1756460794048537177,
      "q" : "0.0005",
      "p" : "3711.58",
      "s" : "buy",
      "i" : "ETH_EUR",
      "m" : "4611686018434529236"
    }, {
      "d" : "1756460748472768709",
      "t" : 1756460748472,
      "tn" : 1756460748472768709,
      "q" : "0.0313",
      "p" : "3711.00",
      "s" : "buy",
      "i" : "ETH_EUR",
      "m" : "4611686018434529235"
    }, {
      "d" : "1756460748451475248",
      "t" : 1756460748451,
      "tn" : 1756460748451475248,
      "q" : "0.0706",
      "p" : "3711.00",
      "s" : "buy",
      "i" : "ETH_EUR",
      "m" : "4611686018434529234"
    }, {
      "d" : "1756460748386098828",
      "t" : 1756460748386,
      "tn" : 1756460748386098828,
      "q" : "0.2166",
      "p" : "3711.00",
      "s" : "buy",
      "i" : "ETH_EUR",
      "m" : "4611686018434529233"
    }, {
      "d" : "1756460748347245219",
      "t" : 1756460748347,
      "tn" : 1756460748347245219,
      "q" : "0.0753",
      "p" : "3711.00",
      "s" : "buy",
      "i" : "ETH_EUR",
      "m" : "4611686018434529232"
    }, {
      "d" : "1756460748336723781",
      "t" : 1756460748336,
      "tn" : 1756460748336723781,
      "q" : "0.1243",
      "p" : "3711.00",
      "s" : "buy",
      "i" : "ETH_EUR",
      "m" : "4611686018434529231"
    }, {
      "d" : "1756460748296560025",
      "t" : 1756460748296,
      "tn" : 1756460748296560025,
      "q" : "0.2602",
      "p" : "3711.00",
      "s" : "buy",
      "i" : "ETH_EUR",
      "m" : "4611686018434529230"
    }, {
      "d" : "1756460748251895903",
      "t" : 1756460748251,
      "tn" : 1756460748251895903,
      "q" : "0.0021",
      "p" : "3710.99",
      "s" : "buy",
      "i" : "ETH_EUR",
      "m" : "4611686018434529229"
    }, {
      "d" : "1756460748248314994",
      "t" : 1756460748248,
      "tn" : 1756460748248314994,
      "q" : "0.0005",
      "p" : "3710.98",
      "s" : "buy",
      "i" : "ETH_EUR",
      "m" : "4611686018434529228"
    }, {
      "d" : "1756460737260856654",
      "t" : 1756460737260,
      "tn" : 1756460737260856654,
      "q" : "0.0005",
      "p" : "3709.73",
      "s" : "buy",
      "i" : "ETH_EUR",
      "m" : "4611686018434529227"
    }, {
      "d" : "1756460736852512558",
      "t" : 1756460736852,
      "tn" : 1756460736852512558,
      "q" : "0.0005",
      "p" : "3709.67",
      "s" : "buy",
      "i" : "ETH_EUR",
      "m" : "4611686018434529226"
    }, {
      "d" : "1756460699005916664",
      "t" : 1756460699005,
      "tn" : 1756460699005916664,
      "q" : "0.0005",
      "p" : "3709.86",
      "s" : "buy",
      "i" : "ETH_EUR",
      "m" : "4611686018434529225"
    }, {
      "d" : "1756460666415840849",
      "t" : 1756460666415,
      "tn" : 1756460666415840849,
      "q" : "0.0005",
      "p" : "3710.59",
      "s" : "buy",
      "i" : "ETH_EUR",
      "m" : "4611686018434529224"
    }, {
      "d" : "1756460666282746189",
      "t" : 1756460666282,
      "tn" : 1756460666282746189,
      "q" : "0.0005",
      "p" : "3710.58",
      "s" : "buy",
      "i" : "ETH_EUR",
      "m" : "4611686018434529223"
    }, {
      "d" : "1756460658619964636",
      "t" : 1756460658619,
      "tn" : 1756460658619964636,
      "q" : "0.4769",
      "p" : "3710.12",
      "s" : "sell",
      "i" : "ETH_EUR",
      "m" : "4611686018434529222"
    }, {
      "d" : "1756460658619962800",
      "t" : 1756460658619,
      "tn" : 1756460658619962800,
      "q" : "0.0231",
      "p" : "3710.19",
      "s" : "sell",
      "i" : "ETH_EUR",
      "m" : "4611686018434529221"
    }, {
      "d" : "1756460656519332309",
      "t" : 1756460656519,
      "tn" : 1756460656519332309,
      "q" : "0.0005",
      "p" : "3709.71",
      "s" : "buy",
      "i" : "ETH_EUR",
      "m" : "4611686018434529220"
    }, {
      "d" : "1756460656517501411",
      "t" : 1756460656517,
      "tn" : 1756460656517501411,
      "q" : "0.0005",
      "p" : "3709.70",
      "s" : "buy",
      "i" : "ETH_EUR",
      "m" : "4611686018434529219"
    }, {
      "d" : "1756460604302704255",
      "t" : 1756460604302,
      "tn" : 1756460604302704255,
      "q" : "0.0005",
      "p" : "3709.94",
      "s" : "buy",
      "i" : "ETH_EUR",
      "m" : "4611686018434529218"
    }, {
      "d" : "1756460592389815025",
      "t" : 1756460592389,
      "tn" : 1756460592389815025,
      "q" : "0.0005",
      "p" : "3709.36",
      "s" : "buy",
      "i" : "ETH_EUR",
      "m" : "4611686018434529217"
    }, {
      "d" : "1756460592387118240",
      "t" : 1756460592387,
      "tn" : 1756460592387118240,
      "q" : "0.0005",
      "p" : "3709.35",
      "s" : "buy",
      "i" : "ETH_EUR",
      "m" : "4611686018434529216"
    }, {
      "d" : "1756460547784149923",
      "t" : 1756460547784,
      "tn" : 1756460547784149923,
      "q" : "0.2367",
      "p" : "3711.00",
      "s" : "buy",
      "i" : "ETH_EUR",
      "m" : "4611686018434529215"
    }, {
      "d" : "1756460547530968106",
      "t" : 1756460547530,
      "tn" : 1756460547530968106,
      "q" : "0.3567",
      "p" : "3711.00",
      "s" : "buy",
      "i" : "ETH_EUR",
      "m" : "4611686018434529214"
    }, {
      "d" : "1756460547374002023",
      "t" : 1756460547374,
      "tn" : 1756460547374002023,
      "q" : "2.0214",
      "p" : "3711.00",
      "s" : "buy",
      "i" : "ETH_EUR",
      "m" : "4611686018434529213"
    }, {
      "d" : "1756460547368351092",
      "t" : 1756460547368,
      "tn" : 1756460547368351092,
      "q" : "0.2308",
      "p" : "3711.13",
      "s" : "sell",
      "i" : "ETH_EUR",
      "m" : "4611686018434529212"
    }, {
      "d" : "1756460547368348962",
      "t" : 1756460547368,
      "tn" : 1756460547368348962,
      "q" : "0.5450",
      "p" : "3711.54",
      "s" : "sell",
      "i" : "ETH_EUR",
      "m" : "4611686018434529211"
    }, {
      "d" : "1756460547368346466",
      "t" : 1756460547368,
      "tn" : 1756460547368346466,
      "q" : "0.0230",
      "p" : "3711.91",
      "s" : "sell",
      "i" : "ETH_EUR",
      "m" : "4611686018434529210"
    }, {
      "d" : "1756460545895462660",
      "t" : 1756460545895,
      "tn" : 1756460545895462660,
      "q" : "0.0038",
      "p" : "3711.79",
      "s" : "sell",
      "i" : "ETH_EUR",
      "m" : "4611686018434529209"
    }, {
      "d" : "1756460525431213396",
      "t" : 1756460525431,
      "tn" : 1756460525431213396,
      "q" : "0.1734",
      "p" : "3710.76",
      "s" : "buy",
      "i" : "ETH_EUR",
      "m" : "4611686018434529208"
    }, {
      "d" : "1756460525424270732",
      "t" : 1756460525424,
      "tn" : 1756460525424270732,
      "q" : "0.0005",
      "p" : "3710.34",
      "s" : "buy",
      "i" : "ETH_EUR",
      "m" : "4611686018434529207"
    }, {
      "d" : "1756460525424269599",
      "t" : 1756460525424,
      "tn" : 1756460525424269599,
      "q" : "0.0003",
      "p" : "3710.33",
      "s" : "buy",
      "i" : "ETH_EUR",
      "m" : "4611686018434529206"
    }, {
      "d" : "1756460525424268879",
      "t" : 1756460525424,
      "tn" : 1756460525424268879,
      "q" : "0.0005",
      "p" : "3710.32",
      "s" : "buy",
      "i" : "ETH_EUR",
      "m" : "4611686018434529205"
    }, {
      "d" : "1756460520313630253",
      "t" : 1756460520313,
      "tn" : 1756460520313630253,
      "q" : "0.0973",
      "p" : "3708.63",
      "s" : "sell",
      "i" : "ETH_EUR",
      "m" : "4611686018434529204"
    }, {
      "d" : "1756460455291120361",
      "t" : 1756460455291,
      "tn" : 1756460455291120361,
      "q" : "0.0111",
      "p" : "3711.09",
      "s" : "buy",
      "i" : "ETH_EUR",
      "m" : "4611686018434529203"
    }, {
      "d" : "1756460455272500180",
      "t" : 1756460455272,
      "tn" : 1756460455272500180,
      "q" : "0.0579",
      "p" : "3711.09",
      "s" : "buy",
      "i" : "ETH_EUR",
      "m" : "4611686018434529202"
    }, {
      "d" : "1756460455098018459",
      "t" : 1756460455098,
      "tn" : 1756460455098018459,
      "q" : "0.0968",
      "p" : "3711.09",
      "s" : "buy",
      "i" : "ETH_EUR",
      "m" : "4611686018434529201"
    }, {
      "d" : "1756460454662583247",
      "t" : 1756460454662,
      "tn" : 1756460454662583247,
      "q" : "0.0025",
      "p" : "3710.41",
      "s" : "buy",
      "i" : "ETH_EUR",
      "m" : "4611686018434529200"
    }, {
      "d" : "1756460454649379714",
      "t" : 1756460454649,
      "tn" : 1756460454649379714,
      "q" : "0.0005",
      "p" : "3710.40",
      "s" : "buy",
      "i" : "ETH_EUR",
      "m" : "4611686018434529199"
    }, {
      "d" : "1756460442262452619",
      "t" : 1756460442262,
      "tn" : 1756460442262452619,
      "q" : "0.0005",
      "p" : "3708.78",
      "s" : "buy",
      "i" : "ETH_EUR",
      "m" : "4611686018434529198"
    }, {
      "d" : "1756460411541003053",
      "t" : 1756460411541,
      "tn" : 1756460411541003053,
      "q" : "0.0005",
      "p" : "3709.93",
      "s" : "buy",
      "i" : "ETH_EUR",
      "m" : "4611686018434529197"
    }, {
      "d" : "1756460381862627130",
      "t" : 1756460381862,
      "tn" : 1756460381862627130,
      "q" : "0.0005",
      "p" : "3709.02",
      "s" : "buy",
      "i" : "ETH_EUR",
      "m" : "4611686018434529196"
    }, {
      "d" : "1756460381652164617",
      "t" : 1756460381652,
      "tn" : 1756460381652164617,
      "q" : "0.0835",
      "p" : "3708.98",
      "s" : "buy",
      "i" : "ETH_EUR",
      "m" : "4611686018434529195"
    }, {
      "d" : "1756460380641476897",
      "t" : 1756460380641,
      "tn" : 1756460380641476897,
      "q" : "0.0005",
      "p" : "3708.70",
      "s" : "buy",
      "i" : "ETH_EUR",
      "m" : "4611686018434529194"
    }, {
      "d" : "1756460294197955785",
      "t" : 1756460294197,
      "tn" : 1756460294197955785,
      "q" : "0.1308",
      "p" : "3712.11",
      "s" : "buy",
      "i" : "ETH_EUR",
      "m" : "4611686018434529193"
    }, {
      "d" : "1756460287729746167",
      "t" : 1756460287729,
      "tn" : 1756460287729746167,
      "q" : "0.0025",
      "p" : "3711.39",
      "s" : "buy",
      "i" : "ETH_EUR",
      "m" : "4611686018434529192"
    }, {
      "d" : "1756460235284354954",
      "t" : 1756460235284,
      "tn" : 1756460235284354954,
      "q" : "0.0005",
      "p" : "3710.66",
      "s" : "buy",
      "i" : "ETH_EUR",
      "m" : "4611686018434529191"
    }, {
      "d" : "1756460182397769969",
      "t" : 1756460182397,
      "tn" : 1756460182397769969,
      "q" : "0.2696",
      "p" : "3712.78",
      "s" : "buy",
      "i" : "ETH_EUR",
      "m" : "4611686018434529190"
    }, {
      "d" : "1756460142839304058",
      "t" : 1756460142839,
      "tn" : 1756460142839304058,
      "q" : "0.0001",
      "p" : "3718.53",
      "s" : "buy",
      "i" : "ETH_EUR",
      "m" : "4611686018434529189"
    }, {
      "d" : "1756460142839301964",
      "t" : 1756460142839,
      "tn" : 1756460142839301964,
      "q" : "0.0003",
      "p" : "3717.52",
      "s" : "buy",
      "i" : "ETH_EUR",
      "m" : "4611686018434529188"
    }, {
      "d" : "1756460142839299284",
      "t" : 1756460142839,
      "tn" : 1756460142839299284,
      "q" : "0.0005",
      "p" : "3717.25",
      "s" : "buy",
      "i" : "ETH_EUR",
      "m" : "4611686018434529187"
    }, {
      "d" : "1756460102119327635",
      "t" : 1756460102119,
      "tn" : 1756460102119327635,
      "q" : "0.0005",
      "p" : "3717.60",
      "s" : "buy",
      "i" : "ETH_EUR",
      "m" : "4611686018434529186"
    }, {
      "d" : "1756460094926426166",
      "t" : 1756460094926,
      "tn" : 1756460094926426166,
      "q" : "0.0187",
      "p" : "3717.92",
      "s" : "buy",
      "i" : "ETH_EUR",
      "m" : "4611686018434529185"
    }, {
      "d" : "1756460094926424566",
      "t" : 1756460094926,
      "tn" : 1756460094926424566,
      "q" : "0.0006",
      "p" : "3717.62",
      "s" : "buy",
      "i" : "ETH_EUR",
      "m" : "4611686018434529184"
    }, {
      "d" : "1756460094926422033",
      "t" : 1756460094926,
      "tn" : 1756460094926422033,
      "q" : "0.0005",
      "p" : "3717.61",
      "s" : "buy",
      "i" : "ETH_EUR",
      "m" : "4611686018434529183"
    }, {
      "d" : "1756460088451161990",
      "t" : 1756460088451,
      "tn" : 1756460088451161990,
      "q" : "0.0005",
      "p" : "3716.77",
      "s" : "buy",
      "i" : "ETH_EUR",
      "m" : "4611686018434529182"
    }, {
      "d" : "1756460075410258287",
      "t" : 1756460075410,
      "tn" : 1756460075410258287,
      "q" : "0.0005",
      "p" : "3716.48",
      "s" : "buy",
      "i" : "ETH_EUR",
      "m" : "4611686018434529181"
    }, {
      "d" : "1756459983620446893",
      "t" : 1756459983620,
      "tn" : 1756459983620446893,
      "q" : "0.0129",
      "p" : "3717.09",
      "s" : "buy",
      "i" : "ETH_EUR",
      "m" : "4611686018434529180"
    }, {
      "d" : "1756459983612265568",
      "t" : 1756459983612,
      "tn" : 1756459983612265568,
      "q" : "0.2004",
      "p" : "3717.09",
      "s" : "buy",
      "i" : "ETH_EUR",
      "m" : "4611686018434529179"
    }, {
      "d" : "1756459982790771995",
      "t" : 1756459982790,
      "tn" : 1756459982790771995,
      "q" : "0.0016",
      "p" : "3716.41",
      "s" : "buy",
      "i" : "ETH_EUR",
      "m" : "4611686018434529178"
    }, {
      "d" : "1756459982723892740",
      "t" : 1756459982723,
      "tn" : 1756459982723892740,
      "q" : "0.0005",
      "p" : "3716.40",
      "s" : "buy",
      "i" : "ETH_EUR",
      "m" : "4611686018434529177"
    }, {
      "d" : "1756459968315354309",
      "t" : 1756459968315,
      "tn" : 1756459968315354308,
      "q" : "0.0003",
      "p" : "3715.76",
      "s" : "buy",
      "i" : "ETH_EUR",
      "m" : "4611686018434529176"
    }, {
      "d" : "1756459968315354308",
      "t" : 1756459968315,
      "tn" : 1756459968315354308,
      "q" : "0.0003",
      "p" : "3715.76",
      "s" : "buy",
      "i" : "ETH_EUR",
      "m" : "4611686018434529176"
    }, {
      "d" : "1756459963191130714",
      "t" : 1756459963191,
      "tn" : 1756459963191130714,
      "q" : "0.0005",
      "p" : "3715.14",
      "s" : "buy",
      "i" : "ETH_EUR",
      "m" : "4611686018434529175"
    }, {
      "d" : "1756459925194538543",
      "t" : 1756459925194,
      "tn" : 1756459925194538543,
      "q" : "0.0025",
      "p" : "3717.00",
      "s" : "buy",
      "i" : "ETH_EUR",
      "m" : "4611686018434529174"
    }, {
      "d" : "1756459924824005941",
      "t" : 1756459924824,
      "tn" : 1756459924824005941,
      "q" : "0.0444",
      "p" : "3717.02",
      "s" : "buy",
      "i" : "ETH_EUR",
      "m" : "4611686018434529173"
    }, {
      "d" : "1756459924818022410",
      "t" : 1756459924818,
      "tn" : 1756459924818022410,
      "q" : "0.1538",
      "p" : "3717.02",
      "s" : "buy",
      "i" : "ETH_EUR",
      "m" : "4611686018434529172"
    }, {
      "d" : "1756459924798636083",
      "t" : 1756459924798,
      "tn" : 1756459924798636083,
      "q" : "0.0028",
      "p" : "3717.01",
      "s" : "buy",
      "i" : "ETH_EUR",
      "m" : "4611686018434529171"
    }, {
      "d" : "1756459921577251356",
      "t" : 1756459921577,
      "tn" : 1756459921577251356,
      "q" : "0.0028",
      "p" : "3716.49",
      "s" : "buy",
      "i" : "ETH_EUR",
      "m" : "4611686018434529170"
    }, {
      "d" : "1756459914367264027",
      "t" : 1756459914367,
      "tn" : 1756459914367264027,
      "q" : "0.0588",
      "p" : "3715.23",
      "s" : "buy",
      "i" : "ETH_EUR",
      "m" : "4611686018434529169"
    }, {
      "d" : "1756459914330335708",
      "t" : 1756459914330,
      "tn" : 1756459914330335708,
      "q" : "0.0493",
      "p" : "3715.23",
      "s" : "buy",
      "i" : "ETH_EUR",
      "m" : "4611686018434529168"
    }, {
      "d" : "1756459914298440634",
      "t" : 1756459914298,
      "tn" : 1756459914298440634,
      "q" : "0.0682",
      "p" : "3715.23",
      "s" : "buy",
      "i" : "ETH_EUR",
      "m" : "4611686018434529167"
    }, {
      "d" : "1756459914276849508",
      "t" : 1756459914276,
      "tn" : 1756459914276849508,
      "q" : "0.1609",
      "p" : "3715.24",
      "s" : "buy",
      "i" : "ETH_EUR",
      "m" : "4611686018434529166"
    }, {
      "d" : "1756459884218359953",
      "t" : 1756459884218,
      "tn" : 1756459884218359953,
      "q" : "0.0205",
      "p" : "3716.59",
      "s" : "buy",
      "i" : "ETH_EUR",
      "m" : "4611686018434529165"
    }, {
      "d" : "1756459884191066349",
      "t" : 1756459884191,
      "tn" : 1756459884191066349,
      "q" : "0.0489",
      "p" : "3716.59",
      "s" : "buy",
      "i" : "ETH_EUR",
      "m" : "4611686018434529164"
    }, {
      "d" : "1756459884172958820",
      "t" : 1756459884172,
      "tn" : 1756459884172958820,
      "q" : "0.1547",
      "p" : "3716.59",
      "s" : "buy",
      "i" : "ETH_EUR",
      "m" : "4611686018434529163"
    }, {
      "d" : "1756459854375124298",
      "t" : 1756459854375,
      "tn" : 1756459854375124298,
      "q" : "0.0017",
      "p" : "3718.51",
      "s" : "buy",
      "i" : "ETH_EUR",
      "m" : "4611686018434529162"
    }, {
      "d" : "1756459854373663779",
      "t" : 1756459854373,
      "tn" : 1756459854373663779,
      "q" : "0.0005",
      "p" : "3718.50",
      "s" : "buy",
      "i" : "ETH_EUR",
      "m" : "4611686018434529161"
    }, {
      "d" : "1756459830173309429",
      "t" : 1756459830173,
      "tn" : 1756459830173309429,
      "q" : "0.0453",
      "p" : "3716.97",
      "s" : "buy",
      "i" : "ETH_EUR",
      "m" : "4611686018434529160"
    }, {
      "d" : "1756459830151350351",
      "t" : 1756459830151,
      "tn" : 1756459830151350351,
      "q" : "0.1547",
      "p" : "3716.97",
      "s" : "buy",
      "i" : "ETH_EUR",
      "m" : "4611686018434529159"
    }, {
      "d" : "1756459825600994583",
      "t" : 1756459825600,
      "tn" : 1756459825600994583,
      "q" : "0.0005",
      "p" : "3716.07",
      "s" : "buy",
      "i" : "ETH_EUR",
      "m" : "4611686018434529158"
    }, {
      "d" : "1756459761917384986",
      "t" : 1756459761917,
      "tn" : 1756459761917384986,
      "q" : "0.0005",
      "p" : "3715.46",
      "s" : "buy",
      "i" : "ETH_EUR",
      "m" : "4611686018434529157"
    }, {
      "d" : "1756459628934430024",
      "t" : 1756459628934,
      "tn" : 1756459628934430024,
      "q" : "0.0005",
      "p" : "3715.17",
      "s" : "sell",
      "i" : "ETH_EUR",
      "m" : "4611686018434529156"
    }, {
      "d" : "1756459601721023791",
      "t" : 1756459601721,
      "tn" : 1756459601721023791,
      "q" : "0.0005",
      "p" : "3718.41",
      "s" : "sell",
      "i" : "ETH_EUR",
      "m" : "4611686018434529155"
    }, {
      "d" : "1756459601693717470",
      "t" : 1756459601693,
      "tn" : 1756459601693717470,
      "q" : "0.0005",
      "p" : "3718.42",
      "s" : "sell",
      "i" : "ETH_EUR",
      "m" : "4611686018434529154"
    }, {
      "d" : "1756459563330839488",
      "t" : 1756459563330,
      "tn" : 1756459563330839488,
      "q" : "0.0005",
      "p" : "3719.28",
      "s" : "sell",
      "i" : "ETH_EUR",
      "m" : "4611686018434529153"
    }, {
      "d" : "1756459550587319269",
      "t" : 1756459550587,
      "tn" : 1756459550587319269,
      "q" : "0.0005",
      "p" : "3718.63",
      "s" : "buy",
      "i" : "ETH_EUR",
      "m" : "4611686018434529152"
    }, {
      "d" : "1756459550470144465",
      "t" : 1756459550470,
      "tn" : 1756459550470144465,
      "q" : "0.0005",
      "p" : "3718.62",
      "s" : "buy",
      "i" : "ETH_EUR",
      "m" : "4611686018434529151"
    }, {
      "d" : "1756459528007239964",
      "t" : 1756459528007,
      "tn" : 1756459528007239964,
      "q" : "0.0680",
      "p" : "3717.61",
      "s" : "buy",
      "i" : "ETH_EUR",
      "m" : "4611686018434529150"
    }, {
      "d" : "1756459528007237838",
      "t" : 1756459528007,
      "tn" : 1756459528007237838,
      "q" : "0.0005",
      "p" : "3717.60",
      "s" : "buy",
      "i" : "ETH_EUR",
      "m" : "4611686018434529149"
    }, {
      "d" : "1756459528007235433",
      "t" : 1756459528007,
      "tn" : 1756459528007235433,
      "q" : "0.0005",
      "p" : "3717.58",
      "s" : "buy",
      "i" : "ETH_EUR",
      "m" : "4611686018434529148"
    }, {
      "d" : "1756459496570741553",
      "t" : 1756459496570,
      "tn" : 1756459496570741552,
      "q" : "0.0005",
      "p" : "3716.77",
      "s" : "buy",
      "i" : "ETH_EUR",
      "m" : "4611686018434529147"
    }, {
      "d" : "1756459496570741552",
      "t" : 1756459496570,
      "tn" : 1756459496570741552,
      "q" : "0.0215",
      "p" : "3716.77",
      "s" : "buy",
      "i" : "ETH_EUR",
      "m" : "4611686018434529147"
    }, {
      "d" : "1756459496467201308",
      "t" : 1756459496467,
      "tn" : 1756459496467201308,
      "q" : "0.1384",
      "p" : "3716.77",
      "s" : "buy",
      "i" : "ETH_EUR",
      "m" : "4611686018434529146"
    }, {
      "d" : "1756459487200775858",
      "t" : 1756459487200,
      "tn" : 1756459487200775858,
      "q" : "0.0005",
      "p" : "3715.34",
      "s" : "buy",
      "i" : "ETH_EUR",
      "m" : "4611686018434529145"
    }, {
      "d" : "1756459486734287844",
      "t" : 1756459486734,
      "tn" : 1756459486734287844,
      "q" : "0.0168",
      "p" : "3715.27",
      "s" : "buy",
      "i" : "ETH_EUR",
      "m" : "4611686018434529144"
    }, {
      "d" : "1756459486538553899",
      "t" : 1756459486538,
      "tn" : 1756459486538553899,
      "q" : "0.0750",
      "p" : "3715.27",
      "s" : "buy",
      "i" : "ETH_EUR",
      "m" : "4611686018434529143"
    }, {
      "d" : "1756459486511713098",
      "t" : 1756459486511,
      "tn" : 1756459486511713098,
      "q" : "0.0681",
      "p" : "3715.27",
      "s" : "buy",
      "i" : "ETH_EUR",
      "m" : "4611686018434529142"
    }, {
      "d" : "1756459400561276453",
      "t" : 1756459400561,
      "tn" : 1756459400561276453,
      "q" : "0.0005",
      "p" : "3716.19",
      "s" : "sell",
      "i" : "ETH_EUR",
      "m" : "4611686018434529141"
    }, {
      "d" : "1756459356692424497",
      "t" : 1756459356692,
      "tn" : 1756459356692424497,
      "q" : "0.1310",
      "p" : "3718.83",
      "s" : "buy",
      "i" : "ETH_EUR",
      "m" : "4611686018434529140"
    }, {
      "d" : "1756459356687131618",
      "t" : 1756459356687,
      "tn" : 1756459356687131618,
      "q" : "0.0005",
      "p" : "3718.82",
      "s" : "buy",
      "i" : "ETH_EUR",
      "m" : "4611686018434529139"
    }, {
      "d" : "1756459291339851868",
      "t" : 1756459291339,
      "tn" : 1756459291339851868,
      "q" : "0.0005",
      "p" : "3716.69",
      "s" : "buy",
      "i" : "ETH_EUR",
      "m" : "4611686018434529138"
    }, {
      "d" : "1756459283968767380",
      "t" : 1756459283968,
      "tn" : 1756459283968767380,
      "q" : "0.8770",
      "p" : "3718.14",
      "s" : "buy",
      "i" : "ETH_EUR",
      "m" : "4611686018434529137"
    }, {
      "d" : "1756459283968766555",
      "t" : 1756459283968,
      "tn" : 1756459283968766555,
      "q" : "0.1278",
      "p" : "3717.49",
      "s" : "buy",
      "i" : "ETH_EUR",
      "m" : "4611686018434529136"
    }, {
      "d" : "1756459283968765035",
      "t" : 1756459283968,
      "tn" : 1756459283968765035,
      "q" : "0.0003",
      "p" : "3716.88",
      "s" : "buy",
      "i" : "ETH_EUR",
      "m" : "4611686018434529135"
    }, {
      "d" : "1756459283968762609",
      "t" : 1756459283968,
      "tn" : 1756459283968762609,
      "q" : "0.2304",
      "p" : "3716.65",
      "s" : "buy",
      "i" : "ETH_EUR",
      "m" : "4611686018434529134"
    }, {
      "d" : "1756459283968760631",
      "t" : 1756459283968,
      "tn" : 1756459283968760631,
      "q" : "0.0005",
      "p" : "3716.26",
      "s" : "buy",
      "i" : "ETH_EUR",
      "m" : "4611686018434529133"
    }, {
      "d" : "1756459283968758715",
      "t" : 1756459283968,
      "tn" : 1756459283968758715,
      "q" : "0.0005",
      "p" : "3716.25",
      "s" : "buy",
      "i" : "ETH_EUR",
      "m" : "4611686018434529132"
    }, {
      "d" : "1756459283968756459",
      "t" : 1756459283968,
      "tn" : 1756459283968756459,
      "q" : "0.0230",
      "p" : "3716.14",
      "s" : "buy",
      "i" : "ETH_EUR",
      "m" : "4611686018434529131"
    }, {
      "d" : "1756459183536252698",
      "t" : 1756459183536,
      "tn" : 1756459183536252698,
      "q" : "0.1765",
      "p" : "3714.00",
      "s" : "buy",
      "i" : "ETH_EUR",
      "m" : "4611686018434529130"
    }, {
      "d" : "1756459183536250638",
      "t" : 1756459183536,
      "tn" : 1756459183536250638,
      "q" : "0.0072",
      "p" : "3713.43",
      "s" : "buy",
      "i" : "ETH_EUR",
      "m" : "4611686018434529129"
    }, {
      "d" : "1756459183532986033",
      "t" : 1756459183532,
      "tn" : 1756459183532986033,
      "q" : "0.0005",
      "p" : "3712.98",
      "s" : "buy",
      "i" : "ETH_EUR",
      "m" : "4611686018434529128"
    }, {
      "d" : "1756459183532985447",
      "t" : 1756459183532,
      "tn" : 1756459183532985447,
      "q" : "0.0005",
      "p" : "3712.97",
      "s" : "buy",
      "i" : "ETH_EUR",
      "m" : "4611686018434529127"
    }, {
      "d" : "1756459160754022623",
      "t" : 1756459160754,
      "tn" : 1756459160754022623,
      "q" : "0.0005",
      "p" : "3711.30",
      "s" : "buy",
      "i" : "ETH_EUR",
      "m" : "4611686018434529126"
    }, {
      "d" : "1756459160752489182",
      "t" : 1756459160752,
      "tn" : 1756459160752489182,
      "q" : "0.0005",
      "p" : "3711.29",
      "s" : "buy",
      "i" : "ETH_EUR",
      "m" : "4611686018434529125"
    }, {
      "d" : "1756459114696795464",
      "t" : 1756459114696,
      "tn" : 1756459114696795464,
      "q" : "0.0389",
      "p" : "3710.06",
      "s" : "sell",
      "i" : "ETH_EUR",
      "m" : "4611686018434529124"
    }, {
      "d" : "1756459114696793823",
      "t" : 1756459114696,
      "tn" : 1756459114696793823,
      "q" : "0.0003",
      "p" : "3710.10",
      "s" : "sell",
      "i" : "ETH_EUR",
      "m" : "4611686018434529123"
    }, {
      "d" : "1756459100104692722",
      "t" : 1756459100104,
      "tn" : 1756459100104692722,
      "q" : "0.0916",
      "p" : "3711.22",
      "s" : "buy",
      "i" : "ETH_EUR",
      "m" : "4611686018434529122"
    }, {
      "d" : "1756459076812384157",
      "t" : 1756459076812,
      "tn" : 1756459076812384157,
      "q" : "0.0005",
      "p" : "3709.05",
      "s" : "buy",
      "i" : "ETH_EUR",
      "m" : "4611686018434529121"
    }, {
      "d" : "1756458999331997019",
      "t" : 1756458999331,
      "tn" : 1756458999331997019,
      "q" : "0.0081",
      "p" : "3708.50",
      "s" : "buy",
      "i" : "ETH_EUR",
      "m" : "4611686018434529120"
    }, {
      "d" : "1756458998989574321",
      "t" : 1756458998989,
      "tn" : 1756458998989574321,
      "q" : "0.0759",
      "p" : "3708.50",
      "s" : "buy",
      "i" : "ETH_EUR",
      "m" : "4611686018434529119"
    }, {
      "d" : "1756458998255336418",
      "t" : 1756458998255,
      "tn" : 1756458998255336418,
      "q" : "0.0650",
      "p" : "3708.50",
      "s" : "buy",
      "i" : "ETH_EUR",
      "m" : "4611686018434529118"
    }, {
      "d" : "1756458998155953594",
      "t" : 1756458998155,
      "tn" : 1756458998155953594,
      "q" : "0.0510",
      "p" : "3708.50",
      "s" : "buy",
      "i" : "ETH_EUR",
      "m" : "4611686018434529117"
    }, {
      "d" : "1756458993833295166",
      "t" : 1756458993833,
      "tn" : 1756458993833295166,
      "q" : "0.0006",
      "p" : "3708.24",
      "s" : "buy",
      "i" : "ETH_EUR",
      "m" : "4611686018434529116"
    }, {
      "d" : "1756458983647128838",
      "t" : 1756458983647,
      "tn" : 1756458983647128838,
      "q" : "0.0007",
      "p" : "3706.34",
      "s" : "buy",
      "i" : "ETH_EUR",
      "m" : "4611686018434529115"
    }, {
      "d" : "1756458949805957767",
      "t" : 1756458949805,
      "tn" : 1756458949805957767,
      "q" : "0.0005",
      "p" : "3705.10",
      "s" : "buy",
      "i" : "ETH_EUR",
      "m" : "4611686018434529114"
    }, {
      "d" : "1756458876257477908",
      "t" : 1756458876257,
      "tn" : 1756458876257477908,
      "q" : "0.0005",
      "p" : "3705.80",
      "s" : "buy",
      "i" : "ETH_EUR",
      "m" : "4611686018434529113"
    }, {
      "d" : "1756458707892477990",
      "t" : 1756458707892,
      "tn" : 1756458707892477990,
      "q" : "0.1247",
      "p" : "3708.90",
      "s" : "buy",
      "i" : "ETH_EUR",
      "m" : "4611686018434529112"
    }, {
      "d" : "1756458707679643657",
      "t" : 1756458707679,
      "tn" : 1756458707679643657,
      "q" : "0.0296",
      "p" : "3708.90",
      "s" : "buy",
      "i" : "ETH_EUR",
      "m" : "4611686018434529111"
    }, {
      "d" : "1756458707086728347",
      "t" : 1756458707086,
      "tn" : 1756458707086728347,
      "q" : "0.0231",
      "p" : "3708.90",
      "s" : "buy",
      "i" : "ETH_EUR",
      "m" : "4611686018434529110"
    }, {
      "d" : "1756458706804573806",
      "t" : 1756458706804,
      "tn" : 1756458706804573806,
      "q" : "0.0266",
      "p" : "3708.90",
      "s" : "buy",
      "i" : "ETH_EUR",
      "m" : "4611686018434529109"
    }, {
      "d" : "1756458690887042976",
      "t" : 1756458690887,
      "tn" : 1756458690887042976,
      "q" : "0.0003",
      "p" : "3707.99",
      "s" : "buy",
      "i" : "ETH_EUR",
      "m" : "4611686018434529108"
    }, {
      "d" : "1756458690887040264",
      "t" : 1756458690887,
      "tn" : 1756458690887040264,
      "q" : "0.2021",
      "p" : "3707.84",
      "s" : "buy",
      "i" : "ETH_EUR",
      "m" : "4611686018434529107"
    }, {
      "d" : "1756458689633273457",
      "t" : 1756458689633,
      "tn" : 1756458689633273457,
      "q" : "0.0005",
      "p" : "3706.40",
      "s" : "buy",
      "i" : "ETH_EUR",
      "m" : "4611686018434529106"
    }, {
      "d" : "1756458666421282529",
      "t" : 1756458666421,
      "tn" : 1756458666421282529,
      "q" : "0.0005",
      "p" : "3704.65",
      "s" : "buy",
      "i" : "ETH_EUR",
      "m" : "4611686018434529105"
    }, {
      "d" : "1756458666421280546",
      "t" : 1756458666421,
      "tn" : 1756458666421280546,
      "q" : "0.0005",
      "p" : "3704.64",
      "s" : "buy",
      "i" : "ETH_EUR",
      "m" : "4611686018434529104"
    }, {
      "d" : "1756458542061975469",
      "t" : 1756458542061,
      "tn" : 1756458542061975469,
      "q" : "0.0057",
      "p" : "3705.73",
      "s" : "buy",
      "i" : "ETH_EUR",
      "m" : "4611686018434529103"
    }, {
      "d" : "1756458542051631519",
      "t" : 1756458542051,
      "tn" : 1756458542051631519,
      "q" : "0.1842",
      "p" : "3705.73",
      "s" : "buy",
      "i" : "ETH_EUR",
      "m" : "4611686018434529102"
    }, {
      "d" : "1756458542047818007",
      "t" : 1756458542047,
      "tn" : 1756458542047818007,
      "q" : "0.0005",
      "p" : "3705.72",
      "s" : "buy",
      "i" : "ETH_EUR",
      "m" : "4611686018434529101"
    }, {
      "d" : "1756458519896632178",
      "t" : 1756458519896,
      "tn" : 1756458519896632178,
      "q" : "0.1899",
      "p" : "3703.13",
      "s" : "buy",
      "i" : "ETH_EUR",
      "m" : "4611686018434529100"
    }, {
      "d" : "1756458497607302953",
      "t" : 1756458497607,
      "tn" : 1756458497607302953,
      "q" : "0.0005",
      "p" : "3702.53",
      "s" : "buy",
      "i" : "ETH_EUR",
      "m" : "4611686018434529099"
    }, {
      "d" : "1756458456480379998",
      "t" : 1756458456480,
      "tn" : 1756458456480379998,
      "q" : "0.0005",
      "p" : "3703.33",
      "s" : "buy",
      "i" : "ETH_EUR",
      "m" : "4611686018434529098"
    }, {
      "d" : "1756458348116059315",
      "t" : 1756458348116,
      "tn" : 1756458348116059315,
      "q" : "0.0234",
      "p" : "3709.49",
      "s" : "buy",
      "i" : "ETH_EUR",
      "m" : "4611686018434529097"
    } ]
  }
}