{
  "id" : -1,
  "method" : "public/get-trades",
  "code" : 0,
  "result" : {
    "data" : [ {
      "d" : "1756452507043799740",
      "t" : 1756452507043,
      "tn" : 1756452507043799740,
      "q" : "549",
      "p" : "1.0809",
      "s" : "sell",
      "i" : "ETHFIUSD-PERP",
      "m" : "4611686018428401077"
    }, {
      "d" : "1756452507043797863",
      "t" : 1756452507043,
      "tn" : 1756452507043797863,
      "q" : "1",
      "p" : "1.0822",
      "s" : "sell",
      "i" : "ETHFIUSD-PERP",
      "m" : "4611686018428401076"
    }, {
      "d" : "1756452507043795120",
      "t" : 1756452507043,
      "tn" : 1756452507043795120,
      "q" : "1",
      "p" : "1.0824",
      "s" : "sell",
      "i" : "ETHFIUSD-PERP",
      "m" : "4611686018428401075"
    }, {
      "d" : "1756451638013684057",
      "t" : 1756451638013,
      "tn" : 1756451638013684057,
      "q" : "1",
      "p" : "1.0892",
      "s" : "sell",
      "i" : "ETHFIUSD-PERP",
      "m" : "4611686018428401074"
    }, {
      "d" : "1756451586690108283",
      "t" : 1756451586690,
      "tn" : 1756451586690108283,
      "q" : "1",
      "p" : "1.0896",
      "s" : "buy",
      "i" : "ETHFIUSD-PERP",
      "m" : "4611686018428401073"
    }, {
      "d" : "1756438672160048051",
      "t" : 1756438672160,
      "tn" : 1756438672160048051,
      "q" : "1",
      "p" : "1.1161",
      "s" : "buy",
      "i" : "ETHFIUSD-PERP",
      "m" : "4611686018428401072"
    }, {
      "d" : "1756434643256246656",
      "t" : 1756434643256,
      "tn" : 1756434643256246656,
      "q" : "1",
      "p" : "1.1176",
      "s" : "sell",
      "i" : "ETHFIUSD-PERP",
      "m" : "4611686018428401071"
    }, {
      "d" : "1756432887367970486",
      "t" : 1756432887367,
      "tn" : 1756432887367970486,
      "q" : "1",
      "p" : "1.1147",
      "s" : "sell",
      "i" : "ETHFIUSD-PERP",
      "m" : "4611686018428401070"
    }, {
      "d" : "1756432887367968366",
      "t" : 1756432887367,
      "tn" : 1756432887367968366,
      "q" : "1",
      "p" : "1.1148",
      "s" : "sell",
      "i" : "ETHFIUSD-PERP",
      "m" : "4611686018428401069"
    }, {
      "d" : "1756432203842737571",
      "t" : 1756432203842,
      "tn" : 1756432203842737571,
      "q" : "1",
      "p" : "1.1178",
      "s" : "sell",
      "i" : "ETHFIUSD-PERP",
      "m" : "4611686018428401068"
    }, {
      "d" : "1756432016800952954",
      "t" : 1756432016800,
      "tn" : 1756432016800952954,
      "q" : "1",
      "p" : "1.1200",
      "s" : "sell",
      "i" : "ETHFIUSD-PERP",
      "m" : "4611686018428401067"
    }, {
      "d" : "1756431413870981867",
      "t" : 1756431413870,
      "tn" : 1756431413870981867,
      "q" : "1",
      "p" : "1.1180",
      "s" : "sell",
      "i" : "ETHFIUSD-PERP",
      "m" : "4611686018428401066"
    }, {
      "d" : "1756431217847317266",
      "t" : 1756431217847,
      "tn" : 1756431217847317266,
      "q" : "178",
      "p" : "1.1182",
      "s" : "sell",
      "i" : "ETHFIUSD-PERP",
      "m" : "4611686018428401065"
    }, {
      "d" : "1756431217847314738",
      "t" : 1756431217847,
      "tn" : 1756431217847314738,
      "q" : "1",
      "p" : "1.1191",
      "s" : "sell",
      "i" : "ETHFIUSD-PERP",
      "m" : "4611686018428401064"
    }, {
      "d" : "1756431217847311922",
      "t" : 1756431217847,
      "tn" : 1756431217847311922,
      "q" : "1",
      "p" : "1.1193",
      "s" : "sell",
      "i" : "ETHFIUSD-PERP",
      "m" : "4611686018428401063"
    }, {
      "d" : "1756431193048091211",
      "t" : 1756431193048,
      "tn" : 1756431193048091211,
      "q" : "1",
      "p" : "1.1213",
      "s" : "sell",
      "i" : "ETHFIUSD-PERP",
      "m" : "4611686018428401062"
    }, {
      "d" : "1756431193048088637",
      "t" : 1756431193048,
      "tn" : 1756431193048088637,
      "q" : "1",
      "p" : "1.1215",
      "s" : "sell",
      "i" : "ETHFIUSD-PERP",
      "m" : "4611686018428401061"
    }, {
      "d" : "1756423307789040420",
      "t" : 1756423307789,
      "tn" : 1756423307789040420,
      "q" : "1",
      "p" : "1.1310",
      "s" : "sell",
      "i" : "ETHFIUSD-PERP",
      "m" : "4611686018428401060"
    }, {
      "d" : "1756422263106952733",
      "t" : 1756422263106,
      "tn" : 1756422263106952733,
      "q" : "1",
      "p" : "1.1354",
      "s" : "sell",
      "i" : "ETHFIUSD-PERP",
      "m" : "4611686018428401059"
    }, {
      "d" : "1756419576574760761",
      "t" : 1756419576574,
      "tn" : 1756419576574760760,
      "q" : "34",
      "p" : "1.1264",
      "s" : "sell",
      "i" : "ETHFIUSD-PERP",
      "m" : "4611686018428401058"
    }, {
      "d" : "1756419576574760760",
      "t" : 1756419576574,
      "tn" : 1756419576574760760,
      "q" : "93",
      "p" : "1.1264",
      "s" : "sell",
      "i" : "ETHFIUSD-PERP",
      "m" : "4611686018428401058"
    }, {
      "d" : "1756414124399649150",
      "t" : 1756414124399,
      "tn" : 1756414124399649150,
      "q" : "1",
      "p" : "1.1044",
      "s" : "sell",
      "i" : "ETHFIUSD-PERP",
      "m" : "4611686018428401057"
    }, {
      "d" : "1756414124399646308",
      "t" : 1756414124399,
      "tn" : 1756414124399646308,
      "q" : "1",
      "p" : "1.1045",
      "s" : "sell",
      "i" : "ETHFIUSD-PERP",
      "m" : "4611686018428401056"
    }, {
      "d" : "1756411363018152796",
      "t" : 1756411363018,
      "tn" : 1756411363018152796,
      "q" : "1",
      "p" : "1.1002",
      "s" : "buy",
      "i" : "ETHFIUSD-PERP",
      "m" : "4611686018428401055"
    }, {
      "d" : "1756409607952984597",
      "t" : 1756409607952,
      "tn" : 1756409607952984597,
      "q" : "9",
      "p" : "1.1061",
      "s" : "sell",
      "i" : "ETHFIUSD-PERP",
      "m" : "4611686018428401054"
    }, {
      "d" : "1756409607952982933",
      "t" : 1756409607952,
      "tn" : 1756409607952982933,
      "q" : "1",
      "p" : "1.1070",
      "s" : "sell",
      "i" : "ETHFIUSD-PERP",
      "m" : "4611686018428401053"
    }, {
      "d" : "1756409607952980398",
      "t" : 1756409607952,
      "tn" : 1756409607952980398,
      "q" : "1",
      "p" : "1.1071",
      "s" : "sell",
      "i" : "ETHFIUSD-PERP",
      "m" : "4611686018428401052"
    }, {
      "d" : "1756405372658627593",
      "t" : 1756405372658,
      "tn" : 1756405372658627593,
      "q" : "1",
      "p" : "1.1134",
      "s" : "sell",
      "i" : "ETHFIUSD-PERP",
      "m" : "4611686018428401051"
    }, {
      "d" : "1756405372652532859",
      "t" : 1756405372652,
      "tn" : 1756405372652532858,
      "q" : "1",
      "p" : "1.1135",
      "s" : "sell",
      "i" : "ETHFIUSD-PERP",
      "m" : "4611686018428401050"
    }, {
      "d" : "1756405372652532858",
      "t" : 1756405372652,
      "tn" : 1756405372652532858,
      "q" : "1",
      "p" : "1.1135",
      "s" : "sell",
      "i" : "ETHFIUSD-PERP",
      "m" : "4611686018428401050"
    }, {
      "d" : "1756403868247053535",
      "t" : 1756403868247,
      "tn" : 1756403868247053535,
      "q" : "1",
      "p" : "1.1168",
      "s" : "buy",
      "i" : "ETHFIUSD-PERP",
      "m" : "4611686018428401049"
    }, {
      "d" : "1756403868247051413",
      "t" : 1756403868247,
      "tn" : 1756403868247051413,
      "q" : "1",
      "p" : "1.1163",
      "s" : "buy",
      "i" : "ETHFIUSD-PERP",
      "m" : "4611686018428401048"
    }, {
      "d" : "1756400358669228016",
      "t" : 1756400358669,
      "tn" : 1756400358669228016,
      "q" : "1",
      "p" : "1.1050",
      "s" : "sell",
      "i" : "ETHFIUSD-PERP",
      "m" : "4611686018428401047"
    }, {
      "d" : "1756400109752911902",
      "t" : 1756400109752,
      "tn" : 1756400109752911902,
      "q" : "33",
      "p" : "1.1150",
      "s" : "sell",
      "i" : "ETHFIUSD-PERP",
      "m" : "4611686018428401046"
    }, {
      "d" : "1756399766168745809",
      "t" : 1756399766168,
      "tn" : 1756399766168745809,
      "q" : "26",
      "p" : "1.1181",
      "s" : "sell",
      "i" : "ETHFIUSD-PERP",
      "m" : "4611686018428401045"
    }, {
      "d" : "1756398493890674298",
      "t" : 1756398493890,
      "tn" : 1756398493890674297,
      "q" : "1",
      "p" : "1.1268",
      "s" : "sell",
      "i" : "ETHFIUSD-PERP",
      "m" : "4611686018428401044"
    }, {
      "d" : "1756398493890674297",
      "t" : 1756398493890,
      "tn" : 1756398493890674297,
      "q" : "1",
      "p" : "1.1268",
      "s" : "sell",
      "i" : "ETHFIUSD-PERP",
      "m" : "4611686018428401044"
    }, {
      "d" : "1756398215369375247",
      "t" : 1756398215369,
      "tn" : 1756398215369375247,
      "q" : "133",
      "p" : "1.1250",
      "s" : "sell",
      "i" : "ETHFIUSD-PERP",
      "m" : "4611686018428401043"
    }, {
      "d" : "1756398211778830511",
      "t" : 1756398211778,
      "tn" : 1756398211778830511,
      "q" : "133",
      "p" : "1.1255",
      "s" : "sell",
      "i" : "ETHFIUSD-PERP",
      "m" : "4611686018428401042"
    }, {
      "d" : "1756398160148409421",
      "t" : 1756398160148,
      "tn" : 1756398160148409420,
      "q" : "1",
      "p" : "1.1244",
      "s" : "sell",
      "i" : "ETHFIUSD-PERP",
      "m" : "4611686018428401041"
    }, {
      "d" : "1756398160148409420",
      "t" : 1756398160148,
      "tn" : 1756398160148409420,
      "q" : "1",
      "p" : "1.1244",
      "s" : "sell",
      "i" : "ETHFIUSD-PERP",
      "m" : "4611686018428401041"
    }, {
      "d" : "1756398142879141365",
      "t" : 1756398142879,
      "tn" : 1756398142879141365,
      "q" : "1",
      "p" : "1.1248",
      "s" : "sell",
      "i" : "ETHFIUSD-PERP",
      "m" : "4611686018428401040"
    }, {
      "d" : "1756398126697360259",
      "t" : 1756398126697,
      "tn" : 1756398126697360259,
      "q" : "1",
      "p" : "1.1255",
      "s" : "sell",
      "i" : "ETHFIUSD-PERP",
      "m" : "4611686018428401039"
    }, {
      "d" : "1756397985335145129",
      "t" : 1756397985335,
      "tn" : 1756397985335145129,
      "q" : "1",
      "p" : "1.1322",
      "s" : "sell",
      "i" : "ETHFIUSD-PERP",
      "m" : "4611686018428401038"
    }, {
      "d" : "1756397983955896909",
      "t" : 1756397983955,
      "tn" : 1756397983955896909,
      "q" : "1",
      "p" : "1.1330",
      "s" : "sell",
      "i" : "ETHFIUSD-PERP",
      "m" : "4611686018428401037"
    }, {
      "d" : "1756397983776423353",
      "t" : 1756397983776,
      "tn" : 1756397983776423353,
      "q" : "1",
      "p" : "1.1342",
      "s" : "sell",
      "i" : "ETHFIUSD-PERP",
      "m" : "4611686018428401036"
    }, {
      "d" : "1756397978414463601",
      "t" : 1756397978414,
      "tn" : 1756397978414463601,
      "q" : "1",
      "p" : "1.1366",
      "s" : "sell",
      "i" : "ETHFIUSD-PERP",
      "m" : "4611686018428401035"
    }, {
      "d" : "1756397961043763322",
      "t" : 1756397961043,
      "tn" : 1756397961043763322,
      "q" : "1",
      "p" : "1.1351",
      "s" : "sell",
      "i" : "ETHFIUSD-PERP",
      "m" : "4611686018428401034"
    }, {
      "d" : "1756397959959077665",
      "t" : 1756397959959,
      "tn" : 1756397959959077665,
      "q" : "1",
      "p" : "1.1351",
      "s" : "sell",
      "i" : "ETHFIUSD-PERP",
      "m" : "4611686018428401033"
    }, {
      "d" : "1756397958080896723",
      "t" : 1756397958080,
      "tn" : 1756397958080896723,
      "q" : "1",
      "p" : "1.1347",
      "s" : "sell",
      "i" : "ETHFIUSD-PERP",
      "m" : "4611686018428401032"
    }, {
      "d" : "1756397957171134325",
      "t" : 1756397957171,
      "tn" : 1756397957171134325,
      "q" : "1",
      "p" : "1.1354",
      "s" : "sell",
      "i" : "ETHFIUSD-PERP",
      "m" : "4611686018428401031"
    }, {
      "d" : "1756397947816420768",
      "t" : 1756397947816,
      "tn" : 1756397947816420768,
      "q" : "1",
      "p" : "1.1269",
      "s" : "sell",
      "i" : "ETHFIUSD-PERP",
      "m" : "4611686018428401030"
    }, {
      "d" : "1756397944387510364",
      "t" : 1756397944387,
      "tn" : 1756397944387510364,
      "q" : "1",
      "p" : "1.1238",
      "s" : "buy",
      "i" : "ETHFIUSD-PERP",
      "m" : "4611686018428401029"
    }, {
      "d" : "1756397944380685363",
      "t" : 1756397944380,
      "tn" : 1756397944380685363,
      "q" : "1057",
      "p" : "1.1254",
      "s" : "buy",
      "i" : "ETHFIUSD-PERP",
      "m" : "4611686018428401028"
    }, {
      "d" : "1756397944377005959",
      "t" : 1756397944377,
      "tn" : 1756397944377005959,
      "q" : "72",
      "p" : "1.1254",
      "s" : "buy",
      "i" : "ETHFIUSD-PERP",
      "m" : "4611686018428401027"
    }, {
      "d" : "1756397944377003538",
      "t" : 1756397944377,
      "tn" : 1756397944377003538,
      "q" : "1",
      "p" : "1.1235",
      "s" : "buy",
      "i" : "ETHFIUSD-PERP",
      "m" : "4611686018428401026"
    }, {
      "d" : "1756396617100182682",
      "t" : 1756396617100,
      "tn" : 1756396617100182681,
      "q" : "1",
      "p" : "1.1137",
      "s" : "buy",
      "i" : "ETHFIUSD-PERP",
      "m" : "4611686018428401025"
    }, {
      "d" : "1756396617100182681",
      "t" : 1756396617100,
      "tn" : 1756396617100182681,
      "q" : "1",
      "p" : "1.1137",
      "s" : "buy",
      "i" : "ETHFIUSD-PERP",
      "m" : "4611686018428401025"
    }, {
      "d" : "1756389707140159152",
      "t" : 1756389707140,
      "tn" : 1756389707140159152,
      "q" : "1",
      "p" : "1.1366",
      "s" : "sell",
      "i" : "ETHFIUSD-PERP",
      "m" : "4611686018428401024"
    }, {
      "d" : "1756389707140156759",
      "t" : 1756389707140,
      "tn" : 1756389707140156759,
      "q" : "1",
      "p" : "1.1370",
      "s" : "sell",
      "i" : "ETHFIUSD-PERP",
      "m" : "4611686018428401023"
    }, {
      "d" : "1756389081946188819",
      "t" : 1756389081946,
      "tn" : 1756389081946188819,
      "q" : "1",
      "p" : "1.1364",
      "s" : "sell",
      "i" : "ETHFIUSD-PERP",
      "m" : "4611686018428401022"
    }, {
      "d" : "1756384964271156043",
      "t" : 1756384964271,
      "tn" : 1756384964271156043,
      "q" : "1",
      "p" : "1.1522",
      "s" : "buy",
      "i" : "ETHFIUSD-PERP",
      "m" : "4611686018428401021"
    }, {
      "d" : "1756384330190147527",
      "t" : 1756384330190,
      "tn" : 1756384330190147527,
      "q" : "1",
      "p" : "1.1416",
      "s" : "buy",
      "i" : "ETHFIUSD-PERP",
      "m" : "4611686018428401020"
    }, {
      "d" : "1756384145039030015",
      "t" : 1756384145039,
      "tn" : 1756384145039030015,
      "q" : "1",
      "p" : "1.1383",
      "s" : "sell",
      "i" : "ETHFIUSD-PERP",
      "m" : "4611686018428401019"
    }, {
      "d" : "1756384145036457149",
      "t" : 1756384145036,
      "tn" : 1756384145036457149,
      "q" : "1",
      "p" : "1.1387",
      "s" : "sell",
      "i" : "ETHFIUSD-PERP",
      "m" : "4611686018428401018"
    }, {
      "d" : "1756382830320195830",
      "t" : 1756382830320,
      "tn" : 1756382830320195830,
      "q" : "1",
      "p" : "1.1395",
      "s" : "sell",
      "i" : "ETHFIUSD-PERP",
      "m" : "4611686018428401017"
    }, {
      "d" : "1756382761363893706",
      "t" : 1756382761363,
      "tn" : 1756382761363893705,
      "q" : "1",
      "p" : "1.1378",
      "s" : "buy",
      "i" : "ETHFIUSD-PERP",
      "m" : "4611686018428401016"
    }, {
      "d" : "1756382761363893705",
      "t" : 1756382761363,
      "tn" : 1756382761363893705,
      "q" : "1",
      "p" : "1.1378",
      "s" : "buy",
      "i" : "ETHFIUSD-PERP",
      "m" : "4611686018428401016"
    }, {
      "d" : "1756382733653173123",
      "t" : 1756382733653,
      "tn" : 1756382733653173123,
      "q" : "1",
      "p" : "1.1385",
      "s" : "sell",
      "i" : "ETHFIUSD-PERP",
      "m" : "4611686018428401015"
    }, {
      "d" : "1756382733653171182",
      "t" : 1756382733653,
      "tn" : 1756382733653171182,
      "q" : "1",
      "p" : "1.1392",
      "s" : "sell",
      "i" : "ETHFIUSD-PERP",
      "m" : "4611686018428401014"
    }, {
      "d" : "1756382726880992532",
      "t" : 1756382726880,
      "tn" : 1756382726880992532,
      "q" : "1",
      "p" : "1.1432",
      "s" : "buy",
      "i" : "ETHFIUSD-PERP",
      "m" : "4611686018428401013"
    }, {
      "d" : "1756382725807687881",
      "t" : 1756382725807,
      "tn" : 1756382725807687881,
      "q" : "1",
      "p" : "1.1411",
      "s" : "buy",
      "i" : "ETHFIUSD-PERP",
      "m" : "4611686018428401012"
    }, {
      "d" : "1756382725807685912",
      "t" : 1756382725807,
      "tn" : 1756382725807685912,
      "q" : "1",
      "p" : "1.1409",
      "s" : "buy",
      "i" : "ETHFIUSD-PERP",
      "m" : "4611686018428401011"
    }, {
      "d" : "1756382725026245422",
      "t" : 1756382725026,
      "tn" : 1756382725026245422,
      "q" : "1",
      "p" : "1.1383",
      "s" : "buy",
      "i" : "ETHFIUSD-PERP",
      "m" : "4611686018428401010"
    }, {
      "d" : "1756382725026243698",
      "t" : 1756382725026,
      "tn" : 1756382725026243698,
      "q" : "1",
      "p" : "1.1381",
      "s" : "buy",
      "i" : "ETHFIUSD-PERP",
      "m" : "4611686018428401009"
    }, {
      "d" : "1756381946709060985",
      "t" : 1756381946709,
      "tn" : 1756381946709060984,
      "q" : "1",
      "p" : "1.1295",
      "s" : "buy",
      "i" : "ETHFIUSD-PERP",
      "m" : "4611686018428401008"
    }, {
      "d" : "1756381946709060984",
      "t" : 1756381946709,
      "tn" : 1756381946709060984,
      "q" : "1",
      "p" : "1.1295",
      "s" : "buy",
      "i" : "ETHFIUSD-PERP",
      "m" : "4611686018428401008"
    }, {
      "d" : "1756378445481057365",
      "t" : 1756378445481,
      "tn" : 1756378445481057365,
      "q" : "1",
      "p" : "1.1279",
      "s" : "buy",
      "i" : "ETHFIUSD-PERP",
      "m" : "4611686018428401007"
    }, {
      "d" : "1756378445481055092",
      "t" : 1756378445481,
      "tn" : 1756378445481055092,
      "q" : "1",
      "p" : "1.1278",
      "s" : "buy",
      "i" : "ETHFIUSD-PERP",
      "m" : "4611686018428401006"
    } ]
  }
}