{
  "id" : -1,
  "method" : "public/get-trades",
  "code" : 0,
  "result" : {
    "data" : [ {
      "d" : "1756450875998274973",
      "t" : 1756450875998,
      "tn" : 1756450875998274973,
      "q" : "52.66",
      "p" : "1.1050",
      "s" : "sell",
      "i" : "ETHFI_USD",
      "m" : "4611686018428356847"
    }, {
      "d" : "1756450798592407647",
      "t" : 1756450798592,
      "tn" : 1756450798592407647,
      "q" : "1.09",
      "p" : "1.1048",
      "s" : "buy",
      "i" : "ETHFI_USD",
      "m" : "4611686018428356846"
    }, {
      "d" : "1756449939405104387",
      "t" : 1756449939405,
      "tn" : 1756449939405104387,
      "q" : "282.59",
      "p" : "1.1056",
      "s" : "sell",
      "i" : "ETHFI_USD",
      "m" : "4611686018428356845"
    }, {
      "d" : "1756449939405054087",
      "t" : 1756449939405,
      "tn" : 1756449939405054087,
      "q" : "259.67",
      "p" : "1.1056",
      "s" : "sell",
      "i" : "ETHFI_USD",
      "m" : "4611686018428356844"
    }, {
      "d" : "1756449830222009477",
      "t" : 1756449830222,
      "tn" : 1756449830222009477,
      "q" : "1.09",
      "p" : "1.1071",
      "s" : "buy",
      "i" : "ETHFI_USD",
      "m" : "4611686018428356843"
    }, {
      "d" : "1756449739657879471",
      "t" : 1756449739657,
      "tn" : 1756449739657879471,
      "q" : "259.52",
      "p" : "1.1044",
      "s" : "sell",
      "i" : "ETHFI_USD",
      "m" : "4611686018428356842"
    }, {
      "d" : "1756449728443978314",
      "t" : 1756449728443,
      "tn" : 1756449728443978314,
      "q" : "905.51",
      "p" : "1.1042",
      "s" : "sell",
      "i" : "ETHFI_USD",
      "m" : "4611686018428356841"
    }, {
      "d" : "1756449671585649596",
      "t" : 1756449671585,
      "tn" : 1756449671585649596,
      "q" : "223.87",
      "p" : "1.1002",
      "s" : "sell",
      "i" : "ETHFI_USD",
      "m" : "4611686018428356840"
    }, {
      "d" : "1756449609340888071",
      "t" : 1756449609340,
      "tn" : 1756449609340888071,
      "q" : "103.71",
      "p" : "1.1000",
      "s" : "sell",
      "i" : "ETHFI_USD",
      "m" : "4611686018428356839"
    }, {
      "d" : "1756449606213035112",
      "t" : 1756449606213,
      "tn" : 1756449606213035112,
      "q" : "7.34",
      "p" : "1.1007",
      "s" : "sell",
      "i" : "ETHFI_USD",
      "m" : "4611686018428356838"
    }, {
      "d" : "1756449567064229332",
      "t" : 1756449567064,
      "tn" : 1756449567064229332,
      "q" : "753.33",
      "p" : "1.0885",
      "s" : "buy",
      "i" : "ETHFI_USD",
      "m" : "4611686018428356837"
    }, {
      "d" : "1756449567064083852",
      "t" : 1756449567064,
      "tn" : 1756449567064083852,
      "q" : "82.68",
      "p" : "1.0885",
      "s" : "buy",
      "i" : "ETHFI_USD",
      "m" : "4611686018428356836"
    }, {
      "d" : "1756449567064081253",
      "t" : 1756449567064,
      "tn" : 1756449567064081253,
      "q" : "82.68",
      "p" : "1.0885",
      "s" : "buy",
      "i" : "ETHFI_USD",
      "m" : "4611686018428356835"
    }, {
      "d" : "1756449567061298536",
      "t" : 1756449567061,
      "tn" : 1756449567061298536,
      "q" : "918.69",
      "p" : "1.0885",
      "s" : "buy",
      "i" : "ETHFI_USD",
      "m" : "4611686018428356834"
    }, {
      "d" : "1756449519747101715",
      "t" : 1756449519747,
      "tn" : 1756449519747101715,
      "q" : "72.38",
      "p" : "1.1041",
      "s" : "sell",
      "i" : "ETHFI_USD",
      "m" : "4611686018428356833"
    }, {
      "d" : "1756425255915210972",
      "t" : 1756425255915,
      "tn" : 1756425255915210972,
      "q" : "86.14",
      "p" : "1.1356",
      "s" : "sell",
      "i" : "ETHFI_USD",
      "m" : "4611686018428356832"
    }, {
      "d" : "1756424596432592090",
      "t" : 1756424596432,
      "tn" : 1756424596432592090,
      "q" : "26.43",
      "p" : "1.1336",
      "s" : "buy",
      "i" : "ETHFI_USD",
      "m" : "4611686018428356831"
    }, {
      "d" : "1756424521643363168",
      "t" : 1756424521643,
      "tn" : 1756424521643363168,
      "q" : "47.77",
      "p" : "1.1374",
      "s" : "buy",
      "i" : "ETHFI_USD",
      "m" : "4611686018428356830"
    }, {
      "d" : "1756424521643361034",
      "t" : 1756424521643,
      "tn" : 1756424521643361034,
      "q" : "86.14",
      "p" : "1.1373",
      "s" : "buy",
      "i" : "ETHFI_USD",
      "m" : "4611686018428356829"
    }, {
      "d" : "1756424521643357790",
      "t" : 1756424521643,
      "tn" : 1756424521643357790,
      "q" : "1.09",
      "p" : "1.1368",
      "s" : "buy",
      "i" : "ETHFI_USD",
      "m" : "4611686018428356828"
    }, {
      "d" : "1756423307789183320",
      "t" : 1756423307789,
      "tn" : 1756423307789183320,
      "q" : "881.75",
      "p" : "1.1296",
      "s" : "sell",
      "i" : "ETHFI_USD",
      "m" : "4611686018428356827"
    }, {
      "d" : "1756423307789027189",
      "t" : 1756423307789,
      "tn" : 1756423307789027189,
      "q" : "3.51",
      "p" : "1.1296",
      "s" : "sell",
      "i" : "ETHFI_USD",
      "m" : "4611686018428356826"
    }, {
      "d" : "1756423307789024598",
      "t" : 1756423307789,
      "tn" : 1756423307789024598,
      "q" : "22.23",
      "p" : "1.1297",
      "s" : "sell",
      "i" : "ETHFI_USD",
      "m" : "4611686018428356825"
    }, {
      "d" : "1756415021289806250",
      "t" : 1756415021289,
      "tn" : 1756415021289806250,
      "q" : "74.21",
      "p" : "1.1069",
      "s" : "sell",
      "i" : "ETHFI_USD",
      "m" : "4611686018428356824"
    }, {
      "d" : "1756412343900580516",
      "t" : 1756412343900,
      "tn" : 1756412343900580516,
      "q" : "906.53",
      "p" : "1.1031",
      "s" : "buy",
      "i" : "ETHFI_USD",
      "m" : "4611686018428356823"
    }, {
      "d" : "1756407398813335856",
      "t" : 1756407398813,
      "tn" : 1756407398813335856,
      "q" : "87.23",
      "p" : "1.1162",
      "s" : "sell",
      "i" : "ETHFI_USD",
      "m" : "4611686018428356822"
    }, {
      "d" : "1756403868246948130",
      "t" : 1756403868246,
      "tn" : 1756403868246948130,
      "q" : "100.26",
      "p" : "1.1174",
      "s" : "buy",
      "i" : "ETHFI_USD",
      "m" : "4611686018428356821"
    }, {
      "d" : "1756403868246945441",
      "t" : 1756403868246,
      "tn" : 1756403868246945441,
      "q" : "1.09",
      "p" : "1.1167",
      "s" : "buy",
      "i" : "ETHFI_USD",
      "m" : "4611686018428356820"
    }, {
      "d" : "1756402144900909653",
      "t" : 1756402144900,
      "tn" : 1756402144900909653,
      "q" : "69.80",
      "p" : "1.1125",
      "s" : "buy",
      "i" : "ETHFI_USD",
      "m" : "4611686018428356819"
    }, {
      "d" : "1756402144900907202",
      "t" : 1756402144900,
      "tn" : 1756402144900907202,
      "q" : "1.09",
      "p" : "1.1123",
      "s" : "buy",
      "i" : "ETHFI_USD",
      "m" : "4611686018428356818"
    }, {
      "d" : "1756397980333698688",
      "t" : 1756397980333,
      "tn" : 1756397980333698688,
      "q" : "3.61",
      "p" : "1.1310",
      "s" : "sell",
      "i" : "ETHFI_USD",
      "m" : "4611686018428356817"
    }, {
      "d" : "1756397973100154211",
      "t" : 1756397973100,
      "tn" : 1756397973100154211,
      "q" : "1.09",
      "p" : "1.1330",
      "s" : "buy",
      "i" : "ETHFI_USD",
      "m" : "4611686018428356816"
    }, {
      "d" : "1756397944745705412",
      "t" : 1756397944745,
      "tn" : 1756397944745705412,
      "q" : "1.09",
      "p" : "1.1275",
      "s" : "buy",
      "i" : "ETHFI_USD",
      "m" : "4611686018428356815"
    }, {
      "d" : "1756397944373334734",
      "t" : 1756397944373,
      "tn" : 1756397944373334734,
      "q" : "1.09",
      "p" : "1.1231",
      "s" : "buy",
      "i" : "ETHFI_USD",
      "m" : "4611686018428356814"
    }, {
      "d" : "1756390272471311513",
      "t" : 1756390272471,
      "tn" : 1756390272471311513,
      "q" : "1.09",
      "p" : "1.1436",
      "s" : "sell",
      "i" : "ETHFI_USD",
      "m" : "4611686018428356813"
    }, {
      "d" : "1756390251122056710",
      "t" : 1756390251122,
      "tn" : 1756390251122056710,
      "q" : "1.09",
      "p" : "1.1434",
      "s" : "sell",
      "i" : "ETHFI_USD",
      "m" : "4611686018428356812"
    }, {
      "d" : "1756390245428994542",
      "t" : 1756390245428,
      "tn" : 1756390245428994542,
      "q" : "1.09",
      "p" : "1.1435",
      "s" : "sell",
      "i" : "ETHFI_USD",
      "m" : "4611686018428356811"
    }, {
      "d" : "1756390242827964074",
      "t" : 1756390242827,
      "tn" : 1756390242827964074,
      "q" : "1.09",
      "p" : "1.1446",
      "s" : "sell",
      "i" : "ETHFI_USD",
      "m" : "4611686018428356810"
    }, {
      "d" : "1756390229533117668",
      "t" : 1756390229533,
      "tn" : 1756390229533117668,
      "q" : "1.09",
      "p" : "1.1454",
      "s" : "sell",
      "i" : "ETHFI_USD",
      "m" : "4611686018428356809"
    }, {
      "d" : "1756390228076918514",
      "t" : 1756390228076,
      "tn" : 1756390228076918514,
      "q" : "1.09",
      "p" : "1.1436",
      "s" : "sell",
      "i" : "ETHFI_USD",
      "m" : "4611686018428356808"
    }, {
      "d" : "1756390218684110347",
      "t" : 1756390218684,
      "tn" : 1756390218684110347,
      "q" : "1.09",
      "p" : "1.1426",
      "s" : "sell",
      "i" : "ETHFI_USD",
      "m" : "4611686018428356807"
    }, {
      "d" : "1756390214029155491",
      "t" : 1756390214029,
      "tn" : 1756390214029155491,
      "q" : "1.09",
      "p" : "1.1435",
      "s" : "sell",
      "i" : "ETHFI_USD",
      "m" : "4611686018428356806"
    }, {
      "d" : "1756390213529043657",
      "t" : 1756390213529,
      "tn" : 1756390213529043657,
      "q" : "1.09",
      "p" : "1.1434",
      "s" : "sell",
      "i" : "ETHFI_USD",
      "m" : "4611686018428356805"
    }, {
      "d" : "1756390212339938330",
      "t" : 1756390212339,
      "tn" : 1756390212339938330,
      "q" : "1.09",
      "p" : "1.1437",
      "s" : "sell",
      "i" : "ETHFI_USD",
      "m" : "4611686018428356804"
    }, {
      "d" : "1756390202140842159",
      "t" : 1756390202140,
      "tn" : 1756390202140842159,
      "q" : "1.09",
      "p" : "1.1416",
      "s" : "sell",
      "i" : "ETHFI_USD",
      "m" : "4611686018428356803"
    }, {
      "d" : "1756390170175363087",
      "t" : 1756390170175,
      "tn" : 1756390170175363087,
      "q" : "1.09",
      "p" : "1.1404",
      "s" : "sell",
      "i" : "ETHFI_USD",
      "m" : "4611686018428356802"
    }, {
      "d" : "1756390165944730561",
      "t" : 1756390165944,
      "tn" : 1756390165944730561,
      "q" : "1.09",
      "p" : "1.1416",
      "s" : "sell",
      "i" : "ETHFI_USD",
      "m" : "4611686018428356801"
    }, {
      "d" : "1756390161026511912",
      "t" : 1756390161026,
      "tn" : 1756390161026511912,
      "q" : "1.09",
      "p" : "1.1407",
      "s" : "sell",
      "i" : "ETHFI_USD",
      "m" : "4611686018428356800"
    }, {
      "d" : "1756390124227209533",
      "t" : 1756390124227,
      "tn" : 1756390124227209533,
      "q" : "1.09",
      "p" : "1.1404",
      "s" : "sell",
      "i" : "ETHFI_USD",
      "m" : "4611686018428356799"
    }, {
      "d" : "1756390119501018830",
      "t" : 1756390119501,
      "tn" : 1756390119501018830,
      "q" : "1.09",
      "p" : "1.1407",
      "s" : "sell",
      "i" : "ETHFI_USD",
      "m" : "4611686018428356798"
    }, {
      "d" : "1756390102254101651",
      "t" : 1756390102254,
      "tn" : 1756390102254101651,
      "q" : "1.09",
      "p" : "1.1426",
      "s" : "sell",
      "i" : "ETHFI_USD",
      "m" : "4611686018428356797"
    }, {
      "d" : "1756390099493421199",
      "t" : 1756390099493,
      "tn" : 1756390099493421199,
      "q" : "1.09",
      "p" : "1.1434",
      "s" : "sell",
      "i" : "ETHFI_USD",
      "m" : "4611686018428356796"
    }, {
      "d" : "1756390082276758885",
      "t" : 1756390082276,
      "tn" : 1756390082276758885,
      "q" : "1.09",
      "p" : "1.1416",
      "s" : "sell",
      "i" : "ETHFI_USD",
      "m" : "4611686018428356795"
    }, {
      "d" : "1756390049532315624",
      "t" : 1756390049532,
      "tn" : 1756390049532315624,
      "q" : "1.09",
      "p" : "1.1426",
      "s" : "sell",
      "i" : "ETHFI_USD",
      "m" : "4611686018428356794"
    }, {
      "d" : "1756390041758140666",
      "t" : 1756390041758,
      "tn" : 1756390041758140666,
      "q" : "1.09",
      "p" : "1.1437",
      "s" : "sell",
      "i" : "ETHFI_USD",
      "m" : "4611686018428356793"
    }, {
      "d" : "1756390033910063262",
      "t" : 1756390033910,
      "tn" : 1756390033910063262,
      "q" : "1.09",
      "p" : "1.1444",
      "s" : "sell",
      "i" : "ETHFI_USD",
      "m" : "4611686018428356792"
    }, {
      "d" : "1756390033220489528",
      "t" : 1756390033220,
      "tn" : 1756390033220489528,
      "q" : "1.09",
      "p" : "1.1448",
      "s" : "sell",
      "i" : "ETHFI_USD",
      "m" : "4611686018428356791"
    }, {
      "d" : "1756390028411338892",
      "t" : 1756390028411,
      "tn" : 1756390028411338892,
      "q" : "1.09",
      "p" : "1.1457",
      "s" : "sell",
      "i" : "ETHFI_USD",
      "m" : "4611686018428356790"
    }, {
      "d" : "1756390026530256266",
      "t" : 1756390026530,
      "tn" : 1756390026530256266,
      "q" : "1.09",
      "p" : "1.1465",
      "s" : "sell",
      "i" : "ETHFI_USD",
      "m" : "4611686018428356789"
    }, {
      "d" : "1756390020754014276",
      "t" : 1756390020754,
      "tn" : 1756390020754014276,
      "q" : "1.09",
      "p" : "1.1476",
      "s" : "sell",
      "i" : "ETHFI_USD",
      "m" : "4611686018428356788"
    }, {
      "d" : "1756389989736953422",
      "t" : 1756389989736,
      "tn" : 1756389989736953422,
      "q" : "1.09",
      "p" : "1.1466",
      "s" : "sell",
      "i" : "ETHFI_USD",
      "m" : "4611686018428356787"
    }, {
      "d" : "1756389986184458797",
      "t" : 1756389986184,
      "tn" : 1756389986184458797,
      "q" : "1.09",
      "p" : "1.1456",
      "s" : "sell",
      "i" : "ETHFI_USD",
      "m" : "4611686018428356786"
    }, {
      "d" : "1756389982527338314",
      "t" : 1756389982527,
      "tn" : 1756389982527338314,
      "q" : "1.09",
      "p" : "1.1454",
      "s" : "sell",
      "i" : "ETHFI_USD",
      "m" : "4611686018428356785"
    }, {
      "d" : "1756389981137687210",
      "t" : 1756389981137,
      "tn" : 1756389981137687210,
      "q" : "1.09",
      "p" : "1.1453",
      "s" : "sell",
      "i" : "ETHFI_USD",
      "m" : "4611686018428356784"
    }, {
      "d" : "1756389977944183542",
      "t" : 1756389977944,
      "tn" : 1756389977944183542,
      "q" : "1.09",
      "p" : "1.1463",
      "s" : "sell",
      "i" : "ETHFI_USD",
      "m" : "4611686018428356783"
    }, {
      "d" : "1756389975528402395",
      "t" : 1756389975528,
      "tn" : 1756389975528402395,
      "q" : "1.09",
      "p" : "1.1453",
      "s" : "sell",
      "i" : "ETHFI_USD",
      "m" : "4611686018428356782"
    }, {
      "d" : "1756389973155697098",
      "t" : 1756389973155,
      "tn" : 1756389973155697098,
      "q" : "1.09",
      "p" : "1.1454",
      "s" : "sell",
      "i" : "ETHFI_USD",
      "m" : "4611686018428356781"
    }, {
      "d" : "1756389972530040732",
      "t" : 1756389972530,
      "tn" : 1756389972530040732,
      "q" : "1.09",
      "p" : "1.1453",
      "s" : "sell",
      "i" : "ETHFI_USD",
      "m" : "4611686018428356780"
    }, {
      "d" : "1756389970574435698",
      "t" : 1756389970574,
      "tn" : 1756389970574435698,
      "q" : "1.09",
      "p" : "1.1463",
      "s" : "sell",
      "i" : "ETHFI_USD",
      "m" : "4611686018428356779"
    }, {
      "d" : "1756389969354291017",
      "t" : 1756389969354,
      "tn" : 1756389969354291017,
      "q" : "1.09",
      "p" : "1.1456",
      "s" : "sell",
      "i" : "ETHFI_USD",
      "m" : "4611686018428356778"
    }, {
      "d" : "1756389968854290522",
      "t" : 1756389968854,
      "tn" : 1756389968854290522,
      "q" : "1.09",
      "p" : "1.1460",
      "s" : "sell",
      "i" : "ETHFI_USD",
      "m" : "4611686018428356777"
    }, {
      "d" : "1756389967225172750",
      "t" : 1756389967225,
      "tn" : 1756389967225172750,
      "q" : "1.09",
      "p" : "1.1455",
      "s" : "sell",
      "i" : "ETHFI_USD",
      "m" : "4611686018428356776"
    }, {
      "d" : "1756389966141788421",
      "t" : 1756389966141,
      "tn" : 1756389966141788421,
      "q" : "1.09",
      "p" : "1.1463",
      "s" : "sell",
      "i" : "ETHFI_USD",
      "m" : "4611686018428356775"
    }, {
      "d" : "1756389964483333109",
      "t" : 1756389964483,
      "tn" : 1756389964483333109,
      "q" : "1.09",
      "p" : "1.1468",
      "s" : "sell",
      "i" : "ETHFI_USD",
      "m" : "4611686018428356774"
    }, {
      "d" : "1756389963052705040",
      "t" : 1756389963052,
      "tn" : 1756389963052705040,
      "q" : "1.09",
      "p" : "1.1466",
      "s" : "sell",
      "i" : "ETHFI_USD",
      "m" : "4611686018428356773"
    }, {
      "d" : "1756389962552675190",
      "t" : 1756389962552,
      "tn" : 1756389962552675190,
      "q" : "1.09",
      "p" : "1.1463",
      "s" : "sell",
      "i" : "ETHFI_USD",
      "m" : "4611686018428356772"
    }, {
      "d" : "1756389960741946165",
      "t" : 1756389960741,
      "tn" : 1756389960741946165,
      "q" : "1.09",
      "p" : "1.1468",
      "s" : "sell",
      "i" : "ETHFI_USD",
      "m" : "4611686018428356771"
    }, {
      "d" : "1756389958743176007",
      "t" : 1756389958743,
      "tn" : 1756389958743176007,
      "q" : "1.09",
      "p" : "1.1473",
      "s" : "sell",
      "i" : "ETHFI_USD",
      "m" : "4611686018428356770"
    }, {
      "d" : "1756389958243163989",
      "t" : 1756389958243,
      "tn" : 1756389958243163989,
      "q" : "1.09",
      "p" : "1.1474",
      "s" : "sell",
      "i" : "ETHFI_USD",
      "m" : "4611686018428356769"
    }, {
      "d" : "1756389957391844726",
      "t" : 1756389957391,
      "tn" : 1756389957391844726,
      "q" : "1.09",
      "p" : "1.1473",
      "s" : "sell",
      "i" : "ETHFI_USD",
      "m" : "4611686018428356768"
    }, {
      "d" : "1756389951707140047",
      "t" : 1756389951707,
      "tn" : 1756389951707140047,
      "q" : "1.09",
      "p" : "1.1466",
      "s" : "sell",
      "i" : "ETHFI_USD",
      "m" : "4611686018428356767"
    }, {
      "d" : "1756389948463532976",
      "t" : 1756389948463,
      "tn" : 1756389948463532976,
      "q" : "1.09",
      "p" : "1.1457",
      "s" : "sell",
      "i" : "ETHFI_USD",
      "m" : "4611686018428356766"
    }, {
      "d" : "1756389947815366436",
      "t" : 1756389947815,
      "tn" : 1756389947815366436,
      "q" : "1.09",
      "p" : "1.1461",
      "s" : "sell",
      "i" : "ETHFI_USD",
      "m" : "4611686018428356765"
    }, {
      "d" : "1756389944537537726",
      "t" : 1756389944537,
      "tn" : 1756389944537537726,
      "q" : "1.09",
      "p" : "1.1463",
      "s" : "sell",
      "i" : "ETHFI_USD",
      "m" : "4611686018428356764"
    }, {
      "d" : "1756389942527074317",
      "t" : 1756389942527,
      "tn" : 1756389942527074317,
      "q" : "1.09",
      "p" : "1.1458",
      "s" : "sell",
      "i" : "ETHFI_USD",
      "m" : "4611686018428356763"
    }, {
      "d" : "1756389938983101355",
      "t" : 1756389938983,
      "tn" : 1756389938983101355,
      "q" : "1.09",
      "p" : "1.1437",
      "s" : "sell",
      "i" : "ETHFI_USD",
      "m" : "4611686018428356762"
    }, {
      "d" : "1756389925239392165",
      "t" : 1756389925239,
      "tn" : 1756389925239392165,
      "q" : "1.09",
      "p" : "1.1416",
      "s" : "sell",
      "i" : "ETHFI_USD",
      "m" : "4611686018428356761"
    }, {
      "d" : "1756389919040992250",
      "t" : 1756389919040,
      "tn" : 1756389919040992250,
      "q" : "1.09",
      "p" : "1.1406",
      "s" : "sell",
      "i" : "ETHFI_USD",
      "m" : "4611686018428356760"
    }, {
      "d" : "1756389918198432790",
      "t" : 1756389918198,
      "tn" : 1756389918198432790,
      "q" : "1.09",
      "p" : "1.1403",
      "s" : "sell",
      "i" : "ETHFI_USD",
      "m" : "4611686018428356759"
    }, {
      "d" : "1756389907365533292",
      "t" : 1756389907365,
      "tn" : 1756389907365533292,
      "q" : "1.09",
      "p" : "1.1404",
      "s" : "sell",
      "i" : "ETHFI_USD",
      "m" : "4611686018428356758"
    }, {
      "d" : "1756389903524078204",
      "t" : 1756389903524,
      "tn" : 1756389903524078204,
      "q" : "1.09",
      "p" : "1.1393",
      "s" : "sell",
      "i" : "ETHFI_USD",
      "m" : "4611686018428356757"
    }, {
      "d" : "1756389902441073877",
      "t" : 1756389902441,
      "tn" : 1756389902441073877,
      "q" : "1.09",
      "p" : "1.1395",
      "s" : "sell",
      "i" : "ETHFI_USD",
      "m" : "4611686018428356756"
    }, {
      "d" : "1756389896874001657",
      "t" : 1756389896874,
      "tn" : 1756389896874001657,
      "q" : "1.09",
      "p" : "1.1386",
      "s" : "sell",
      "i" : "ETHFI_USD",
      "m" : "4611686018428356755"
    }, {
      "d" : "1756389892962541491",
      "t" : 1756389892962,
      "tn" : 1756389892962541491,
      "q" : "1.09",
      "p" : "1.1383",
      "s" : "sell",
      "i" : "ETHFI_USD",
      "m" : "4611686018428356754"
    }, {
      "d" : "1756389891834806185",
      "t" : 1756389891834,
      "tn" : 1756389891834806185,
      "q" : "1.09",
      "p" : "1.1386",
      "s" : "sell",
      "i" : "ETHFI_USD",
      "m" : "4611686018428356753"
    }, {
      "d" : "1756389890847264235",
      "t" : 1756389890847,
      "tn" : 1756389890847264235,
      "q" : "1.09",
      "p" : "1.1390",
      "s" : "sell",
      "i" : "ETHFI_USD",
      "m" : "4611686018428356752"
    }, {
      "d" : "1756389890341220708",
      "t" : 1756389890341,
      "tn" : 1756389890341220708,
      "q" : "1.09",
      "p" : "1.1383",
      "s" : "sell",
      "i" : "ETHFI_USD",
      "m" : "4611686018428356751"
    }, {
      "d" : "1756389889533910521",
      "t" : 1756389889533,
      "tn" : 1756389889533910521,
      "q" : "1.09",
      "p" : "1.1384",
      "s" : "sell",
      "i" : "ETHFI_USD",
      "m" : "4611686018428356750"
    }, {
      "d" : "1756389888736437196",
      "t" : 1756389888736,
      "tn" : 1756389888736437196,
      "q" : "1.09",
      "p" : "1.1383",
      "s" : "sell",
      "i" : "ETHFI_USD",
      "m" : "4611686018428356749"
    }, {
      "d" : "1756389883841635752",
      "t" : 1756389883841,
      "tn" : 1756389883841635752,
      "q" : "1.09",
      "p" : "1.1374",
      "s" : "sell",
      "i" : "ETHFI_USD",
      "m" : "4611686018428356748"
    }, {
      "d" : "1756389883341694169",
      "t" : 1756389883341,
      "tn" : 1756389883341694169,
      "q" : "1.09",
      "p" : "1.1378",
      "s" : "sell",
      "i" : "ETHFI_USD",
      "m" : "4611686018428356747"
    }, {
      "d" : "1756389882237613168",
      "t" : 1756389882237,
      "tn" : 1756389882237613168,
      "q" : "1.09",
      "p" : "1.1383",
      "s" : "sell",
      "i" : "ETHFI_USD",
      "m" : "4611686018428356746"
    }, {
      "d" : "1756389878337527135",
      "t" : 1756389878337,
      "tn" : 1756389878337527135,
      "q" : "1.09",
      "p" : "1.1384",
      "s" : "sell",
      "i" : "ETHFI_USD",
      "m" : "4611686018428356745"
    }, {
      "d" : "1756389873539221151",
      "t" : 1756389873539,
      "tn" : 1756389873539221151,
      "q" : "1.09",
      "p" : "1.1393",
      "s" : "sell",
      "i" : "ETHFI_USD",
      "m" : "4611686018428356744"
    }, {
      "d" : "1756389872896682375",
      "t" : 1756389872896,
      "tn" : 1756389872896682375,
      "q" : "1.09",
      "p" : "1.1397",
      "s" : "sell",
      "i" : "ETHFI_USD",
      "m" : "4611686018428356743"
    }, {
      "d" : "1756389866233370416",
      "t" : 1756389866233,
      "tn" : 1756389866233370416,
      "q" : "1.09",
      "p" : "1.1399",
      "s" : "sell",
      "i" : "ETHFI_USD",
      "m" : "4611686018428356742"
    }, {
      "d" : "1756389863538351903",
      "t" : 1756389863538,
      "tn" : 1756389863538351903,
      "q" : "1.09",
      "p" : "1.1393",
      "s" : "sell",
      "i" : "ETHFI_USD",
      "m" : "4611686018428356741"
    }, {
      "d" : "1756389863038278979",
      "t" : 1756389863038,
      "tn" : 1756389863038278979,
      "q" : "1.09",
      "p" : "1.1397",
      "s" : "sell",
      "i" : "ETHFI_USD",
      "m" : "4611686018428356740"
    }, {
      "d" : "1756389856526933610",
      "t" : 1756389856526,
      "tn" : 1756389856526933610,
      "q" : "1.09",
      "p" : "1.1403",
      "s" : "sell",
      "i" : "ETHFI_USD",
      "m" : "4611686018428356739"
    }, {
      "d" : "1756389855043137480",
      "t" : 1756389855043,
      "tn" : 1756389855043137480,
      "q" : "1.09",
      "p" : "1.1398",
      "s" : "sell",
      "i" : "ETHFI_USD",
      "m" : "4611686018428356738"
    }, {
      "d" : "1756389850327803180",
      "t" : 1756389850327,
      "tn" : 1756389850327803180,
      "q" : "1.09",
      "p" : "1.1393",
      "s" : "sell",
      "i" : "ETHFI_USD",
      "m" : "4611686018428356737"
    }, {
      "d" : "1756389849827773641",
      "t" : 1756389849827,
      "tn" : 1756389849827773641,
      "q" : "1.09",
      "p" : "1.1399",
      "s" : "sell",
      "i" : "ETHFI_USD",
      "m" : "4611686018428356736"
    }, {
      "d" : "1756389847135230220",
      "t" : 1756389847135,
      "tn" : 1756389847135230220,
      "q" : "1.09",
      "p" : "1.1403",
      "s" : "sell",
      "i" : "ETHFI_USD",
      "m" : "4611686018428356735"
    }, {
      "d" : "1756389842590226586",
      "t" : 1756389842590,
      "tn" : 1756389842590226586,
      "q" : "1.09",
      "p" : "1.1407",
      "s" : "sell",
      "i" : "ETHFI_USD",
      "m" : "4611686018428356734"
    }, {
      "d" : "1756389840891246114",
      "t" : 1756389840891,
      "tn" : 1756389840891246114,
      "q" : "1.09",
      "p" : "1.1403",
      "s" : "sell",
      "i" : "ETHFI_USD",
      "m" : "4611686018428356733"
    }, {
      "d" : "1756389840391231316",
      "t" : 1756389840391,
      "tn" : 1756389840391231316,
      "q" : "1.09",
      "p" : "1.1406",
      "s" : "sell",
      "i" : "ETHFI_USD",
      "m" : "4611686018428356732"
    }, {
      "d" : "1756389832995258796",
      "t" : 1756389832995,
      "tn" : 1756389832995258796,
      "q" : "1.09",
      "p" : "1.1393",
      "s" : "sell",
      "i" : "ETHFI_USD",
      "m" : "4611686018428356731"
    }, {
      "d" : "1756389827526934766",
      "t" : 1756389827526,
      "tn" : 1756389827526934766,
      "q" : "1.09",
      "p" : "1.1396",
      "s" : "sell",
      "i" : "ETHFI_USD",
      "m" : "4611686018428356730"
    }, {
      "d" : "1756389822214216910",
      "t" : 1756389822214,
      "tn" : 1756389822214216910,
      "q" : "1.09",
      "p" : "1.1408",
      "s" : "sell",
      "i" : "ETHFI_USD",
      "m" : "4611686018428356729"
    }, {
      "d" : "1756389815735774031",
      "t" : 1756389815735,
      "tn" : 1756389815735774031,
      "q" : "1.09",
      "p" : "1.1403",
      "s" : "sell",
      "i" : "ETHFI_USD",
      "m" : "4611686018428356728"
    }, {
      "d" : "1756389811879960914",
      "t" : 1756389811879,
      "tn" : 1756389811879960914,
      "q" : "1.09",
      "p" : "1.1394",
      "s" : "sell",
      "i" : "ETHFI_USD",
      "m" : "4611686018428356727"
    }, {
      "d" : "1756389805981167238",
      "t" : 1756389805981,
      "tn" : 1756389805981167238,
      "q" : "1.09",
      "p" : "1.1375",
      "s" : "sell",
      "i" : "ETHFI_USD",
      "m" : "4611686018428356726"
    }, {
      "d" : "1756389804935212716",
      "t" : 1756389804935,
      "tn" : 1756389804935212716,
      "q" : "1.09",
      "p" : "1.1373",
      "s" : "sell",
      "i" : "ETHFI_USD",
      "m" : "4611686018428356725"
    }, {
      "d" : "1756389804384294170",
      "t" : 1756389804384,
      "tn" : 1756389804384294170,
      "q" : "1.09",
      "p" : "1.1375",
      "s" : "sell",
      "i" : "ETHFI_USD",
      "m" : "4611686018428356724"
    }, {
      "d" : "1756389800528549554",
      "t" : 1756389800528,
      "tn" : 1756389800528549554,
      "q" : "1.09",
      "p" : "1.1384",
      "s" : "sell",
      "i" : "ETHFI_USD",
      "m" : "4611686018428356723"
    }, {
      "d" : "1756389799701242568",
      "t" : 1756389799701,
      "tn" : 1756389799701242568,
      "q" : "1.09",
      "p" : "1.1383",
      "s" : "sell",
      "i" : "ETHFI_USD",
      "m" : "4611686018428356722"
    }, {
      "d" : "1756389793268439237",
      "t" : 1756389793268,
      "tn" : 1756389793268439237,
      "q" : "1.09",
      "p" : "1.1377",
      "s" : "sell",
      "i" : "ETHFI_USD",
      "m" : "4611686018428356721"
    }, {
      "d" : "1756389789644845938",
      "t" : 1756389789644,
      "tn" : 1756389789644845938,
      "q" : "1.09",
      "p" : "1.1373",
      "s" : "sell",
      "i" : "ETHFI_USD",
      "m" : "4611686018428356720"
    }, {
      "d" : "1756389788740228201",
      "t" : 1756389788740,
      "tn" : 1756389788740228201,
      "q" : "1.09",
      "p" : "1.1376",
      "s" : "sell",
      "i" : "ETHFI_USD",
      "m" : "4611686018428356719"
    }, {
      "d" : "1756389786887527825",
      "t" : 1756389786887,
      "tn" : 1756389786887527825,
      "q" : "1.09",
      "p" : "1.1383",
      "s" : "sell",
      "i" : "ETHFI_USD",
      "m" : "4611686018428356718"
    }, {
      "d" : "1756389777410306771",
      "t" : 1756389777410,
      "tn" : 1756389777410306771,
      "q" : "1.09",
      "p" : "1.1373",
      "s" : "sell",
      "i" : "ETHFI_USD",
      "m" : "4611686018428356717"
    }, {
      "d" : "1756389776155790998",
      "t" : 1756389776155,
      "tn" : 1756389776155790998,
      "q" : "1.09",
      "p" : "1.1363",
      "s" : "sell",
      "i" : "ETHFI_USD",
      "m" : "4611686018428356716"
    }, {
      "d" : "1756389770021219455",
      "t" : 1756389770021,
      "tn" : 1756389770021219455,
      "q" : "1.09",
      "p" : "1.1365",
      "s" : "sell",
      "i" : "ETHFI_USD",
      "m" : "4611686018428356715"
    }, {
      "d" : "1756389766336593879",
      "t" : 1756389766336,
      "tn" : 1756389766336593879,
      "q" : "1.09",
      "p" : "1.1363",
      "s" : "sell",
      "i" : "ETHFI_USD",
      "m" : "4611686018428356714"
    }, {
      "d" : "1756389765249093712",
      "t" : 1756389765249,
      "tn" : 1756389765249093712,
      "q" : "1.09",
      "p" : "1.1365",
      "s" : "sell",
      "i" : "ETHFI_USD",
      "m" : "4611686018428356713"
    }, {
      "d" : "1756389754869496384",
      "t" : 1756389754869,
      "tn" : 1756389754869496384,
      "q" : "1.09",
      "p" : "1.1357",
      "s" : "sell",
      "i" : "ETHFI_USD",
      "m" : "4611686018428356712"
    }, {
      "d" : "1756389744947886358",
      "t" : 1756389744947,
      "tn" : 1756389744947886358,
      "q" : "1.09",
      "p" : "1.1363",
      "s" : "sell",
      "i" : "ETHFI_USD",
      "m" : "4611686018428356711"
    }, {
      "d" : "1756389742746933783",
      "t" : 1756389742746,
      "tn" : 1756389742746933783,
      "q" : "1.09",
      "p" : "1.1353",
      "s" : "sell",
      "i" : "ETHFI_USD",
      "m" : "4611686018428356710"
    }, {
      "d" : "1756389740963270195",
      "t" : 1756389740963,
      "tn" : 1756389740963270195,
      "q" : "1.09",
      "p" : "1.1364",
      "s" : "sell",
      "i" : "ETHFI_USD",
      "m" : "4611686018428356709"
    }, {
      "d" : "1756389737306501599",
      "t" : 1756389737306,
      "tn" : 1756389737306501599,
      "q" : "1.09",
      "p" : "1.1363",
      "s" : "sell",
      "i" : "ETHFI_USD",
      "m" : "4611686018428356708"
    }, {
      "d" : "1756389736475504953",
      "t" : 1756389736475,
      "tn" : 1756389736475504953,
      "q" : "1.09",
      "p" : "1.1366",
      "s" : "sell",
      "i" : "ETHFI_USD",
      "m" : "4611686018428356707"
    }, {
      "d" : "1756389734935747696",
      "t" : 1756389734935,
      "tn" : 1756389734935747696,
      "q" : "1.09",
      "p" : "1.1374",
      "s" : "sell",
      "i" : "ETHFI_USD",
      "m" : "4611686018428356706"
    }, {
      "d" : "1756389733637788555",
      "t" : 1756389733637,
      "tn" : 1756389733637788555,
      "q" : "1.09",
      "p" : "1.1373",
      "s" : "sell",
      "i" : "ETHFI_USD",
      "m" : "4611686018428356705"
    }, {
      "d" : "1756389732464816063",
      "t" : 1756389732464,
      "tn" : 1756389732464816063,
      "q" : "1.09",
      "p" : "1.1379",
      "s" : "sell",
      "i" : "ETHFI_USD",
      "m" : "4611686018428356704"
    }, {
      "d" : "1756389728062392969",
      "t" : 1756389728062,
      "tn" : 1756389728062392969,
      "q" : "1.09",
      "p" : "1.1375",
      "s" : "sell",
      "i" : "ETHFI_USD",
      "m" : "4611686018428356703"
    }, {
      "d" : "1756389714446047363",
      "t" : 1756389714446,
      "tn" : 1756389714446047363,
      "q" : "1.09",
      "p" : "1.1344",
      "s" : "sell",
      "i" : "ETHFI_USD",
      "m" : "4611686018428356702"
    }, {
      "d" : "1756389713009209369",
      "t" : 1756389713009,
      "tn" : 1756389713009209369,
      "q" : "1.09",
      "p" : "1.1355",
      "s" : "sell",
      "i" : "ETHFI_USD",
      "m" : "4611686018428356701"
    }, {
      "d" : "1756389707139075982",
      "t" : 1756389707139,
      "tn" : 1756389707139075982,
      "q" : "68.57",
      "p" : "1.1346",
      "s" : "sell",
      "i" : "ETHFI_USD",
      "m" : "4611686018428356700"
    }, {
      "d" : "1756389707138247796",
      "t" : 1756389707138,
      "tn" : 1756389707138247796,
      "q" : "1.09",
      "p" : "1.1364",
      "s" : "sell",
      "i" : "ETHFI_USD",
      "m" : "4611686018428356699"
    }, {
      "d" : "1756389693744215276",
      "t" : 1756389693744,
      "tn" : 1756389693744215276,
      "q" : "1.09",
      "p" : "1.1354",
      "s" : "sell",
      "i" : "ETHFI_USD",
      "m" : "4611686018428356698"
    } ]
  }
}