{
  "id" : -1,
  "method" : "public/get-trades",
  "code" : 0,
  "result" : {
    "data" : [ {
      "d" : "1756460947868455772",
      "t" : 1756460947868,
      "tn" : 1756460947868455772,
      "q" : "0.0004",
      "p" : "4339.79",
      "s" : "sell",
      "i" : "ETHUSD-PERP",
      "m" : "4611686018743453049"
    }, {
      "d" : "1756460947797726324",
      "t" : 1756460947797,
      "tn" : 1756460947797726324,
      "q" : "0.0001",
      "p" : "4339.31",
      "s" : "buy",
      "i" : "ETHUSD-PERP",
      "m" : "4611686018743453048"
    }, {
      "d" : "1756460947379970122",
      "t" : 1756460947379,
      "tn" : 1756460947379970122,
      "q" : "0.1572",
      "p" : "4339.54",
      "s" : "sell",
      "i" : "ETHUSD-PERP",
      "m" : "4611686018743453047"
    }, {
      "d" : "1756460947379967873",
      "t" : 1756460947379,
      "tn" : 1756460947379967873,
      "q" : "0.0617",
      "p" : "4339.60",
      "s" : "sell",
      "i" : "ETHUSD-PERP",
      "m" : "4611686018743453046"
    }, {
      "d" : "1756460947379965938",
      "t" : 1756460947379,
      "tn" : 1756460947379965938,
      "q" : "0.0036",
      "p" : "4339.65",
      "s" : "sell",
      "i" : "ETHUSD-PERP",
      "m" : "4611686018743453045"
    }, {
      "d" : "1756460947379963762",
      "t" : 1756460947379,
      "tn" : 1756460947379963762,
      "q" : "0.0617",
      "p" : "4339.70",
      "s" : "sell",
      "i" : "ETHUSD-PERP",
      "m" : "4611686018743453044"
    }, {
      "d" : "1756460947379960005",
      "t" : 1756460947379,
      "tn" : 1756460947379960005,
      "q" : "0.0001",
      "p" : "4339.74",
      "s" : "sell",
      "i" : "ETHUSD-PERP",
      "m" : "4611686018743453043"
    }, {
      "d" : "1756460946709207499",
      "t" : 1756460946709,
      "tn" : 1756460946709207499,
      "q" : "0.0001",
      "p" : "4339.14",
      "s" : "buy",
      "i" : "ETHUSD-PERP",
      "m" : "4611686018743453042"
    }, {
      "d" : "1756460946709169765",
      "t" : 1756460946709,
      "tn" : 1756460946709169765,
      "q" : "0.2671",
      "p" : "4339.14",
      "s" : "buy",
      "i" : "ETHUSD-PERP",
      "m" : "4611686018743453041"
    }, {
      "d" : "1756460946706179182",
      "t" : 1756460946706,
      "tn" : 1756460946706179182,
      "q" : "0.0001",
      "p" : "4338.69",
      "s" : "buy",
      "i" : "ETHUSD-PERP",
      "m" : "4611686018743453040"
    }, {
      "d" : "1756460945899352293",
      "t" : 1756460945899,
      "tn" : 1756460945899352293,
      "q" : "0.0001",
      "p" : "4337.82",
      "s" : "buy",
      "i" : "ETHUSD-PERP",
      "m" : "4611686018743453039"
    }, {
      "d" : "1756460945684794638",
      "t" : 1756460945684,
      "tn" : 1756460945684794638,
      "q" : "0.0001",
      "p" : "4337.32",
      "s" : "buy",
      "i" : "ETHUSD-PERP",
      "m" : "4611686018743453038"
    }, {
      "d" : "1756460945503311928",
      "t" : 1756460945503,
      "tn" : 1756460945503311928,
      "q" : "0.0001",
      "p" : "4336.86",
      "s" : "buy",
      "i" : "ETHUSD-PERP",
      "m" : "4611686018743453037"
    }, {
      "d" : "1756460945496650567",
      "t" : 1756460945496,
      "tn" : 1756460945496650567,
      "q" : "0.0001",
      "p" : "4336.69",
      "s" : "buy",
      "i" : "ETHUSD-PERP",
      "m" : "4611686018743453036"
    }, {
      "d" : "1756460945349455670",
      "t" : 1756460945349,
      "tn" : 1756460945349455670,
      "q" : "0.0001",
      "p" : "4337.00",
      "s" : "sell",
      "i" : "ETHUSD-PERP",
      "m" : "4611686018743453035"
    }, {
      "d" : "1756460945349452477",
      "t" : 1756460945349,
      "tn" : 1756460945349452477,
      "q" : "0.0021",
      "p" : "4337.06",
      "s" : "sell",
      "i" : "ETHUSD-PERP",
      "m" : "4611686018743453034"
    }, {
      "d" : "1756460944952504537",
      "t" : 1756460944952,
      "tn" : 1756460944952504537,
      "q" : "0.0020",
      "p" : "4337.78",
      "s" : "sell",
      "i" : "ETHUSD-PERP",
      "m" : "4611686018743453033"
    }, {
      "d" : "1756460944806796733",
      "t" : 1756460944806,
      "tn" : 1756460944806796733,
      "q" : "0.0100",
      "p" : "4337.70",
      "s" : "buy",
      "i" : "ETHUSD-PERP",
      "m" : "4611686018743453032"
    }, {
      "d" : "1756460944748612831",
      "t" : 1756460944748,
      "tn" : 1756460944748612831,
      "q" : "0.0001",
      "p" : "4338.03",
      "s" : "sell",
      "i" : "ETHUSD-PERP",
      "m" : "4611686018743453031"
    }, {
      "d" : "1756460944269584186",
      "t" : 1756460944269,
      "tn" : 1756460944269584186,
      "q" : "0.1430",
      "p" : "4338.34",
      "s" : "sell",
      "i" : "ETHUSD-PERP",
      "m" : "4611686018743453030"
    }, {
      "d" : "1756460944269491719",
      "t" : 1756460944269,
      "tn" : 1756460944269491719,
      "q" : "0.1430",
      "p" : "4338.34",
      "s" : "sell",
      "i" : "ETHUSD-PERP",
      "m" : "4611686018743453029"
    }, {
      "d" : "1756460944269440803",
      "t" : 1756460944269,
      "tn" : 1756460944269440803,
      "q" : "0.1430",
      "p" : "4338.34",
      "s" : "sell",
      "i" : "ETHUSD-PERP",
      "m" : "4611686018743453028"
    }, {
      "d" : "1756460944269438977",
      "t" : 1756460944269,
      "tn" : 1756460944269438977,
      "q" : "0.1430",
      "p" : "4338.34",
      "s" : "sell",
      "i" : "ETHUSD-PERP",
      "m" : "4611686018743453027"
    }, {
      "d" : "1756460944269435800",
      "t" : 1756460944269,
      "tn" : 1756460944269435800,
      "q" : "0.1430",
      "p" : "4338.34",
      "s" : "sell",
      "i" : "ETHUSD-PERP",
      "m" : "4611686018743453026"
    }, {
      "d" : "1756460944268623664",
      "t" : 1756460944268,
      "tn" : 1756460944268623664,
      "q" : "0.9295",
      "p" : "4339.12",
      "s" : "sell",
      "i" : "ETHUSD-PERP",
      "m" : "4611686018743453025"
    }, {
      "d" : "1756460944268621882",
      "t" : 1756460944268,
      "tn" : 1756460944268621882,
      "q" : "0.0617",
      "p" : "4339.20",
      "s" : "sell",
      "i" : "ETHUSD-PERP",
      "m" : "4611686018743453024"
    }, {
      "d" : "1756460944268620213",
      "t" : 1756460944268,
      "tn" : 1756460944268620213,
      "q" : "0.0617",
      "p" : "4339.30",
      "s" : "sell",
      "i" : "ETHUSD-PERP",
      "m" : "4611686018743453023"
    }, {
      "d" : "1756460944268617786",
      "t" : 1756460944268,
      "tn" : 1756460944268617785,
      "q" : "0.0041",
      "p" : "4339.40",
      "s" : "sell",
      "i" : "ETHUSD-PERP",
      "m" : "4611686018743453022"
    }, {
      "d" : "1756460944268617785",
      "t" : 1756460944268,
      "tn" : 1756460944268617785,
      "q" : "0.0617",
      "p" : "4339.40",
      "s" : "sell",
      "i" : "ETHUSD-PERP",
      "m" : "4611686018743453022"
    }, {
      "d" : "1756460944268615811",
      "t" : 1756460944268,
      "tn" : 1756460944268615811,
      "q" : "0.0001",
      "p" : "4339.49",
      "s" : "sell",
      "i" : "ETHUSD-PERP",
      "m" : "4611686018743453021"
    }, {
      "d" : "1756460942687843399",
      "t" : 1756460942687,
      "tn" : 1756460942687843399,
      "q" : "0.0001",
      "p" : "4339.92",
      "s" : "sell",
      "i" : "ETHUSD-PERP",
      "m" : "4611686018743453020"
    }, {
      "d" : "1756460941948079279",
      "t" : 1756460941948,
      "tn" : 1756460941948079279,
      "q" : "0.0344",
      "p" : "4340.06",
      "s" : "buy",
      "i" : "ETHUSD-PERP",
      "m" : "4611686018743453019"
    }, {
      "d" : "1756460941948067796",
      "t" : 1756460941948,
      "tn" : 1756460941948067796,
      "q" : "0.0001",
      "p" : "4340.06",
      "s" : "buy",
      "i" : "ETHUSD-PERP",
      "m" : "4611686018743453018"
    }, {
      "d" : "1756460941947822818",
      "t" : 1756460941947,
      "tn" : 1756460941947822818,
      "q" : "0.0001",
      "p" : "4339.56",
      "s" : "buy",
      "i" : "ETHUSD-PERP",
      "m" : "4611686018743453017"
    }, {
      "d" : "1756460940627041261",
      "t" : 1756460940627,
      "tn" : 1756460940627041261,
      "q" : "0.0001",
      "p" : "4339.80",
      "s" : "sell",
      "i" : "ETHUSD-PERP",
      "m" : "4611686018743453016"
    }, {
      "d" : "1756460938804609048",
      "t" : 1756460938804,
      "tn" : 1756460938804609048,
      "q" : "0.0200",
      "p" : "4340.60",
      "s" : "buy",
      "i" : "ETHUSD-PERP",
      "m" : "4611686018743453015"
    }, {
      "d" : "1756460938474224121",
      "t" : 1756460938474,
      "tn" : 1756460938474224120,
      "q" : "0.0519",
      "p" : "4340.59",
      "s" : "sell",
      "i" : "ETHUSD-PERP",
      "m" : "4611686018743453014"
    }, {
      "d" : "1756460938474224120",
      "t" : 1756460938474,
      "tn" : 1756460938474224120,
      "q" : "0.0001",
      "p" : "4340.59",
      "s" : "sell",
      "i" : "ETHUSD-PERP",
      "m" : "4611686018743453014"
    }, {
      "d" : "1756460935581658282",
      "t" : 1756460935581,
      "tn" : 1756460935581658282,
      "q" : "0.0001",
      "p" : "4340.91",
      "s" : "sell",
      "i" : "ETHUSD-PERP",
      "m" : "4611686018743453013"
    }, {
      "d" : "1756460935581656718",
      "t" : 1756460935581,
      "tn" : 1756460935581656718,
      "q" : "0.0001",
      "p" : "4341.12",
      "s" : "sell",
      "i" : "ETHUSD-PERP",
      "m" : "4611686018743453012"
    }, {
      "d" : "1756460935352127022",
      "t" : 1756460935352,
      "tn" : 1756460935352127022,
      "q" : "0.0617",
      "p" : "4341.00",
      "s" : "buy",
      "i" : "ETHUSD-PERP",
      "m" : "4611686018743453011"
    }, {
      "d" : "1756460935352124713",
      "t" : 1756460935352,
      "tn" : 1756460935352124713,
      "q" : "0.0001",
      "p" : "4340.92",
      "s" : "buy",
      "i" : "ETHUSD-PERP",
      "m" : "4611686018743453010"
    }, {
      "d" : "1756460934209635964",
      "t" : 1756460934209,
      "tn" : 1756460934209635964,
      "q" : "0.0001",
      "p" : "4340.70",
      "s" : "buy",
      "i" : "ETHUSD-PERP",
      "m" : "4611686018743453009"
    }, {
      "d" : "1756460932401344169",
      "t" : 1756460932401,
      "tn" : 1756460932401344169,
      "q" : "0.0001",
      "p" : "4340.20",
      "s" : "buy",
      "i" : "ETHUSD-PERP",
      "m" : "4611686018743453008"
    }, {
      "d" : "1756460931957049581",
      "t" : 1756460931957,
      "tn" : 1756460931957049581,
      "q" : "0.0001",
      "p" : "4339.80",
      "s" : "buy",
      "i" : "ETHUSD-PERP",
      "m" : "4611686018743453007"
    }, {
      "d" : "1756460931629129609",
      "t" : 1756460931629,
      "tn" : 1756460931629129609,
      "q" : "0.0100",
      "p" : "4339.50",
      "s" : "buy",
      "i" : "ETHUSD-PERP",
      "m" : "4611686018743453006"
    }, {
      "d" : "1756460931275629577",
      "t" : 1756460931275,
      "tn" : 1756460931275629577,
      "q" : "0.0001",
      "p" : "4339.01",
      "s" : "buy",
      "i" : "ETHUSD-PERP",
      "m" : "4611686018743453005"
    }, {
      "d" : "1756460930527142922",
      "t" : 1756460930527,
      "tn" : 1756460930527142921,
      "q" : "0.0042",
      "p" : "4339.10",
      "s" : "sell",
      "i" : "ETHUSD-PERP",
      "m" : "4611686018743453004"
    }, {
      "d" : "1756460930527142921",
      "t" : 1756460930527,
      "tn" : 1756460930527142921,
      "q" : "0.0617",
      "p" : "4339.10",
      "s" : "sell",
      "i" : "ETHUSD-PERP",
      "m" : "4611686018743453004"
    }, {
      "d" : "1756460929948551343",
      "t" : 1756460929948,
      "tn" : 1756460929948551343,
      "q" : "0.0001",
      "p" : "4338.72",
      "s" : "buy",
      "i" : "ETHUSD-PERP",
      "m" : "4611686018743453003"
    }, {
      "d" : "1756460929948549220",
      "t" : 1756460929948,
      "tn" : 1756460929948549220,
      "q" : "0.0001",
      "p" : "4338.71",
      "s" : "buy",
      "i" : "ETHUSD-PERP",
      "m" : "4611686018743453002"
    }, {
      "d" : "1756460929498363024",
      "t" : 1756460929498,
      "tn" : 1756460929498363024,
      "q" : "1.1523",
      "p" : "4338.71",
      "s" : "buy",
      "i" : "ETHUSD-PERP",
      "m" : "4611686018743453001"
    }, {
      "d" : "1756460928413237156",
      "t" : 1756460928413,
      "tn" : 1756460928413237156,
      "q" : "0.0617",
      "p" : "4339.70",
      "s" : "sell",
      "i" : "ETHUSD-PERP",
      "m" : "4611686018743453000"
    }, {
      "d" : "1756460928413235028",
      "t" : 1756460928413,
      "tn" : 1756460928413235028,
      "q" : "0.0617",
      "p" : "4339.80",
      "s" : "sell",
      "i" : "ETHUSD-PERP",
      "m" : "4611686018743452999"
    }, {
      "d" : "1756460928413233246",
      "t" : 1756460928413,
      "tn" : 1756460928413233246,
      "q" : "0.0001",
      "p" : "4339.84",
      "s" : "sell",
      "i" : "ETHUSD-PERP",
      "m" : "4611686018743452998"
    }, {
      "d" : "1756460928413231205",
      "t" : 1756460928413,
      "tn" : 1756460928413231204,
      "q" : "0.0017",
      "p" : "4339.88",
      "s" : "sell",
      "i" : "ETHUSD-PERP",
      "m" : "4611686018743452997"
    }, {
      "d" : "1756460928413231204",
      "t" : 1756460928413,
      "tn" : 1756460928413231204,
      "q" : "1.6633",
      "p" : "4339.88",
      "s" : "sell",
      "i" : "ETHUSD-PERP",
      "m" : "4611686018743452997"
    }, {
      "d" : "1756460927470100938",
      "t" : 1756460927470,
      "tn" : 1756460927470100938,
      "q" : "0.0037",
      "p" : "4339.91",
      "s" : "sell",
      "i" : "ETHUSD-PERP",
      "m" : "4611686018743452996"
    }, {
      "d" : "1756460926432022026",
      "t" : 1756460926432,
      "tn" : 1756460926432022026,
      "q" : "0.0001",
      "p" : "4340.37",
      "s" : "sell",
      "i" : "ETHUSD-PERP",
      "m" : "4611686018743452995"
    }, {
      "d" : "1756460926074554511",
      "t" : 1756460926074,
      "tn" : 1756460926074554511,
      "q" : "0.0001",
      "p" : "4340.26",
      "s" : "buy",
      "i" : "ETHUSD-PERP",
      "m" : "4611686018743452994"
    }, {
      "d" : "1756460926074551037",
      "t" : 1756460926074,
      "tn" : 1756460926074551037,
      "q" : "0.2339",
      "p" : "4340.26",
      "s" : "buy",
      "i" : "ETHUSD-PERP",
      "m" : "4611686018743452993"
    }, {
      "d" : "1756460925846261828",
      "t" : 1756460925846,
      "tn" : 1756460925846261828,
      "q" : "0.0001",
      "p" : "4340.59",
      "s" : "sell",
      "i" : "ETHUSD-PERP",
      "m" : "4611686018743452992"
    }, {
      "d" : "1756460925846213508",
      "t" : 1756460925846,
      "tn" : 1756460925846213508,
      "q" : "0.0001",
      "p" : "4340.59",
      "s" : "sell",
      "i" : "ETHUSD-PERP",
      "m" : "4611686018743452991"
    }, {
      "d" : "1756460925846139839",
      "t" : 1756460925846,
      "tn" : 1756460925846139838,
      "q" : "0.0034",
      "p" : "4340.59",
      "s" : "sell",
      "i" : "ETHUSD-PERP",
      "m" : "4611686018743452990"
    }, {
      "d" : "1756460925846139838",
      "t" : 1756460925846,
      "tn" : 1756460925846139838,
      "q" : "0.0001",
      "p" : "4340.59",
      "s" : "sell",
      "i" : "ETHUSD-PERP",
      "m" : "4611686018743452990"
    }, {
      "d" : "1756460924790194896",
      "t" : 1756460924790,
      "tn" : 1756460924790194896,
      "q" : "0.0587",
      "p" : "4340.60",
      "s" : "sell",
      "i" : "ETHUSD-PERP",
      "m" : "4611686018743452989"
    }, {
      "d" : "1756460924787957180",
      "t" : 1756460924787,
      "tn" : 1756460924787957180,
      "q" : "0.0001",
      "p" : "4340.61",
      "s" : "sell",
      "i" : "ETHUSD-PERP",
      "m" : "4611686018743452988"
    }, {
      "d" : "1756460924787954310",
      "t" : 1756460924787,
      "tn" : 1756460924787954310,
      "q" : "0.0001",
      "p" : "4340.61",
      "s" : "sell",
      "i" : "ETHUSD-PERP",
      "m" : "4611686018743452987"
    }, {
      "d" : "1756460924787950899",
      "t" : 1756460924787,
      "tn" : 1756460924787950899,
      "q" : "0.0343",
      "p" : "4340.61",
      "s" : "sell",
      "i" : "ETHUSD-PERP",
      "m" : "4611686018743452986"
    }, {
      "d" : "1756460924785767648",
      "t" : 1756460924785,
      "tn" : 1756460924785767648,
      "q" : "0.0001",
      "p" : "4341.08",
      "s" : "sell",
      "i" : "ETHUSD-PERP",
      "m" : "4611686018743452985"
    }, {
      "d" : "1756460924300350305",
      "t" : 1756460924300,
      "tn" : 1756460924300350305,
      "q" : "0.0100",
      "p" : "4341.09",
      "s" : "buy",
      "i" : "ETHUSD-PERP",
      "m" : "4611686018743452984"
    }, {
      "d" : "1756460922962304988",
      "t" : 1756460922962,
      "tn" : 1756460922962304988,
      "q" : "0.0100",
      "p" : "4341.20",
      "s" : "buy",
      "i" : "ETHUSD-PERP",
      "m" : "4611686018743452983"
    }, {
      "d" : "1756460922483074860",
      "t" : 1756460922483,
      "tn" : 1756460922483074860,
      "q" : "0.0001",
      "p" : "4340.73",
      "s" : "buy",
      "i" : "ETHUSD-PERP",
      "m" : "4611686018743452982"
    }, {
      "d" : "1756460920694460719",
      "t" : 1756460920694,
      "tn" : 1756460920694460719,
      "q" : "0.8294",
      "p" : "4340.11",
      "s" : "buy",
      "i" : "ETHUSD-PERP",
      "m" : "4611686018743452981"
    }, {
      "d" : "1756460920541566262",
      "t" : 1756460920541,
      "tn" : 1756460920541566262,
      "q" : "0.0001",
      "p" : "4340.37",
      "s" : "sell",
      "i" : "ETHUSD-PERP",
      "m" : "4611686018743452980"
    }, {
      "d" : "1756460920489901729",
      "t" : 1756460920489,
      "tn" : 1756460920489901729,
      "q" : "0.4826",
      "p" : "4340.40",
      "s" : "sell",
      "i" : "ETHUSD-PERP",
      "m" : "4611686018743452979"
    }, {
      "d" : "1756460920433700187",
      "t" : 1756460920433,
      "tn" : 1756460920433700187,
      "q" : "0.0385",
      "p" : "4340.50",
      "s" : "sell",
      "i" : "ETHUSD-PERP",
      "m" : "4611686018743452978"
    }, {
      "d" : "1756460920433130057",
      "t" : 1756460920433,
      "tn" : 1756460920433130057,
      "q" : "0.0101",
      "p" : "4340.50",
      "s" : "sell",
      "i" : "ETHUSD-PERP",
      "m" : "4611686018743452977"
    }, {
      "d" : "1756460920415098263",
      "t" : 1756460920415,
      "tn" : 1756460920415098263,
      "q" : "0.0587",
      "p" : "4340.60",
      "s" : "sell",
      "i" : "ETHUSD-PERP",
      "m" : "4611686018743452976"
    }, {
      "d" : "1756460920414645004",
      "t" : 1756460920414,
      "tn" : 1756460920414645004,
      "q" : "1.3812",
      "p" : "4340.68",
      "s" : "sell",
      "i" : "ETHUSD-PERP",
      "m" : "4611686018743452975"
    }, {
      "d" : "1756460920414641657",
      "t" : 1756460920414,
      "tn" : 1756460920414641657,
      "q" : "0.2821",
      "p" : "4340.68",
      "s" : "sell",
      "i" : "ETHUSD-PERP",
      "m" : "4611686018743452974"
    }, {
      "d" : "1756460920364342024",
      "t" : 1756460920364,
      "tn" : 1756460920364342024,
      "q" : "0.2304",
      "p" : "4340.65",
      "s" : "buy",
      "i" : "ETHUSD-PERP",
      "m" : "4611686018743452973"
    }, {
      "d" : "1756460920363441496",
      "t" : 1756460920363,
      "tn" : 1756460920363441496,
      "q" : "0.1000",
      "p" : "4340.54",
      "s" : "buy",
      "i" : "ETHUSD-PERP",
      "m" : "4611686018743452972"
    }, {
      "d" : "1756460920363438625",
      "t" : 1756460920363,
      "tn" : 1756460920363438625,
      "q" : "0.0343",
      "p" : "4340.50",
      "s" : "buy",
      "i" : "ETHUSD-PERP",
      "m" : "4611686018743452971"
    }, {
      "d" : "1756460920363320846",
      "t" : 1756460920363,
      "tn" : 1756460920363320846,
      "q" : "0.0001",
      "p" : "4340.50",
      "s" : "buy",
      "i" : "ETHUSD-PERP",
      "m" : "4611686018743452970"
    }, {
      "d" : "1756460920363241925",
      "t" : 1756460920363,
      "tn" : 1756460920363241925,
      "q" : "0.0001",
      "p" : "4340.50",
      "s" : "buy",
      "i" : "ETHUSD-PERP",
      "m" : "4611686018743452969"
    }, {
      "d" : "1756460920362806935",
      "t" : 1756460920362,
      "tn" : 1756460920362806935,
      "q" : "0.1000",
      "p" : "4340.26",
      "s" : "buy",
      "i" : "ETHUSD-PERP",
      "m" : "4611686018743452968"
    }, {
      "d" : "1756460920362801103",
      "t" : 1756460920362,
      "tn" : 1756460920362801103,
      "q" : "0.2607",
      "p" : "4340.22",
      "s" : "buy",
      "i" : "ETHUSD-PERP",
      "m" : "4611686018743452967"
    }, {
      "d" : "1756460920362798923",
      "t" : 1756460920362,
      "tn" : 1756460920362798923,
      "q" : "0.0999",
      "p" : "4340.20",
      "s" : "buy",
      "i" : "ETHUSD-PERP",
      "m" : "4611686018743452966"
    }, {
      "d" : "1756460920362717684",
      "t" : 1756460920362,
      "tn" : 1756460920362717684,
      "q" : "0.0001",
      "p" : "4340.20",
      "s" : "buy",
      "i" : "ETHUSD-PERP",
      "m" : "4611686018743452965"
    }, {
      "d" : "1756460920361177398",
      "t" : 1756460920361,
      "tn" : 1756460920361177398,
      "q" : "0.0001",
      "p" : "4339.72",
      "s" : "buy",
      "i" : "ETHUSD-PERP",
      "m" : "4611686018743452964"
    }, {
      "d" : "1756460917761516741",
      "t" : 1756460917761,
      "tn" : 1756460917761516741,
      "q" : "0.0200",
      "p" : "4339.50",
      "s" : "buy",
      "i" : "ETHUSD-PERP",
      "m" : "4611686018743452963"
    }, {
      "d" : "1756460917755022141",
      "t" : 1756460917755,
      "tn" : 1756460917755022141,
      "q" : "0.0001",
      "p" : "4339.69",
      "s" : "sell",
      "i" : "ETHUSD-PERP",
      "m" : "4611686018743452962"
    }, {
      "d" : "1756460915654674141",
      "t" : 1756460915654,
      "tn" : 1756460915654674141,
      "q" : "0.0001",
      "p" : "4339.74",
      "s" : "sell",
      "i" : "ETHUSD-PERP",
      "m" : "4611686018743452961"
    }, {
      "d" : "1756460914698317434",
      "t" : 1756460914698,
      "tn" : 1756460914698317434,
      "q" : "0.0001",
      "p" : "4339.97",
      "s" : "sell",
      "i" : "ETHUSD-PERP",
      "m" : "4611686018743452960"
    }, {
      "d" : "1756460913782028093",
      "t" : 1756460913782,
      "tn" : 1756460913782028093,
      "q" : "0.0001",
      "p" : "4340.01",
      "s" : "sell",
      "i" : "ETHUSD-PERP",
      "m" : "4611686018743452959"
    }, {
      "d" : "1756460913782023674",
      "t" : 1756460913782,
      "tn" : 1756460913782023674,
      "q" : "0.0001",
      "p" : "4340.06",
      "s" : "sell",
      "i" : "ETHUSD-PERP",
      "m" : "4611686018743452958"
    }, {
      "d" : "1756460913019879037",
      "t" : 1756460913019,
      "tn" : 1756460913019879037,
      "q" : "0.0033",
      "p" : "4340.20",
      "s" : "sell",
      "i" : "ETHUSD-PERP",
      "m" : "4611686018743452957"
    }, {
      "d" : "1756460913019556152",
      "t" : 1756460913019,
      "tn" : 1756460913019556152,
      "q" : "1.1519",
      "p" : "4340.29",
      "s" : "sell",
      "i" : "ETHUSD-PERP",
      "m" : "4611686018743452956"
    }, {
      "d" : "1756460913019388914",
      "t" : 1756460913019,
      "tn" : 1756460913019388914,
      "q" : "0.0001",
      "p" : "4340.29",
      "s" : "sell",
      "i" : "ETHUSD-PERP",
      "m" : "4611686018743452955"
    }, {
      "d" : "1756460912123164946",
      "t" : 1756460912123,
      "tn" : 1756460912123164946,
      "q" : "0.0001",
      "p" : "4340.51",
      "s" : "sell",
      "i" : "ETHUSD-PERP",
      "m" : "4611686018743452954"
    }, {
      "d" : "1756460912078553306",
      "t" : 1756460912078,
      "tn" : 1756460912078553305,
      "q" : "0.0191",
      "p" : "4340.52",
      "s" : "buy",
      "i" : "ETHUSD-PERP",
      "m" : "4611686018743452953"
    }, {
      "d" : "1756460912078553305",
      "t" : 1756460912078,
      "tn" : 1756460912078553305,
      "q" : "0.0009",
      "p" : "4340.52",
      "s" : "buy",
      "i" : "ETHUSD-PERP",
      "m" : "4611686018743452953"
    }, {
      "d" : "1756460909307846101",
      "t" : 1756460909307,
      "tn" : 1756460909307846100,
      "q" : "0.0014",
      "p" : "4340.30",
      "s" : "buy",
      "i" : "ETHUSD-PERP",
      "m" : "4611686018743452952"
    }, {
      "d" : "1756460909307846100",
      "t" : 1756460909307,
      "tn" : 1756460909307846100,
      "q" : "0.0012",
      "p" : "4340.30",
      "s" : "buy",
      "i" : "ETHUSD-PERP",
      "m" : "4611686018743452952"
    }, {
      "d" : "1756460908205027248",
      "t" : 1756460908205,
      "tn" : 1756460908205027248,
      "q" : "0.0001",
      "p" : "4339.92",
      "s" : "buy",
      "i" : "ETHUSD-PERP",
      "m" : "4611686018743452951"
    }, {
      "d" : "1756460907168205341",
      "t" : 1756460907168,
      "tn" : 1756460907168205341,
      "q" : "1.1521",
      "p" : "4339.59",
      "s" : "sell",
      "i" : "ETHUSD-PERP",
      "m" : "4611686018743452950"
    }, {
      "d" : "1756460907168202632",
      "t" : 1756460907168,
      "tn" : 1756460907168202632,
      "q" : "0.1779",
      "p" : "4339.60",
      "s" : "sell",
      "i" : "ETHUSD-PERP",
      "m" : "4611686018743452949"
    }, {
      "d" : "1756460907168200650",
      "t" : 1756460907168,
      "tn" : 1756460907168200650,
      "q" : "0.0001",
      "p" : "4339.61",
      "s" : "sell",
      "i" : "ETHUSD-PERP",
      "m" : "4611686018743452948"
    }, {
      "d" : "1756460905669001315",
      "t" : 1756460905669,
      "tn" : 1756460905669001310,
      "q" : "0.6212",
      "p" : "4339.60",
      "s" : "buy",
      "i" : "ETHUSD-PERP",
      "m" : "4611686018743452947"
    }, {
      "d" : "1756460905669001314",
      "t" : 1756460905669,
      "tn" : 1756460905669001310,
      "q" : "0.0404",
      "p" : "4339.60",
      "s" : "buy",
      "i" : "ETHUSD-PERP",
      "m" : "4611686018743452947"
    }, {
      "d" : "1756460905669001313",
      "t" : 1756460905669,
      "tn" : 1756460905669001310,
      "q" : "0.0587",
      "p" : "4339.60",
      "s" : "buy",
      "i" : "ETHUSD-PERP",
      "m" : "4611686018743452947"
    }, {
      "d" : "1756460905669001312",
      "t" : 1756460905669,
      "tn" : 1756460905669001310,
      "q" : "0.0680",
      "p" : "4339.60",
      "s" : "buy",
      "i" : "ETHUSD-PERP",
      "m" : "4611686018743452947"
    }, {
      "d" : "1756460905669001311",
      "t" : 1756460905669,
      "tn" : 1756460905669001310,
      "q" : "0.0290",
      "p" : "4339.60",
      "s" : "buy",
      "i" : "ETHUSD-PERP",
      "m" : "4611686018743452947"
    }, {
      "d" : "1756460905669001310",
      "t" : 1756460905669,
      "tn" : 1756460905669001310,
      "q" : "0.0122",
      "p" : "4339.60",
      "s" : "buy",
      "i" : "ETHUSD-PERP",
      "m" : "4611686018743452947"
    }, {
      "d" : "1756460903995337261",
      "t" : 1756460903995,
      "tn" : 1756460903995337260,
      "q" : "0.0025",
      "p" : "4339.10",
      "s" : "buy",
      "i" : "ETHUSD-PERP",
      "m" : "4611686018743452946"
    }, {
      "d" : "1756460903995337260",
      "t" : 1756460903995,
      "tn" : 1756460903995337260,
      "q" : "2.0000",
      "p" : "4339.10",
      "s" : "buy",
      "i" : "ETHUSD-PERP",
      "m" : "4611686018743452946"
    }, {
      "d" : "1756460903943242404",
      "t" : 1756460903943,
      "tn" : 1756460903943242404,
      "q" : "0.0110",
      "p" : "4338.91",
      "s" : "buy",
      "i" : "ETHUSD-PERP",
      "m" : "4611686018743452945"
    }, {
      "d" : "1756460903566718814",
      "t" : 1756460903566,
      "tn" : 1756460903566718814,
      "q" : "0.0010",
      "p" : "4338.19",
      "s" : "buy",
      "i" : "ETHUSD-PERP",
      "m" : "4611686018743452944"
    }, {
      "d" : "1756460903236123088",
      "t" : 1756460903236,
      "tn" : 1756460903236123088,
      "q" : "0.0034",
      "p" : "4337.31",
      "s" : "buy",
      "i" : "ETHUSD-PERP",
      "m" : "4611686018743452943"
    }, {
      "d" : "1756460903176073041",
      "t" : 1756460903176,
      "tn" : 1756460903176073041,
      "q" : "0.0075",
      "p" : "4337.26",
      "s" : "buy",
      "i" : "ETHUSD-PERP",
      "m" : "4611686018743452942"
    }, {
      "d" : "1756460903054464952",
      "t" : 1756460903054,
      "tn" : 1756460903054464952,
      "q" : "0.0001",
      "p" : "4337.56",
      "s" : "buy",
      "i" : "ETHUSD-PERP",
      "m" : "4611686018743452941"
    }, {
      "d" : "1756460902831387604",
      "t" : 1756460902831,
      "tn" : 1756460902831387604,
      "q" : "0.0512",
      "p" : "4337.60",
      "s" : "sell",
      "i" : "ETHUSD-PERP",
      "m" : "4611686018743452940"
    }, {
      "d" : "1756460902831385834",
      "t" : 1756460902831,
      "tn" : 1756460902831385834,
      "q" : "0.0047",
      "p" : "4337.63",
      "s" : "sell",
      "i" : "ETHUSD-PERP",
      "m" : "4611686018743452939"
    }, {
      "d" : "1756460901109395208",
      "t" : 1756460901109,
      "tn" : 1756460901109395208,
      "q" : "0.4861",
      "p" : "4336.69",
      "s" : "sell",
      "i" : "ETHUSD-PERP",
      "m" : "4611686018743452938"
    }, {
      "d" : "1756460901109394226",
      "t" : 1756460901109,
      "tn" : 1756460901109394226,
      "q" : "1.1772",
      "p" : "4336.77",
      "s" : "sell",
      "i" : "ETHUSD-PERP",
      "m" : "4611686018743452937"
    }, {
      "d" : "1756460901108631297",
      "t" : 1756460901108,
      "tn" : 1756460901108631297,
      "q" : "0.1000",
      "p" : "4336.78",
      "s" : "buy",
      "i" : "ETHUSD-PERP",
      "m" : "4611686018743452936"
    }, {
      "d" : "1756460901108368200",
      "t" : 1756460901108,
      "tn" : 1756460901108368200,
      "q" : "0.1000",
      "p" : "4336.59",
      "s" : "buy",
      "i" : "ETHUSD-PERP",
      "m" : "4611686018743452935"
    }, {
      "d" : "1756460900975925037",
      "t" : 1756460900975,
      "tn" : 1756460900975925037,
      "q" : "0.0001",
      "p" : "4336.42",
      "s" : "sell",
      "i" : "ETHUSD-PERP",
      "m" : "4611686018743452934"
    }, {
      "d" : "1756460900975644668",
      "t" : 1756460900975,
      "tn" : 1756460900975644668,
      "q" : "1.1529",
      "p" : "4336.49",
      "s" : "sell",
      "i" : "ETHUSD-PERP",
      "m" : "4611686018743452933"
    }, {
      "d" : "1756460900975642901",
      "t" : 1756460900975,
      "tn" : 1756460900975642901,
      "q" : "0.0056",
      "p" : "4336.59",
      "s" : "sell",
      "i" : "ETHUSD-PERP",
      "m" : "4611686018743452932"
    }, {
      "d" : "1756460900773599107",
      "t" : 1756460900773,
      "tn" : 1756460900773599107,
      "q" : "0.0001",
      "p" : "4335.94",
      "s" : "buy",
      "i" : "ETHUSD-PERP",
      "m" : "4611686018743452931"
    }, {
      "d" : "1756460898546810669",
      "t" : 1756460898546,
      "tn" : 1756460898546810669,
      "q" : "0.0001",
      "p" : "4336.09",
      "s" : "sell",
      "i" : "ETHUSD-PERP",
      "m" : "4611686018743452930"
    }, {
      "d" : "1756460898095665299",
      "t" : 1756460898095,
      "tn" : 1756460898095665299,
      "q" : "0.0559",
      "p" : "4336.10",
      "s" : "sell",
      "i" : "ETHUSD-PERP",
      "m" : "4611686018743452929"
    }, {
      "d" : "1756460898087415315",
      "t" : 1756460898087,
      "tn" : 1756460898087415315,
      "q" : "0.0345",
      "p" : "4336.20",
      "s" : "sell",
      "i" : "ETHUSD-PERP",
      "m" : "4611686018743452928"
    }, {
      "d" : "1756460898087263024",
      "t" : 1756460898087,
      "tn" : 1756460898087263024,
      "q" : "0.0056",
      "p" : "4336.47",
      "s" : "sell",
      "i" : "ETHUSD-PERP",
      "m" : "4611686018743452927"
    }, {
      "d" : "1756460898087172044",
      "t" : 1756460898087,
      "tn" : 1756460898087172044,
      "q" : "0.0001",
      "p" : "4336.50",
      "s" : "sell",
      "i" : "ETHUSD-PERP",
      "m" : "4611686018743452926"
    }, {
      "d" : "1756460897916652912",
      "t" : 1756460897916,
      "tn" : 1756460897916652912,
      "q" : "0.0100",
      "p" : "4336.51",
      "s" : "buy",
      "i" : "ETHUSD-PERP",
      "m" : "4611686018743452925"
    }, {
      "d" : "1756460895074608615",
      "t" : 1756460895074,
      "tn" : 1756460895074608615,
      "q" : "0.0022",
      "p" : "4336.71",
      "s" : "sell",
      "i" : "ETHUSD-PERP",
      "m" : "4611686018743452924"
    }, {
      "d" : "1756460895074606648",
      "t" : 1756460895074,
      "tn" : 1756460895074606648,
      "q" : "0.0001",
      "p" : "4336.79",
      "s" : "sell",
      "i" : "ETHUSD-PERP",
      "m" : "4611686018743452923"
    }, {
      "d" : "1756460894531692051",
      "t" : 1756460894531,
      "tn" : 1756460894531692051,
      "q" : "0.0001",
      "p" : "4336.67",
      "s" : "buy",
      "i" : "ETHUSD-PERP",
      "m" : "4611686018743452922"
    }, {
      "d" : "1756460894531690787",
      "t" : 1756460894531,
      "tn" : 1756460894531690787,
      "q" : "0.0035",
      "p" : "4336.52",
      "s" : "buy",
      "i" : "ETHUSD-PERP",
      "m" : "4611686018743452921"
    }, {
      "d" : "1756460894522413748",
      "t" : 1756460894522,
      "tn" : 1756460894522413748,
      "q" : "0.0728",
      "p" : "4336.49",
      "s" : "buy",
      "i" : "ETHUSD-PERP",
      "m" : "4611686018743452920"
    }, {
      "d" : "1756460894522410741",
      "t" : 1756460894522,
      "tn" : 1756460894522410741,
      "q" : "0.0589",
      "p" : "4336.40",
      "s" : "buy",
      "i" : "ETHUSD-PERP",
      "m" : "4611686018743452919"
    }, {
      "d" : "1756460894410667448",
      "t" : 1756460894410,
      "tn" : 1756460894410667448,
      "q" : "0.4556",
      "p" : "4336.72",
      "s" : "sell",
      "i" : "ETHUSD-PERP",
      "m" : "4611686018743452918"
    }, {
      "d" : "1756460894410666299",
      "t" : 1756460894410,
      "tn" : 1756460894410666299,
      "q" : "0.0001",
      "p" : "4336.72",
      "s" : "sell",
      "i" : "ETHUSD-PERP",
      "m" : "4611686018743452917"
    }, {
      "d" : "1756460894402430612",
      "t" : 1756460894402,
      "tn" : 1756460894402430612,
      "q" : "0.0589",
      "p" : "4337.20",
      "s" : "sell",
      "i" : "ETHUSD-PERP",
      "m" : "4611686018743452916"
    }, {
      "d" : "1756460894401991827",
      "t" : 1756460894401,
      "tn" : 1756460894401991826,
      "q" : "0.0001",
      "p" : "4337.29",
      "s" : "sell",
      "i" : "ETHUSD-PERP",
      "m" : "4611686018743452915"
    }, {
      "d" : "1756460894401991826",
      "t" : 1756460894401,
      "tn" : 1756460894401991826,
      "q" : "0.2709",
      "p" : "4337.29",
      "s" : "sell",
      "i" : "ETHUSD-PERP",
      "m" : "4611686018743452915"
    }, {
      "d" : "1756460894401981447",
      "t" : 1756460894401,
      "tn" : 1756460894401981447,
      "q" : "0.0090",
      "p" : "4337.29",
      "s" : "sell",
      "i" : "ETHUSD-PERP",
      "m" : "4611686018743452914"
    } ]
  }
}