{
  "id" : -1,
  "method" : "public/get-trades",
  "code" : 0,
  "result" : {
    "data" : [ {
      "d" : "1756459490175933751",
      "t" : 1756459490175,
      "tn" : 1756459490175933750,
      "q" : "1.94",
      "p" : "1.6251",
      "s" : "sell",
      "i" : "ETHW_USD",
      "m" : "4611686018430167536"
    }, {
      "d" : "1756459490175933750",
      "t" : 1756459490175,
      "tn" : 1756459490175933750,
      "q" : "10.37",
      "p" : "1.6251",
      "s" : "sell",
      "i" : "ETHW_USD",
      "m" : "4611686018430167536"
    }, {
      "d" : "1756451666464008188",
      "t" : 1756451666464,
      "tn" : 1756451666464008188,
      "q" : "16.27",
      "p" : "1.6457",
      "s" : "sell",
      "i" : "ETHW_USD",
      "m" : "4611686018430167535"
    }, {
      "d" : "1756451666464006471",
      "t" : 1756451666464,
      "tn" : 1756451666464006471,
      "q" : "23.73",
      "p" : "1.6459",
      "s" : "sell",
      "i" : "ETHW_USD",
      "m" : "4611686018430167534"
    }, {
      "d" : "1756451666460076750",
      "t" : 1756451666460,
      "tn" : 1756451666460076750,
      "q" : "62.80",
      "p" : "1.6460",
      "s" : "sell",
      "i" : "ETHW_USD",
      "m" : "4611686018430167533"
    }, {
      "d" : "1756443832960097850",
      "t" : 1756443832960,
      "tn" : 1756443832960097849,
      "q" : "45.26",
      "p" : "1.6858",
      "s" : "buy",
      "i" : "ETHW_USD",
      "m" : "4611686018430167532"
    }, {
      "d" : "1756443832960097849",
      "t" : 1756443832960,
      "tn" : 1756443832960097849,
      "q" : "7.08",
      "p" : "1.6858",
      "s" : "buy",
      "i" : "ETHW_USD",
      "m" : "4611686018430167532"
    }, {
      "d" : "1756429690484076017",
      "t" : 1756429690484,
      "tn" : 1756429690484076017,
      "q" : "5.86",
      "p" : "1.7042",
      "s" : "buy",
      "i" : "ETHW_USD",
      "m" : "4611686018430167531"
    }, {
      "d" : "1756429548682031604",
      "t" : 1756429548682,
      "tn" : 1756429548682031604,
      "q" : "6.29",
      "p" : "1.7042",
      "s" : "buy",
      "i" : "ETHW_USD",
      "m" : "4611686018430167530"
    }, {
      "d" : "1756429548682029223",
      "t" : 1756429548682,
      "tn" : 1756429548682029223,
      "q" : "5.37",
      "p" : "1.6940",
      "s" : "buy",
      "i" : "ETHW_USD",
      "m" : "4611686018430167529"
    }, {
      "d" : "1756428432280412175",
      "t" : 1756428432280,
      "tn" : 1756428432280412175,
      "q" : "11.66",
      "p" : "1.7140",
      "s" : "buy",
      "i" : "ETHW_USD",
      "m" : "4611686018430167528"
    }, {
      "d" : "1756427765054821469",
      "t" : 1756427765054,
      "tn" : 1756427765054821469,
      "q" : "40.31",
      "p" : "1.7146",
      "s" : "sell",
      "i" : "ETHW_USD",
      "m" : "4611686018430167527"
    }, {
      "d" : "1756427765053762388",
      "t" : 1756427765053,
      "tn" : 1756427765053762388,
      "q" : "2.47",
      "p" : "1.7248",
      "s" : "sell",
      "i" : "ETHW_USD",
      "m" : "4611686018430167526"
    }, {
      "d" : "1756425833675140307",
      "t" : 1756425833675,
      "tn" : 1756425833675140307,
      "q" : "45.36",
      "p" : "1.7179",
      "s" : "buy",
      "i" : "ETHW_USD",
      "m" : "4611686018430167525"
    }, {
      "d" : "1756425833675138764",
      "t" : 1756425833675,
      "tn" : 1756425833675138764,
      "q" : "71.05",
      "p" : "1.7178",
      "s" : "buy",
      "i" : "ETHW_USD",
      "m" : "4611686018430167524"
    }, {
      "d" : "1756425605495413001",
      "t" : 1756425605495,
      "tn" : 1756425605495413001,
      "q" : "8.00",
      "p" : "1.7119",
      "s" : "buy",
      "i" : "ETHW_USD",
      "m" : "4611686018430167523"
    }, {
      "d" : "1756425605331496247",
      "t" : 1756425605331,
      "tn" : 1756425605331496247,
      "q" : "40.20",
      "p" : "1.7114",
      "s" : "buy",
      "i" : "ETHW_USD",
      "m" : "4611686018430167522"
    }, {
      "d" : "1756425605284074186",
      "t" : 1756425605284,
      "tn" : 1756425605284074186,
      "q" : "39.79",
      "p" : "1.7113",
      "s" : "buy",
      "i" : "ETHW_USD",
      "m" : "4611686018430167521"
    }, {
      "d" : "1756424002209436683",
      "t" : 1756424002209,
      "tn" : 1756424002209436683,
      "q" : "11.77",
      "p" : "1.6998",
      "s" : "buy",
      "i" : "ETHW_USD",
      "m" : "4611686018430167520"
    }, {
      "d" : "1756424002138609952",
      "t" : 1756424002138,
      "tn" : 1756424002138609952,
      "q" : "52.95",
      "p" : "1.6998",
      "s" : "buy",
      "i" : "ETHW_USD",
      "m" : "4611686018430167519"
    }, {
      "d" : "1756418153092592067",
      "t" : 1756418153092,
      "tn" : 1756418153092592067,
      "q" : "7.70",
      "p" : "1.6827",
      "s" : "buy",
      "i" : "ETHW_USD",
      "m" : "4611686018430167518"
    }, {
      "d" : "1756418153082101873",
      "t" : 1756418153082,
      "tn" : 1756418153082101873,
      "q" : "9.00",
      "p" : "1.6827",
      "s" : "buy",
      "i" : "ETHW_USD",
      "m" : "4611686018430167517"
    }, {
      "d" : "1756409463135742093",
      "t" : 1756409463135,
      "tn" : 1756409463135742093,
      "q" : "9.00",
      "p" : "1.6788",
      "s" : "buy",
      "i" : "ETHW_USD",
      "m" : "4611686018430167516"
    }, {
      "d" : "1756400417071503715",
      "t" : 1756400417071,
      "tn" : 1756400417071503715,
      "q" : "40.20",
      "p" : "1.6483",
      "s" : "sell",
      "i" : "ETHW_USD",
      "m" : "4611686018430167515"
    }, {
      "d" : "1756400417026865288",
      "t" : 1756400417026,
      "tn" : 1756400417026865288,
      "q" : "40.52",
      "p" : "1.6484",
      "s" : "sell",
      "i" : "ETHW_USD",
      "m" : "4611686018430167514"
    }, {
      "d" : "1756400112316579871",
      "t" : 1756400112316,
      "tn" : 1756400112316579871,
      "q" : "2.33",
      "p" : "1.6823",
      "s" : "buy",
      "i" : "ETHW_USD",
      "m" : "4611686018430167513"
    }, {
      "d" : "1756400112316578197",
      "t" : 1756400112316,
      "tn" : 1756400112316578197,
      "q" : "12.67",
      "p" : "1.6723",
      "s" : "buy",
      "i" : "ETHW_USD",
      "m" : "4611686018430167512"
    }, {
      "d" : "1756395711596157829",
      "t" : 1756395711596,
      "tn" : 1756395711596157829,
      "q" : "29.95",
      "p" : "1.6841",
      "s" : "buy",
      "i" : "ETHW_USD",
      "m" : "4611686018430167511"
    }, {
      "d" : "1756392296611223671",
      "t" : 1756392296611,
      "tn" : 1756392296611223671,
      "q" : "14.74",
      "p" : "1.6960",
      "s" : "buy",
      "i" : "ETHW_USD",
      "m" : "4611686018430167510"
    }, {
      "d" : "1756390443064754761",
      "t" : 1756390443064,
      "tn" : 1756390443064754761,
      "q" : "3.30",
      "p" : "1.7022",
      "s" : "buy",
      "i" : "ETHW_USD",
      "m" : "4611686018430167509"
    }, {
      "d" : "1756390443055376750",
      "t" : 1756390443055,
      "tn" : 1756390443055376750,
      "q" : "41.12",
      "p" : "1.7022",
      "s" : "buy",
      "i" : "ETHW_USD",
      "m" : "4611686018430167508"
    }, {
      "d" : "1756390443049658126",
      "t" : 1756390443049,
      "tn" : 1756390443049658126,
      "q" : "61.58",
      "p" : "1.7022",
      "s" : "sell",
      "i" : "ETHW_USD",
      "m" : "4611686018430167507"
    }, {
      "d" : "1756389463541063244",
      "t" : 1756389463541,
      "tn" : 1756389463541063244,
      "q" : "7.37",
      "p" : "1.6865",
      "s" : "sell",
      "i" : "ETHW_USD",
      "m" : "4611686018430167506"
    }, {
      "d" : "1756386939062173812",
      "t" : 1756386939062,
      "tn" : 1756386939062173812,
      "q" : "22.14",
      "p" : "1.7152",
      "s" : "buy",
      "i" : "ETHW_USD",
      "m" : "4611686018430167505"
    }, {
      "d" : "1756386939062171494",
      "t" : 1756386939062,
      "tn" : 1756386939062171494,
      "q" : "17.67",
      "p" : "1.7118",
      "s" : "buy",
      "i" : "ETHW_USD",
      "m" : "4611686018430167504"
    }, {
      "d" : "1756386935370082704",
      "t" : 1756386935370,
      "tn" : 1756386935370082704,
      "q" : "52.58",
      "p" : "1.7117",
      "s" : "buy",
      "i" : "ETHW_USD",
      "m" : "4611686018430167503"
    }, {
      "d" : "1756386914286485001",
      "t" : 1756386914286,
      "tn" : 1756386914286485001,
      "q" : "2.66",
      "p" : "1.7115",
      "s" : "buy",
      "i" : "ETHW_USD",
      "m" : "4611686018430167502"
    }, {
      "d" : "1756386481330373318",
      "t" : 1756386481330,
      "tn" : 1756386481330373318,
      "q" : "14.70",
      "p" : "1.7004",
      "s" : "buy",
      "i" : "ETHW_USD",
      "m" : "4611686018430167501"
    }, {
      "d" : "1756386335486828382",
      "t" : 1756386335486,
      "tn" : 1756386335486828382,
      "q" : "115.71",
      "p" : "1.7052",
      "s" : "sell",
      "i" : "ETHW_USD",
      "m" : "4611686018430167500"
    }, {
      "d" : "1756386335457525872",
      "t" : 1756386335457,
      "tn" : 1756386335457525872,
      "q" : "1.57",
      "p" : "1.6970",
      "s" : "buy",
      "i" : "ETHW_USD",
      "m" : "4611686018430167499"
    }, {
      "d" : "1756385341050014816",
      "t" : 1756385341050,
      "tn" : 1756385341050014816,
      "q" : "5.11",
      "p" : "1.6969",
      "s" : "sell",
      "i" : "ETHW_USD",
      "m" : "4611686018430167498"
    }, {
      "d" : "1756384593325460027",
      "t" : 1756384593325,
      "tn" : 1756384593325460027,
      "q" : "6.99",
      "p" : "1.6942",
      "s" : "sell",
      "i" : "ETHW_USD",
      "m" : "4611686018430167497"
    }, {
      "d" : "1756384593062095523",
      "t" : 1756384593062,
      "tn" : 1756384593062095523,
      "q" : "29.46",
      "p" : "1.6970",
      "s" : "buy",
      "i" : "ETHW_USD",
      "m" : "4611686018430167496"
    }, {
      "d" : "1756384592987958848",
      "t" : 1756384592987,
      "tn" : 1756384592987958848,
      "q" : "53.03",
      "p" : "1.6970",
      "s" : "buy",
      "i" : "ETHW_USD",
      "m" : "4611686018430167495"
    }, {
      "d" : "1756384592970317129",
      "t" : 1756384592970,
      "tn" : 1756384592970317129,
      "q" : "105.32",
      "p" : "1.6970",
      "s" : "buy",
      "i" : "ETHW_USD",
      "m" : "4611686018430167494"
    }, {
      "d" : "1756384592916044524",
      "t" : 1756384592916,
      "tn" : 1756384592916044524,
      "q" : "53.03",
      "p" : "1.6970",
      "s" : "buy",
      "i" : "ETHW_USD",
      "m" : "4611686018430167493"
    }, {
      "d" : "1756383634842597874",
      "t" : 1756383634842,
      "tn" : 1756383634842597874,
      "q" : "53.11",
      "p" : "1.6947",
      "s" : "buy",
      "i" : "ETHW_USD",
      "m" : "4611686018430167492"
    }, {
      "d" : "1756383610970723390",
      "t" : 1756383610970,
      "tn" : 1756383610970723390,
      "q" : "53.11",
      "p" : "1.6947",
      "s" : "buy",
      "i" : "ETHW_USD",
      "m" : "4611686018430167491"
    }, {
      "d" : "1756383610906055951",
      "t" : 1756383610906,
      "tn" : 1756383610906055951,
      "q" : "53.11",
      "p" : "1.6947",
      "s" : "buy",
      "i" : "ETHW_USD",
      "m" : "4611686018430167490"
    }, {
      "d" : "1756383610832619275",
      "t" : 1756383610832,
      "tn" : 1756383610832619275,
      "q" : "10.00",
      "p" : "1.6947",
      "s" : "buy",
      "i" : "ETHW_USD",
      "m" : "4611686018430167489"
    }, {
      "d" : "1756383607692552274",
      "t" : 1756383607692,
      "tn" : 1756383607692552274,
      "q" : "9.57",
      "p" : "1.6950",
      "s" : "sell",
      "i" : "ETHW_USD",
      "m" : "4611686018430167488"
    }, {
      "d" : "1756383301834742019",
      "t" : 1756383301834,
      "tn" : 1756383301834742019,
      "q" : "4.06",
      "p" : "1.6950",
      "s" : "sell",
      "i" : "ETHW_USD",
      "m" : "4611686018430167487"
    }, {
      "d" : "1756382265199466641",
      "t" : 1756382265199,
      "tn" : 1756382265199466641,
      "q" : "2.87",
      "p" : "1.6950",
      "s" : "sell",
      "i" : "ETHW_USD",
      "m" : "4611686018430167486"
    }, {
      "d" : "1756382142437009602",
      "t" : 1756382142437,
      "tn" : 1756382142437009602,
      "q" : "17.69",
      "p" : "1.6958",
      "s" : "buy",
      "i" : "ETHW_USD",
      "m" : "4611686018430167485"
    }, {
      "d" : "1756381578210065977",
      "t" : 1756381578210,
      "tn" : 1756381578210065977,
      "q" : "2.47",
      "p" : "1.6950",
      "s" : "sell",
      "i" : "ETHW_USD",
      "m" : "4611686018430167484"
    }, {
      "d" : "1756381575064428435",
      "t" : 1756381575064,
      "tn" : 1756381575064428435,
      "q" : "13.29",
      "p" : "1.6951",
      "s" : "sell",
      "i" : "ETHW_USD",
      "m" : "4611686018430167483"
    }, {
      "d" : "1756379774938496310",
      "t" : 1756379774938,
      "tn" : 1756379774938496310,
      "q" : "2.60",
      "p" : "1.6950",
      "s" : "sell",
      "i" : "ETHW_USD",
      "m" : "4611686018430167482"
    }, {
      "d" : "1756379213692216984",
      "t" : 1756379213692,
      "tn" : 1756379213692216984,
      "q" : "7.92",
      "p" : "1.6950",
      "s" : "buy",
      "i" : "ETHW_USD",
      "m" : "4611686018430167481"
    }, {
      "d" : "1756378580350069765",
      "t" : 1756378580350,
      "tn" : 1756378580350069765,
      "q" : "84.95",
      "p" : "1.6973",
      "s" : "sell",
      "i" : "ETHW_USD",
      "m" : "4611686018430167480"
    }, {
      "d" : "1756376349941627667",
      "t" : 1756376349941,
      "tn" : 1756376349941627667,
      "q" : "14.80",
      "p" : "1.6889",
      "s" : "buy",
      "i" : "ETHW_USD",
      "m" : "4611686018430167479"
    }, {
      "d" : "1756374904832094453",
      "t" : 1756374904832,
      "tn" : 1756374904832094452,
      "q" : "16.49",
      "p" : "1.6846",
      "s" : "buy",
      "i" : "ETHW_USD",
      "m" : "4611686018430167478"
    }, {
      "d" : "1756374904832094452",
      "t" : 1756374904832,
      "tn" : 1756374904832094452,
      "q" : "7.25",
      "p" : "1.6846",
      "s" : "buy",
      "i" : "ETHW_USD",
      "m" : "4611686018430167478"
    } ]
  }
}