{
  "id" : -1,
  "method" : "public/get-trades",
  "code" : 0,
  "result" : {
    "data" : [ {
      "d" : "1756460956404078181",
      "t" : 1756460956404,
      "tn" : 1756460956404078181,
      "q" : "0.1",
      "p" : "1.6356",
      "s" : "sell",
      "i" : "ETHWUSD-PERP",
      "m" : "4611686018430126375"
    }, {
      "d" : "1756460953401041174",
      "t" : 1756460953401,
      "tn" : 1756460953401041174,
      "q" : "0.1",
      "p" : "1.6358",
      "s" : "sell",
      "i" : "ETHWUSD-PERP",
      "m" : "4611686018430126374"
    }, {
      "d" : "1756460952385372067",
      "t" : 1756460952385,
      "tn" : 1756460952385372067,
      "q" : "0.1",
      "p" : "1.6358",
      "s" : "sell",
      "i" : "ETHWUSD-PERP",
      "m" : "4611686018430126373"
    }, {
      "d" : "1756460947030890142",
      "t" : 1756460947030,
      "tn" : 1756460947030890142,
      "q" : "0.1",
      "p" : "1.6350",
      "s" : "sell",
      "i" : "ETHWUSD-PERP",
      "m" : "4611686018430126372"
    }, {
      "d" : "1756460946395177758",
      "t" : 1756460946395,
      "tn" : 1756460946395177758,
      "q" : "0.1",
      "p" : "1.6348",
      "s" : "sell",
      "i" : "ETHWUSD-PERP",
      "m" : "4611686018430126371"
    }, {
      "d" : "1756460944225821070",
      "t" : 1756460944225,
      "tn" : 1756460944225821070,
      "q" : "0.1",
      "p" : "1.6352",
      "s" : "sell",
      "i" : "ETHWUSD-PERP",
      "m" : "4611686018430126370"
    }, {
      "d" : "1756460937012010780",
      "t" : 1756460937012,
      "tn" : 1756460937012010780,
      "q" : "0.1",
      "p" : "1.6350",
      "s" : "sell",
      "i" : "ETHWUSD-PERP",
      "m" : "4611686018430126369"
    }, {
      "d" : "1756460936339703084",
      "t" : 1756460936339,
      "tn" : 1756460936339703084,
      "q" : "0.1",
      "p" : "1.6350",
      "s" : "sell",
      "i" : "ETHWUSD-PERP",
      "m" : "4611686018430126368"
    }, {
      "d" : "1756460926972164793",
      "t" : 1756460926972,
      "tn" : 1756460926972164793,
      "q" : "0.1",
      "p" : "1.6352",
      "s" : "sell",
      "i" : "ETHWUSD-PERP",
      "m" : "4611686018430126367"
    }, {
      "d" : "1756460926329916972",
      "t" : 1756460926329,
      "tn" : 1756460926329916972,
      "q" : "0.1",
      "p" : "1.6352",
      "s" : "sell",
      "i" : "ETHWUSD-PERP",
      "m" : "4611686018430126366"
    }, {
      "d" : "1756460923492622836",
      "t" : 1756460923492,
      "tn" : 1756460923492622836,
      "q" : "0.1",
      "p" : "1.6348",
      "s" : "sell",
      "i" : "ETHWUSD-PERP",
      "m" : "4611686018430126365"
    }, {
      "d" : "1756460923392858323",
      "t" : 1756460923392,
      "tn" : 1756460923392858323,
      "q" : "0.1",
      "p" : "1.6348",
      "s" : "sell",
      "i" : "ETHWUSD-PERP",
      "m" : "4611686018430126364"
    }, {
      "d" : "1756460916919819680",
      "t" : 1756460916919,
      "tn" : 1756460916919819680,
      "q" : "0.1",
      "p" : "1.6346",
      "s" : "sell",
      "i" : "ETHWUSD-PERP",
      "m" : "4611686018430126363"
    }, {
      "d" : "1756460916326659151",
      "t" : 1756460916326,
      "tn" : 1756460916326659151,
      "q" : "0.1",
      "p" : "1.6346",
      "s" : "sell",
      "i" : "ETHWUSD-PERP",
      "m" : "4611686018430126362"
    }, {
      "d" : "1756460906866319175",
      "t" : 1756460906866,
      "tn" : 1756460906866319175,
      "q" : "0.1",
      "p" : "1.6342",
      "s" : "sell",
      "i" : "ETHWUSD-PERP",
      "m" : "4611686018430126361"
    }, {
      "d" : "1756460906269012178",
      "t" : 1756460906269,
      "tn" : 1756460906269012178,
      "q" : "0.1",
      "p" : "1.6346",
      "s" : "sell",
      "i" : "ETHWUSD-PERP",
      "m" : "4611686018430126360"
    }, {
      "d" : "1756460904186029348",
      "t" : 1756460904186,
      "tn" : 1756460904186029348,
      "q" : "0.1",
      "p" : "1.6338",
      "s" : "sell",
      "i" : "ETHWUSD-PERP",
      "m" : "4611686018430126359"
    }, {
      "d" : "1756460903191020412",
      "t" : 1756460903191,
      "tn" : 1756460903191020412,
      "q" : "0.1",
      "p" : "1.6336",
      "s" : "sell",
      "i" : "ETHWUSD-PERP",
      "m" : "4611686018430126358"
    }, {
      "d" : "1756460896859943302",
      "t" : 1756460896859,
      "tn" : 1756460896859943302,
      "q" : "0.1",
      "p" : "1.6336",
      "s" : "sell",
      "i" : "ETHWUSD-PERP",
      "m" : "4611686018430126357"
    }, {
      "d" : "1756460896248068062",
      "t" : 1756460896248,
      "tn" : 1756460896248068062,
      "q" : "0.1",
      "p" : "1.6336",
      "s" : "sell",
      "i" : "ETHWUSD-PERP",
      "m" : "4611686018430126356"
    }, {
      "d" : "1756460890501268838",
      "t" : 1756460890501,
      "tn" : 1756460890501268838,
      "q" : "0.1",
      "p" : "1.6333",
      "s" : "sell",
      "i" : "ETHWUSD-PERP",
      "m" : "4611686018430126355"
    }, {
      "d" : "1756460890498722222",
      "t" : 1756460890498,
      "tn" : 1756460890498722222,
      "q" : "0.1",
      "p" : "1.6338",
      "s" : "sell",
      "i" : "ETHWUSD-PERP",
      "m" : "4611686018430126354"
    }, {
      "d" : "1756460886828683424",
      "t" : 1756460886828,
      "tn" : 1756460886828683424,
      "q" : "0.1",
      "p" : "1.6333",
      "s" : "sell",
      "i" : "ETHWUSD-PERP",
      "m" : "4611686018430126353"
    }, {
      "d" : "1756460886221203158",
      "t" : 1756460886221,
      "tn" : 1756460886221203158,
      "q" : "0.1",
      "p" : "1.6333",
      "s" : "sell",
      "i" : "ETHWUSD-PERP",
      "m" : "4611686018430126352"
    }, {
      "d" : "1756460880473750412",
      "t" : 1756460880473,
      "tn" : 1756460880473750412,
      "q" : "0.1",
      "p" : "1.6331",
      "s" : "sell",
      "i" : "ETHWUSD-PERP",
      "m" : "4611686018430126351"
    }, {
      "d" : "1756460880456390499",
      "t" : 1756460880456,
      "tn" : 1756460880456390499,
      "q" : "0.1",
      "p" : "1.6333",
      "s" : "sell",
      "i" : "ETHWUSD-PERP",
      "m" : "4611686018430126350"
    }, {
      "d" : "1756460876783521010",
      "t" : 1756460876783,
      "tn" : 1756460876783521010,
      "q" : "0.1",
      "p" : "1.6328",
      "s" : "sell",
      "i" : "ETHWUSD-PERP",
      "m" : "4611686018430126349"
    }, {
      "d" : "1756460876196507599",
      "t" : 1756460876196,
      "tn" : 1756460876196507599,
      "q" : "0.1",
      "p" : "1.6328",
      "s" : "sell",
      "i" : "ETHWUSD-PERP",
      "m" : "4611686018430126348"
    }, {
      "d" : "1756460866763394029",
      "t" : 1756460866763,
      "tn" : 1756460866763394029,
      "q" : "0.1",
      "p" : "1.6328",
      "s" : "sell",
      "i" : "ETHWUSD-PERP",
      "m" : "4611686018430126347"
    }, {
      "d" : "1756460866192572913",
      "t" : 1756460866192,
      "tn" : 1756460866192572913,
      "q" : "0.1",
      "p" : "1.6328",
      "s" : "sell",
      "i" : "ETHWUSD-PERP",
      "m" : "4611686018430126346"
    }, {
      "d" : "1756460856727242013",
      "t" : 1756460856727,
      "tn" : 1756460856727242013,
      "q" : "0.1",
      "p" : "1.6322",
      "s" : "sell",
      "i" : "ETHWUSD-PERP",
      "m" : "4611686018430126345"
    }, {
      "d" : "1756460856177644843",
      "t" : 1756460856177,
      "tn" : 1756460856177644843,
      "q" : "0.1",
      "p" : "1.6322",
      "s" : "sell",
      "i" : "ETHWUSD-PERP",
      "m" : "4611686018430126344"
    }, {
      "d" : "1756460846694750650",
      "t" : 1756460846694,
      "tn" : 1756460846694750650,
      "q" : "0.1",
      "p" : "1.6314",
      "s" : "sell",
      "i" : "ETHWUSD-PERP",
      "m" : "4611686018430126343"
    }, {
      "d" : "1756460846129420104",
      "t" : 1756460846129,
      "tn" : 1756460846129420104,
      "q" : "0.1",
      "p" : "1.6314",
      "s" : "sell",
      "i" : "ETHWUSD-PERP",
      "m" : "4611686018430126342"
    }, {
      "d" : "1756460840666494193",
      "t" : 1756460840666,
      "tn" : 1756460840666494193,
      "q" : "0.1",
      "p" : "1.6314",
      "s" : "sell",
      "i" : "ETHWUSD-PERP",
      "m" : "4611686018430126341"
    }, {
      "d" : "1756460836693229615",
      "t" : 1756460836693,
      "tn" : 1756460836693229615,
      "q" : "0.1",
      "p" : "1.6310",
      "s" : "sell",
      "i" : "ETHWUSD-PERP",
      "m" : "4611686018430126340"
    }, {
      "d" : "1756460836098871003",
      "t" : 1756460836098,
      "tn" : 1756460836098871003,
      "q" : "0.1",
      "p" : "1.6310",
      "s" : "sell",
      "i" : "ETHWUSD-PERP",
      "m" : "4611686018430126339"
    }, {
      "d" : "1756460826660730025",
      "t" : 1756460826660,
      "tn" : 1756460826660730025,
      "q" : "0.1",
      "p" : "1.6310",
      "s" : "sell",
      "i" : "ETHWUSD-PERP",
      "m" : "4611686018430126338"
    }, {
      "d" : "1756460826057096562",
      "t" : 1756460826057,
      "tn" : 1756460826057096562,
      "q" : "0.1",
      "p" : "1.6310",
      "s" : "sell",
      "i" : "ETHWUSD-PERP",
      "m" : "4611686018430126337"
    }, {
      "d" : "1756460816648057583",
      "t" : 1756460816648,
      "tn" : 1756460816648057583,
      "q" : "0.1",
      "p" : "1.6304",
      "s" : "sell",
      "i" : "ETHWUSD-PERP",
      "m" : "4611686018430126336"
    }, {
      "d" : "1756460816051362254",
      "t" : 1756460816051,
      "tn" : 1756460816051362254,
      "q" : "0.1",
      "p" : "1.6304",
      "s" : "sell",
      "i" : "ETHWUSD-PERP",
      "m" : "4611686018430126335"
    }, {
      "d" : "1756460806429526959",
      "t" : 1756460806429,
      "tn" : 1756460806429526959,
      "q" : "0.1",
      "p" : "1.6305",
      "s" : "sell",
      "i" : "ETHWUSD-PERP",
      "m" : "4611686018430126334"
    }, {
      "d" : "1756460806001966099",
      "t" : 1756460806001,
      "tn" : 1756460806001966099,
      "q" : "0.1",
      "p" : "1.6306",
      "s" : "sell",
      "i" : "ETHWUSD-PERP",
      "m" : "4611686018430126333"
    }, {
      "d" : "1756460803617783819",
      "t" : 1756460803617,
      "tn" : 1756460803617783819,
      "q" : "0.1",
      "p" : "1.6307",
      "s" : "sell",
      "i" : "ETHWUSD-PERP",
      "m" : "4611686018430126332"
    }, {
      "d" : "1756460803614293768",
      "t" : 1756460803614,
      "tn" : 1756460803614293768,
      "q" : "0.1",
      "p" : "1.6312",
      "s" : "sell",
      "i" : "ETHWUSD-PERP",
      "m" : "4611686018430126331"
    }, {
      "d" : "1756460796402458554",
      "t" : 1756460796402,
      "tn" : 1756460796402458554,
      "q" : "0.1",
      "p" : "1.6314",
      "s" : "sell",
      "i" : "ETHWUSD-PERP",
      "m" : "4611686018430126330"
    }, {
      "d" : "1756460795961693273",
      "t" : 1756460795961,
      "tn" : 1756460795961693273,
      "q" : "0.1",
      "p" : "1.6314",
      "s" : "sell",
      "i" : "ETHWUSD-PERP",
      "m" : "4611686018430126329"
    }, {
      "d" : "1756460788032589274",
      "t" : 1756460788032,
      "tn" : 1756460788032589274,
      "q" : "0.1",
      "p" : "1.6307",
      "s" : "sell",
      "i" : "ETHWUSD-PERP",
      "m" : "4611686018430126328"
    }, {
      "d" : "1756460788030435403",
      "t" : 1756460788030,
      "tn" : 1756460788030435403,
      "q" : "0.1",
      "p" : "1.6311",
      "s" : "sell",
      "i" : "ETHWUSD-PERP",
      "m" : "4611686018430126327"
    }, {
      "d" : "1756460786347516851",
      "t" : 1756460786347,
      "tn" : 1756460786347516851,
      "q" : "0.1",
      "p" : "1.6310",
      "s" : "sell",
      "i" : "ETHWUSD-PERP",
      "m" : "4611686018430126326"
    }, {
      "d" : "1756460785908927423",
      "t" : 1756460785908,
      "tn" : 1756460785908927423,
      "q" : "0.1",
      "p" : "1.6311",
      "s" : "sell",
      "i" : "ETHWUSD-PERP",
      "m" : "4611686018430126325"
    }, {
      "d" : "1756460779796535391",
      "t" : 1756460779796,
      "tn" : 1756460779796535391,
      "q" : "0.1",
      "p" : "1.6311",
      "s" : "sell",
      "i" : "ETHWUSD-PERP",
      "m" : "4611686018430126324"
    }, {
      "d" : "1756460776309230445",
      "t" : 1756460776309,
      "tn" : 1756460776309230445,
      "q" : "0.1",
      "p" : "1.6304",
      "s" : "sell",
      "i" : "ETHWUSD-PERP",
      "m" : "4611686018430126323"
    }, {
      "d" : "1756460775899784542",
      "t" : 1756460775899,
      "tn" : 1756460775899784542,
      "q" : "0.1",
      "p" : "1.6304",
      "s" : "sell",
      "i" : "ETHWUSD-PERP",
      "m" : "4611686018430126322"
    }, {
      "d" : "1756460768111748882",
      "t" : 1756460768111,
      "tn" : 1756460768111748882,
      "q" : "0.1",
      "p" : "1.6302",
      "s" : "sell",
      "i" : "ETHWUSD-PERP",
      "m" : "4611686018430126321"
    }, {
      "d" : "1756460768111613325",
      "t" : 1756460768111,
      "tn" : 1756460768111613325,
      "q" : "0.1",
      "p" : "1.6308",
      "s" : "sell",
      "i" : "ETHWUSD-PERP",
      "m" : "4611686018430126320"
    }, {
      "d" : "1756460766276578451",
      "t" : 1756460766276,
      "tn" : 1756460766276578451,
      "q" : "0.1",
      "p" : "1.6310",
      "s" : "sell",
      "i" : "ETHWUSD-PERP",
      "m" : "4611686018430126319"
    }, {
      "d" : "1756460765849849863",
      "t" : 1756460765849,
      "tn" : 1756460765849849863,
      "q" : "0.1",
      "p" : "1.6310",
      "s" : "sell",
      "i" : "ETHWUSD-PERP",
      "m" : "4611686018430126318"
    }, {
      "d" : "1756460756272402803",
      "t" : 1756460756272,
      "tn" : 1756460756272402803,
      "q" : "0.1",
      "p" : "1.6306",
      "s" : "sell",
      "i" : "ETHWUSD-PERP",
      "m" : "4611686018430126317"
    }, {
      "d" : "1756460755845457107",
      "t" : 1756460755845,
      "tn" : 1756460755845457107,
      "q" : "0.1",
      "p" : "1.6306",
      "s" : "sell",
      "i" : "ETHWUSD-PERP",
      "m" : "4611686018430126316"
    }, {
      "d" : "1756460746219209031",
      "t" : 1756460746219,
      "tn" : 1756460746219209031,
      "q" : "0.1",
      "p" : "1.6294",
      "s" : "sell",
      "i" : "ETHWUSD-PERP",
      "m" : "4611686018430126315"
    }, {
      "d" : "1756460745791716411",
      "t" : 1756460745791,
      "tn" : 1756460745791716411,
      "q" : "0.1",
      "p" : "1.6294",
      "s" : "sell",
      "i" : "ETHWUSD-PERP",
      "m" : "4611686018430126314"
    }, {
      "d" : "1756460736217465657",
      "t" : 1756460736217,
      "tn" : 1756460736217465657,
      "q" : "0.1",
      "p" : "1.6292",
      "s" : "sell",
      "i" : "ETHWUSD-PERP",
      "m" : "4611686018430126313"
    }, {
      "d" : "1756460734283878632",
      "t" : 1756460734283,
      "tn" : 1756460734283878632,
      "q" : "0.1",
      "p" : "1.6282",
      "s" : "sell",
      "i" : "ETHWUSD-PERP",
      "m" : "4611686018430126312"
    }, {
      "d" : "1756460729578940803",
      "t" : 1756460729578,
      "tn" : 1756460729578940803,
      "q" : "0.1",
      "p" : "1.6288",
      "s" : "sell",
      "i" : "ETHWUSD-PERP",
      "m" : "4611686018430126311"
    }, {
      "d" : "1756460728141144617",
      "t" : 1756460728141,
      "tn" : 1756460728141144617,
      "q" : "0.1",
      "p" : "1.6283",
      "s" : "sell",
      "i" : "ETHWUSD-PERP",
      "m" : "4611686018430126310"
    }, {
      "d" : "1756460726203970963",
      "t" : 1756460726203,
      "tn" : 1756460726203970963,
      "q" : "0.1",
      "p" : "1.6288",
      "s" : "sell",
      "i" : "ETHWUSD-PERP",
      "m" : "4611686018430126309"
    }, {
      "d" : "1756460724264382750",
      "t" : 1756460724264,
      "tn" : 1756460724264382750,
      "q" : "0.1",
      "p" : "1.6278",
      "s" : "sell",
      "i" : "ETHWUSD-PERP",
      "m" : "4611686018430126308"
    }, {
      "d" : "1756460721528704509",
      "t" : 1756460721528,
      "tn" : 1756460721528704509,
      "q" : "0.1",
      "p" : "1.6278",
      "s" : "sell",
      "i" : "ETHWUSD-PERP",
      "m" : "4611686018430126307"
    }, {
      "d" : "1756460720136942441",
      "t" : 1756460720136,
      "tn" : 1756460720136942441,
      "q" : "0.1",
      "p" : "1.6278",
      "s" : "sell",
      "i" : "ETHWUSD-PERP",
      "m" : "4611686018430126306"
    }, {
      "d" : "1756460716145518734",
      "t" : 1756460716145,
      "tn" : 1756460716145518734,
      "q" : "0.1",
      "p" : "1.6278",
      "s" : "sell",
      "i" : "ETHWUSD-PERP",
      "m" : "4611686018430126305"
    }, {
      "d" : "1756460714248258272",
      "t" : 1756460714248,
      "tn" : 1756460714248258272,
      "q" : "0.1",
      "p" : "1.6278",
      "s" : "sell",
      "i" : "ETHWUSD-PERP",
      "m" : "4611686018430126304"
    }, {
      "d" : "1756460713504953873",
      "t" : 1756460713504,
      "tn" : 1756460713504953873,
      "q" : "0.1",
      "p" : "1.6278",
      "s" : "sell",
      "i" : "ETHWUSD-PERP",
      "m" : "4611686018430126303"
    }, {
      "d" : "1756460712110516926",
      "t" : 1756460712110,
      "tn" : 1756460712110516926,
      "q" : "0.1",
      "p" : "1.6278",
      "s" : "sell",
      "i" : "ETHWUSD-PERP",
      "m" : "4611686018430126302"
    }, {
      "d" : "1756460706137198476",
      "t" : 1756460706137,
      "tn" : 1756460706137198476,
      "q" : "0.1",
      "p" : "1.6280",
      "s" : "sell",
      "i" : "ETHWUSD-PERP",
      "m" : "4611686018430126301"
    }, {
      "d" : "1756460704239082754",
      "t" : 1756460704239,
      "tn" : 1756460704239082754,
      "q" : "0.1",
      "p" : "1.6286",
      "s" : "sell",
      "i" : "ETHWUSD-PERP",
      "m" : "4611686018430126300"
    }, {
      "d" : "1756460696111142172",
      "t" : 1756460696111,
      "tn" : 1756460696111142172,
      "q" : "0.1",
      "p" : "1.6281",
      "s" : "sell",
      "i" : "ETHWUSD-PERP",
      "m" : "4611686018430126299"
    }, {
      "d" : "1756460694213621479",
      "t" : 1756460694213,
      "tn" : 1756460694213621479,
      "q" : "0.1",
      "p" : "1.6283",
      "s" : "sell",
      "i" : "ETHWUSD-PERP",
      "m" : "4611686018430126298"
    }, {
      "d" : "1756460686050983416",
      "t" : 1756460686050,
      "tn" : 1756460686050983416,
      "q" : "0.1",
      "p" : "1.6283",
      "s" : "sell",
      "i" : "ETHWUSD-PERP",
      "m" : "4611686018430126297"
    }, {
      "d" : "1756460684187955926",
      "t" : 1756460684187,
      "tn" : 1756460684187955926,
      "q" : "0.1",
      "p" : "1.6285",
      "s" : "sell",
      "i" : "ETHWUSD-PERP",
      "m" : "4611686018430126296"
    }, {
      "d" : "1756460676051043730",
      "t" : 1756460676051,
      "tn" : 1756460676051043730,
      "q" : "0.1",
      "p" : "1.6285",
      "s" : "sell",
      "i" : "ETHWUSD-PERP",
      "m" : "4611686018430126295"
    }, {
      "d" : "1756460674158553693",
      "t" : 1756460674158,
      "tn" : 1756460674158553693,
      "q" : "0.1",
      "p" : "1.6285",
      "s" : "sell",
      "i" : "ETHWUSD-PERP",
      "m" : "4611686018430126294"
    }, {
      "d" : "1756460666045750519",
      "t" : 1756460666045,
      "tn" : 1756460666045750519,
      "q" : "0.1",
      "p" : "1.6285",
      "s" : "sell",
      "i" : "ETHWUSD-PERP",
      "m" : "4611686018430126293"
    }, {
      "d" : "1756460663983958187",
      "t" : 1756460663983,
      "tn" : 1756460663983958187,
      "q" : "0.1",
      "p" : "1.6285",
      "s" : "sell",
      "i" : "ETHWUSD-PERP",
      "m" : "4611686018430126292"
    }, {
      "d" : "1756460656009357765",
      "t" : 1756460656009,
      "tn" : 1756460656009357765,
      "q" : "0.1",
      "p" : "1.6286",
      "s" : "sell",
      "i" : "ETHWUSD-PERP",
      "m" : "4611686018430126291"
    }, {
      "d" : "1756460653942775019",
      "t" : 1756460653942,
      "tn" : 1756460653942775019,
      "q" : "0.1",
      "p" : "1.6286",
      "s" : "sell",
      "i" : "ETHWUSD-PERP",
      "m" : "4611686018430126290"
    }, {
      "d" : "1756460646010296842",
      "t" : 1756460646010,
      "tn" : 1756460646010296842,
      "q" : "0.1",
      "p" : "1.6286",
      "s" : "sell",
      "i" : "ETHWUSD-PERP",
      "m" : "4611686018430126289"
    }, {
      "d" : "1756460643942567661",
      "t" : 1756460643942,
      "tn" : 1756460643942567661,
      "q" : "0.1",
      "p" : "1.6286",
      "s" : "sell",
      "i" : "ETHWUSD-PERP",
      "m" : "4611686018430126288"
    }, {
      "d" : "1756460640473236845",
      "t" : 1756460640473,
      "tn" : 1756460640473236845,
      "q" : "0.1",
      "p" : "1.6281",
      "s" : "sell",
      "i" : "ETHWUSD-PERP",
      "m" : "4611686018430126287"
    }, {
      "d" : "1756460635956671907",
      "t" : 1756460635956,
      "tn" : 1756460635956671907,
      "q" : "0.1",
      "p" : "1.6278",
      "s" : "sell",
      "i" : "ETHWUSD-PERP",
      "m" : "4611686018430126286"
    }, {
      "d" : "1756460633937931164",
      "t" : 1756460633937,
      "tn" : 1756460633937931164,
      "q" : "0.1",
      "p" : "1.6278",
      "s" : "sell",
      "i" : "ETHWUSD-PERP",
      "m" : "4611686018430126285"
    }, {
      "d" : "1756460627834830225",
      "t" : 1756460627834,
      "tn" : 1756460627834830225,
      "q" : "0.1",
      "p" : "1.6278",
      "s" : "sell",
      "i" : "ETHWUSD-PERP",
      "m" : "4611686018430126284"
    }, {
      "d" : "1756460627834216149",
      "t" : 1756460627834,
      "tn" : 1756460627834216149,
      "q" : "0.1",
      "p" : "1.6282",
      "s" : "sell",
      "i" : "ETHWUSD-PERP",
      "m" : "4611686018430126283"
    }, {
      "d" : "1756460625935440547",
      "t" : 1756460625935,
      "tn" : 1756460625935440547,
      "q" : "0.1",
      "p" : "1.6286",
      "s" : "sell",
      "i" : "ETHWUSD-PERP",
      "m" : "4611686018430126282"
    }, {
      "d" : "1756460623902967896",
      "t" : 1756460623902,
      "tn" : 1756460623902967896,
      "q" : "0.1",
      "p" : "1.6286",
      "s" : "sell",
      "i" : "ETHWUSD-PERP",
      "m" : "4611686018430126281"
    }, {
      "d" : "1756460617764848942",
      "t" : 1756460617764,
      "tn" : 1756460617764848942,
      "q" : "0.1",
      "p" : "1.6283",
      "s" : "sell",
      "i" : "ETHWUSD-PERP",
      "m" : "4611686018430126280"
    }, {
      "d" : "1756460617758677899",
      "t" : 1756460617758,
      "tn" : 1756460617758677899,
      "q" : "0.1",
      "p" : "1.6288",
      "s" : "sell",
      "i" : "ETHWUSD-PERP",
      "m" : "4611686018430126279"
    }, {
      "d" : "1756460615888928229",
      "t" : 1756460615888,
      "tn" : 1756460615888928229,
      "q" : "0.1",
      "p" : "1.6288",
      "s" : "sell",
      "i" : "ETHWUSD-PERP",
      "m" : "4611686018430126278"
    }, {
      "d" : "1756460613855672927",
      "t" : 1756460613855,
      "tn" : 1756460613855672927,
      "q" : "0.1",
      "p" : "1.6288",
      "s" : "sell",
      "i" : "ETHWUSD-PERP",
      "m" : "4611686018430126277"
    }, {
      "d" : "1756460605886663801",
      "t" : 1756460605886,
      "tn" : 1756460605886663801,
      "q" : "0.1",
      "p" : "1.6284",
      "s" : "sell",
      "i" : "ETHWUSD-PERP",
      "m" : "4611686018430126276"
    }, {
      "d" : "1756460603824829304",
      "t" : 1756460603824,
      "tn" : 1756460603824829304,
      "q" : "0.1",
      "p" : "1.6282",
      "s" : "sell",
      "i" : "ETHWUSD-PERP",
      "m" : "4611686018430126275"
    }, {
      "d" : "1756460603336251878",
      "t" : 1756460603336,
      "tn" : 1756460603336251878,
      "q" : "0.1",
      "p" : "1.6281",
      "s" : "sell",
      "i" : "ETHWUSD-PERP",
      "m" : "4611686018430126274"
    }, {
      "d" : "1756460595827135243",
      "t" : 1756460595827,
      "tn" : 1756460595827135243,
      "q" : "0.1",
      "p" : "1.6278",
      "s" : "sell",
      "i" : "ETHWUSD-PERP",
      "m" : "4611686018430126273"
    }, {
      "d" : "1756460593807049211",
      "t" : 1756460593807,
      "tn" : 1756460593807049211,
      "q" : "0.1",
      "p" : "1.6278",
      "s" : "sell",
      "i" : "ETHWUSD-PERP",
      "m" : "4611686018430126272"
    }, {
      "d" : "1756460585510555370",
      "t" : 1756460585510,
      "tn" : 1756460585510555370,
      "q" : "0.1",
      "p" : "1.6272",
      "s" : "sell",
      "i" : "ETHWUSD-PERP",
      "m" : "4611686018430126271"
    }, {
      "d" : "1756460583698048422",
      "t" : 1756460583698,
      "tn" : 1756460583698048422,
      "q" : "0.1",
      "p" : "1.6272",
      "s" : "sell",
      "i" : "ETHWUSD-PERP",
      "m" : "4611686018430126270"
    }, {
      "d" : "1756460582512877822",
      "t" : 1756460582512,
      "tn" : 1756460582512877822,
      "q" : "0.1",
      "p" : "1.6272",
      "s" : "sell",
      "i" : "ETHWUSD-PERP",
      "m" : "4611686018430126269"
    }, {
      "d" : "1756460575479892941",
      "t" : 1756460575479,
      "tn" : 1756460575479892941,
      "q" : "0.1",
      "p" : "1.6270",
      "s" : "sell",
      "i" : "ETHWUSD-PERP",
      "m" : "4611686018430126268"
    }, {
      "d" : "1756460573667191979",
      "t" : 1756460573667,
      "tn" : 1756460573667191979,
      "q" : "0.1",
      "p" : "1.6270",
      "s" : "sell",
      "i" : "ETHWUSD-PERP",
      "m" : "4611686018430126267"
    }, {
      "d" : "1756460572508606133",
      "t" : 1756460572508,
      "tn" : 1756460572508606133,
      "q" : "0.1",
      "p" : "1.6278",
      "s" : "sell",
      "i" : "ETHWUSD-PERP",
      "m" : "4611686018430126266"
    }, {
      "d" : "1756460565587859565",
      "t" : 1756460565587,
      "tn" : 1756460565587859565,
      "q" : "0.1",
      "p" : "1.6278",
      "s" : "sell",
      "i" : "ETHWUSD-PERP",
      "m" : "4611686018430126265"
    }, {
      "d" : "1756460565464794863",
      "t" : 1756460565464,
      "tn" : 1756460565464794863,
      "q" : "0.1",
      "p" : "1.6278",
      "s" : "sell",
      "i" : "ETHWUSD-PERP",
      "m" : "4611686018430126264"
    }, {
      "d" : "1756460563661274028",
      "t" : 1756460563661,
      "tn" : 1756460563661274028,
      "q" : "0.1",
      "p" : "1.6280",
      "s" : "sell",
      "i" : "ETHWUSD-PERP",
      "m" : "4611686018430126263"
    }, {
      "d" : "1756460562865932568",
      "t" : 1756460562865,
      "tn" : 1756460562865932568,
      "q" : "0.1",
      "p" : "1.6280",
      "s" : "sell",
      "i" : "ETHWUSD-PERP",
      "m" : "4611686018430126262"
    }, {
      "d" : "1756460557415951350",
      "t" : 1756460557415,
      "tn" : 1756460557415951350,
      "q" : "0.1",
      "p" : "1.6282",
      "s" : "sell",
      "i" : "ETHWUSD-PERP",
      "m" : "4611686018430126261"
    }, {
      "d" : "1756460555419691658",
      "t" : 1756460555419,
      "tn" : 1756460555419691658,
      "q" : "0.1",
      "p" : "1.6284",
      "s" : "sell",
      "i" : "ETHWUSD-PERP",
      "m" : "4611686018430126260"
    }, {
      "d" : "1756460552828000632",
      "t" : 1756460552828,
      "tn" : 1756460552828000632,
      "q" : "0.1",
      "p" : "1.6284",
      "s" : "sell",
      "i" : "ETHWUSD-PERP",
      "m" : "4611686018430126259"
    }, {
      "d" : "1756460551779971128",
      "t" : 1756460551779,
      "tn" : 1756460551779971128,
      "q" : "0.1",
      "p" : "1.6284",
      "s" : "sell",
      "i" : "ETHWUSD-PERP",
      "m" : "4611686018430126258"
    }, {
      "d" : "1756460549209420794",
      "t" : 1756460549209,
      "tn" : 1756460549209420794,
      "q" : "0.1",
      "p" : "1.6286",
      "s" : "sell",
      "i" : "ETHWUSD-PERP",
      "m" : "4611686018430126257"
    }, {
      "d" : "1756460545372088079",
      "t" : 1756460545372,
      "tn" : 1756460545372088079,
      "q" : "0.1",
      "p" : "1.6289",
      "s" : "sell",
      "i" : "ETHWUSD-PERP",
      "m" : "4611686018430126256"
    }, {
      "d" : "1756460542819783942",
      "t" : 1756460542819,
      "tn" : 1756460542819783942,
      "q" : "0.1",
      "p" : "1.6286",
      "s" : "sell",
      "i" : "ETHWUSD-PERP",
      "m" : "4611686018430126255"
    }, {
      "d" : "1756460535350252418",
      "t" : 1756460535350,
      "tn" : 1756460535350252418,
      "q" : "0.1",
      "p" : "1.6290",
      "s" : "sell",
      "i" : "ETHWUSD-PERP",
      "m" : "4611686018430126254"
    }, {
      "d" : "1756460533046448326",
      "t" : 1756460533046,
      "tn" : 1756460533046448326,
      "q" : "0.1",
      "p" : "1.6292",
      "s" : "sell",
      "i" : "ETHWUSD-PERP",
      "m" : "4611686018430126253"
    }, {
      "d" : "1756460532788293219",
      "t" : 1756460532788,
      "tn" : 1756460532788293219,
      "q" : "0.1",
      "p" : "1.6290",
      "s" : "sell",
      "i" : "ETHWUSD-PERP",
      "m" : "4611686018430126252"
    }, {
      "d" : "1756460525311999797",
      "t" : 1756460525311,
      "tn" : 1756460525311999797,
      "q" : "0.1",
      "p" : "1.6280",
      "s" : "sell",
      "i" : "ETHWUSD-PERP",
      "m" : "4611686018430126251"
    }, {
      "d" : "1756460522776522246",
      "t" : 1756460522776,
      "tn" : 1756460522776522246,
      "q" : "0.1",
      "p" : "1.6280",
      "s" : "sell",
      "i" : "ETHWUSD-PERP",
      "m" : "4611686018430126250"
    }, {
      "d" : "1756460520128814690",
      "t" : 1756460520128,
      "tn" : 1756460520128814690,
      "q" : "0.1",
      "p" : "1.6282",
      "s" : "sell",
      "i" : "ETHWUSD-PERP",
      "m" : "4611686018430126249"
    }, {
      "d" : "1756460515311158834",
      "t" : 1756460515311,
      "tn" : 1756460515311158834,
      "q" : "0.1",
      "p" : "1.6280",
      "s" : "sell",
      "i" : "ETHWUSD-PERP",
      "m" : "4611686018430126248"
    }, {
      "d" : "1756460512729748552",
      "t" : 1756460512729,
      "tn" : 1756460512729748552,
      "q" : "0.1",
      "p" : "1.6285",
      "s" : "sell",
      "i" : "ETHWUSD-PERP",
      "m" : "4611686018430126247"
    }, {
      "d" : "1756460509892236400",
      "t" : 1756460509892,
      "tn" : 1756460509892236400,
      "q" : "0.1",
      "p" : "1.6285",
      "s" : "sell",
      "i" : "ETHWUSD-PERP",
      "m" : "4611686018430126246"
    }, {
      "d" : "1756460506701397299",
      "t" : 1756460506701,
      "tn" : 1756460506701397299,
      "q" : "0.1",
      "p" : "1.6286",
      "s" : "sell",
      "i" : "ETHWUSD-PERP",
      "m" : "4611686018430126245"
    }, {
      "d" : "1756460505275380298",
      "t" : 1756460505275,
      "tn" : 1756460505275380298,
      "q" : "0.1",
      "p" : "1.6286",
      "s" : "sell",
      "i" : "ETHWUSD-PERP",
      "m" : "4611686018430126244"
    }, {
      "d" : "1756460502724278022",
      "t" : 1756460502724,
      "tn" : 1756460502724278022,
      "q" : "0.1",
      "p" : "1.6282",
      "s" : "sell",
      "i" : "ETHWUSD-PERP",
      "m" : "4611686018430126243"
    }, {
      "d" : "1756460501450795633",
      "t" : 1756460501450,
      "tn" : 1756460501450795633,
      "q" : "0.1",
      "p" : "1.6282",
      "s" : "sell",
      "i" : "ETHWUSD-PERP",
      "m" : "4611686018430126242"
    }, {
      "d" : "1756460495216052801",
      "t" : 1756460495216,
      "tn" : 1756460495216052801,
      "q" : "0.1",
      "p" : "1.6282",
      "s" : "sell",
      "i" : "ETHWUSD-PERP",
      "m" : "4611686018430126241"
    }, {
      "d" : "1756460493442957783",
      "t" : 1756460493442,
      "tn" : 1756460493442957783,
      "q" : "0.1",
      "p" : "1.6286",
      "s" : "sell",
      "i" : "ETHWUSD-PERP",
      "m" : "4611686018430126240"
    }, {
      "d" : "1756460492939417994",
      "t" : 1756460492939,
      "tn" : 1756460492939417994,
      "q" : "0.1",
      "p" : "1.6288",
      "s" : "sell",
      "i" : "ETHWUSD-PERP",
      "m" : "4611686018430126239"
    }, {
      "d" : "1756460492694754286",
      "t" : 1756460492694,
      "tn" : 1756460492694754286,
      "q" : "0.1",
      "p" : "1.6288",
      "s" : "sell",
      "i" : "ETHWUSD-PERP",
      "m" : "4611686018430126238"
    }, {
      "d" : "1756460485213106814",
      "t" : 1756460485213,
      "tn" : 1756460485213106814,
      "q" : "0.1",
      "p" : "1.6288",
      "s" : "sell",
      "i" : "ETHWUSD-PERP",
      "m" : "4611686018430126237"
    }, {
      "d" : "1756460484906737234",
      "t" : 1756460484906,
      "tn" : 1756460484906737234,
      "q" : "0.1",
      "p" : "1.6284",
      "s" : "sell",
      "i" : "ETHWUSD-PERP",
      "m" : "4611686018430126236"
    }, {
      "d" : "1756460484905538657",
      "t" : 1756460484905,
      "tn" : 1756460484905538657,
      "q" : "0.1",
      "p" : "1.6288",
      "s" : "sell",
      "i" : "ETHWUSD-PERP",
      "m" : "4611686018430126235"
    }, {
      "d" : "1756460482661123152",
      "t" : 1756460482661,
      "tn" : 1756460482661123152,
      "q" : "0.1",
      "p" : "1.6288",
      "s" : "sell",
      "i" : "ETHWUSD-PERP",
      "m" : "4611686018430126234"
    }, {
      "d" : "1756460475164534726",
      "t" : 1756460475164,
      "tn" : 1756460475164534726,
      "q" : "0.1",
      "p" : "1.6294",
      "s" : "sell",
      "i" : "ETHWUSD-PERP",
      "m" : "4611686018430126233"
    }, {
      "d" : "1756460472613732482",
      "t" : 1756460472613,
      "tn" : 1756460472613732482,
      "q" : "0.1",
      "p" : "1.6295",
      "s" : "sell",
      "i" : "ETHWUSD-PERP",
      "m" : "4611686018430126232"
    }, {
      "d" : "1756460465140897692",
      "t" : 1756460465140,
      "tn" : 1756460465140897692,
      "q" : "0.1",
      "p" : "1.6288",
      "s" : "sell",
      "i" : "ETHWUSD-PERP",
      "m" : "4611686018430126231"
    }, {
      "d" : "1756460464896791736",
      "t" : 1756460464896,
      "tn" : 1756460464896791736,
      "q" : "0.1",
      "p" : "1.6285",
      "s" : "sell",
      "i" : "ETHWUSD-PERP",
      "m" : "4611686018430126230"
    }, {
      "d" : "1756460464895491909",
      "t" : 1756460464895,
      "tn" : 1756460464895491909,
      "q" : "0.1",
      "p" : "1.6289",
      "s" : "sell",
      "i" : "ETHWUSD-PERP",
      "m" : "4611686018430126229"
    }, {
      "d" : "1756460462575696808",
      "t" : 1756460462575,
      "tn" : 1756460462575696808,
      "q" : "0.1",
      "p" : "1.6289",
      "s" : "sell",
      "i" : "ETHWUSD-PERP",
      "m" : "4611686018430126228"
    }, {
      "d" : "1756460455121576721",
      "t" : 1756460455121,
      "tn" : 1756460455121576721,
      "q" : "0.1",
      "p" : "1.6288",
      "s" : "sell",
      "i" : "ETHWUSD-PERP",
      "m" : "4611686018430126227"
    }, {
      "d" : "1756460454003496625",
      "t" : 1756460454003,
      "tn" : 1756460454003496625,
      "q" : "0.1",
      "p" : "1.6282",
      "s" : "sell",
      "i" : "ETHWUSD-PERP",
      "m" : "4611686018430126226"
    } ]
  }
}