{
  "id" : -1,
  "method" : "public/get-trades",
  "code" : 0,
  "result" : {
    "data" : [ {
      "d" : "1756460617678703865",
      "t" : 1756460617678,
      "tn" : 1756460617678703864,
      "q" : "326.3",
      "p" : "1.16686",
      "s" : "sell",
      "i" : "EUR_USDT",
      "m" : "4611686018433343737"
    }, {
      "d" : "1756460617678703864",
      "t" : 1756460617678,
      "tn" : 1756460617678703864,
      "q" : "1.7",
      "p" : "1.16686",
      "s" : "sell",
      "i" : "EUR_USDT",
      "m" : "4611686018433343737"
    }, {
      "d" : "1756460488258901970",
      "t" : 1756460488258,
      "tn" : 1756460488258901970,
      "q" : "41.3",
      "p" : "1.16710",
      "s" : "buy",
      "i" : "EUR_USDT",
      "m" : "4611686018433343736"
    }, {
      "d" : "1756460479642263365",
      "t" : 1756460479642,
      "tn" : 1756460479642263365,
      "q" : "128.7",
      "p" : "1.16710",
      "s" : "buy",
      "i" : "EUR_USDT",
      "m" : "4611686018433343735"
    }, {
      "d" : "1756460404365004619",
      "t" : 1756460404365,
      "tn" : 1756460404365004619,
      "q" : "2.2",
      "p" : "1.16688",
      "s" : "buy",
      "i" : "EUR_USDT",
      "m" : "4611686018433343734"
    }, {
      "d" : "1756460282859789948",
      "t" : 1756460282859,
      "tn" : 1756460282859789946,
      "q" : "955.5",
      "p" : "1.16687",
      "s" : "sell",
      "i" : "EUR_USDT",
      "m" : "4611686018433343733"
    }, {
      "d" : "1756460282859789947",
      "t" : 1756460282859,
      "tn" : 1756460282859789946,
      "q" : "42.8",
      "p" : "1.16687",
      "s" : "sell",
      "i" : "EUR_USDT",
      "m" : "4611686018433343733"
    }, {
      "d" : "1756460282859789946",
      "t" : 1756460282859,
      "tn" : 1756460282859789946,
      "q" : "1.7",
      "p" : "1.16687",
      "s" : "sell",
      "i" : "EUR_USDT",
      "m" : "4611686018433343733"
    }, {
      "d" : "1756460185738239585",
      "t" : 1756460185738,
      "tn" : 1756460185738239585,
      "q" : "1.6",
      "p" : "1.16671",
      "s" : "buy",
      "i" : "EUR_USDT",
      "m" : "4611686018433343732"
    }, {
      "d" : "1756460185388849896",
      "t" : 1756460185388,
      "tn" : 1756460185388849896,
      "q" : "421.6",
      "p" : "1.16672",
      "s" : "buy",
      "i" : "EUR_USDT",
      "m" : "4611686018433343731"
    }, {
      "d" : "1756460185388848523",
      "t" : 1756460185388,
      "tn" : 1756460185388848523,
      "q" : "48.6",
      "p" : "1.16668",
      "s" : "buy",
      "i" : "EUR_USDT",
      "m" : "4611686018433343730"
    }, {
      "d" : "1756460185387558972",
      "t" : 1756460185387,
      "tn" : 1756460185387558972,
      "q" : "591.7",
      "p" : "1.16668",
      "s" : "buy",
      "i" : "EUR_USDT",
      "m" : "4611686018433343729"
    }, {
      "d" : "1756460184661356384",
      "t" : 1756460184661,
      "tn" : 1756460184661356384,
      "q" : "27.2",
      "p" : "1.16668",
      "s" : "buy",
      "i" : "EUR_USDT",
      "m" : "4611686018433343728"
    }, {
      "d" : "1756460184656060413",
      "t" : 1756460184656,
      "tn" : 1756460184656060413,
      "q" : "30.0",
      "p" : "1.16668",
      "s" : "buy",
      "i" : "EUR_USDT",
      "m" : "4611686018433343727"
    }, {
      "d" : "1756460184652459199",
      "t" : 1756460184652,
      "tn" : 1756460184652459199,
      "q" : "30.0",
      "p" : "1.16668",
      "s" : "buy",
      "i" : "EUR_USDT",
      "m" : "4611686018433343726"
    }, {
      "d" : "1756460184646272751",
      "t" : 1756460184646,
      "tn" : 1756460184646272751,
      "q" : "30.0",
      "p" : "1.16668",
      "s" : "buy",
      "i" : "EUR_USDT",
      "m" : "4611686018433343725"
    }, {
      "d" : "1756460184642440662",
      "t" : 1756460184642,
      "tn" : 1756460184642440662,
      "q" : "60.0",
      "p" : "1.16668",
      "s" : "buy",
      "i" : "EUR_USDT",
      "m" : "4611686018433343724"
    }, {
      "d" : "1756460184636095441",
      "t" : 1756460184636,
      "tn" : 1756460184636095441,
      "q" : "60.0",
      "p" : "1.16668",
      "s" : "buy",
      "i" : "EUR_USDT",
      "m" : "4611686018433343723"
    }, {
      "d" : "1756460184632458059",
      "t" : 1756460184632,
      "tn" : 1756460184632458059,
      "q" : "60.0",
      "p" : "1.16668",
      "s" : "buy",
      "i" : "EUR_USDT",
      "m" : "4611686018433343722"
    }, {
      "d" : "1756460184627848087",
      "t" : 1756460184627,
      "tn" : 1756460184627848087,
      "q" : "60.0",
      "p" : "1.16668",
      "s" : "buy",
      "i" : "EUR_USDT",
      "m" : "4611686018433343721"
    }, {
      "d" : "1756460184621121242",
      "t" : 1756460184621,
      "tn" : 1756460184621121242,
      "q" : "60.0",
      "p" : "1.16668",
      "s" : "buy",
      "i" : "EUR_USDT",
      "m" : "4611686018433343720"
    }, {
      "d" : "1756460184615330400",
      "t" : 1756460184615,
      "tn" : 1756460184615330400,
      "q" : "60.0",
      "p" : "1.16668",
      "s" : "buy",
      "i" : "EUR_USDT",
      "m" : "4611686018433343719"
    }, {
      "d" : "1756460184606127930",
      "t" : 1756460184606,
      "tn" : 1756460184606127930,
      "q" : "60.0",
      "p" : "1.16668",
      "s" : "buy",
      "i" : "EUR_USDT",
      "m" : "4611686018433343718"
    }, {
      "d" : "1756460184601574002",
      "t" : 1756460184601,
      "tn" : 1756460184601574002,
      "q" : "60.0",
      "p" : "1.16668",
      "s" : "buy",
      "i" : "EUR_USDT",
      "m" : "4611686018433343717"
    }, {
      "d" : "1756460184597098174",
      "t" : 1756460184597,
      "tn" : 1756460184597098174,
      "q" : "60.0",
      "p" : "1.16668",
      "s" : "buy",
      "i" : "EUR_USDT",
      "m" : "4611686018433343716"
    }, {
      "d" : "1756460184591992433",
      "t" : 1756460184591,
      "tn" : 1756460184591992433,
      "q" : "60.0",
      "p" : "1.16668",
      "s" : "buy",
      "i" : "EUR_USDT",
      "m" : "4611686018433343715"
    }, {
      "d" : "1756460184586125489",
      "t" : 1756460184586,
      "tn" : 1756460184586125489,
      "q" : "60.0",
      "p" : "1.16668",
      "s" : "buy",
      "i" : "EUR_USDT",
      "m" : "4611686018433343714"
    }, {
      "d" : "1756460184581455740",
      "t" : 1756460184581,
      "tn" : 1756460184581455740,
      "q" : "60.0",
      "p" : "1.16668",
      "s" : "buy",
      "i" : "EUR_USDT",
      "m" : "4611686018433343713"
    }, {
      "d" : "1756460184575168513",
      "t" : 1756460184575,
      "tn" : 1756460184575168513,
      "q" : "60.0",
      "p" : "1.16668",
      "s" : "buy",
      "i" : "EUR_USDT",
      "m" : "4611686018433343712"
    }, {
      "d" : "1756460184566081792",
      "t" : 1756460184566,
      "tn" : 1756460184566081792,
      "q" : "60.0",
      "p" : "1.16668",
      "s" : "buy",
      "i" : "EUR_USDT",
      "m" : "4611686018433343711"
    }, {
      "d" : "1756460184561010580",
      "t" : 1756460184561,
      "tn" : 1756460184561010580,
      "q" : "5.5",
      "p" : "1.16668",
      "s" : "buy",
      "i" : "EUR_USDT",
      "m" : "4611686018433343710"
    }, {
      "d" : "1756460184553895523",
      "t" : 1756460184553,
      "tn" : 1756460184553895523,
      "q" : "5.5",
      "p" : "1.16668",
      "s" : "buy",
      "i" : "EUR_USDT",
      "m" : "4611686018433343709"
    }, {
      "d" : "1756460184545723189",
      "t" : 1756460184545,
      "tn" : 1756460184545723189,
      "q" : "5.5",
      "p" : "1.16668",
      "s" : "buy",
      "i" : "EUR_USDT",
      "m" : "4611686018433343708"
    }, {
      "d" : "1756460184536218583",
      "t" : 1756460184536,
      "tn" : 1756460184536218583,
      "q" : "5.5",
      "p" : "1.16668",
      "s" : "buy",
      "i" : "EUR_USDT",
      "m" : "4611686018433343707"
    }, {
      "d" : "1756460184531071817",
      "t" : 1756460184531,
      "tn" : 1756460184531071817,
      "q" : "5.5",
      "p" : "1.16668",
      "s" : "buy",
      "i" : "EUR_USDT",
      "m" : "4611686018433343706"
    }, {
      "d" : "1756460184477906464",
      "t" : 1756460184477,
      "tn" : 1756460184477906464,
      "q" : "10.3",
      "p" : "1.16667",
      "s" : "buy",
      "i" : "EUR_USDT",
      "m" : "4611686018433343705"
    }, {
      "d" : "1756460184471777846",
      "t" : 1756460184471,
      "tn" : 1756460184471777846,
      "q" : "10.3",
      "p" : "1.16667",
      "s" : "buy",
      "i" : "EUR_USDT",
      "m" : "4611686018433343704"
    }, {
      "d" : "1756460118822650895",
      "t" : 1756460118822,
      "tn" : 1756460118822650895,
      "q" : "11.7",
      "p" : "1.16680",
      "s" : "buy",
      "i" : "EUR_USDT",
      "m" : "4611686018433343703"
    }, {
      "d" : "1756459980658043616",
      "t" : 1756459980658,
      "tn" : 1756459980658043616,
      "q" : "293.1",
      "p" : "1.16643",
      "s" : "sell",
      "i" : "EUR_USDT",
      "m" : "4611686018433343702"
    }, {
      "d" : "1756459980658041618",
      "t" : 1756459980658,
      "tn" : 1756459980658041618,
      "q" : "165.1",
      "p" : "1.16644",
      "s" : "sell",
      "i" : "EUR_USDT",
      "m" : "4611686018433343701"
    }, {
      "d" : "1756459980658038045",
      "t" : 1756459980658,
      "tn" : 1756459980658038044,
      "q" : "42.8",
      "p" : "1.16710",
      "s" : "sell",
      "i" : "EUR_USDT",
      "m" : "4611686018433343700"
    }, {
      "d" : "1756459980658038044",
      "t" : 1756459980658,
      "tn" : 1756459980658038044,
      "q" : "1.7",
      "p" : "1.16710",
      "s" : "sell",
      "i" : "EUR_USDT",
      "m" : "4611686018433343700"
    }, {
      "d" : "1756459867008926188",
      "t" : 1756459867008,
      "tn" : 1756459867008926188,
      "q" : "122.5",
      "p" : "1.16640",
      "s" : "sell",
      "i" : "EUR_USDT",
      "m" : "4611686018433343699"
    }, {
      "d" : "1756459867008924004",
      "t" : 1756459867008,
      "tn" : 1756459867008924004,
      "q" : "4.4",
      "p" : "1.16642",
      "s" : "sell",
      "i" : "EUR_USDT",
      "m" : "4611686018433343698"
    }, {
      "d" : "1756459867008920389",
      "t" : 1756459867008,
      "tn" : 1756459867008920389,
      "q" : "330.3",
      "p" : "1.16643",
      "s" : "sell",
      "i" : "EUR_USDT",
      "m" : "4611686018433343697"
    }, {
      "d" : "1756459863026214054",
      "t" : 1756459863026,
      "tn" : 1756459863026214054,
      "q" : "232.8",
      "p" : "1.16621",
      "s" : "sell",
      "i" : "EUR_USDT",
      "m" : "4611686018433343696"
    }, {
      "d" : "1756459863026211325",
      "t" : 1756459863026,
      "tn" : 1756459863026211325,
      "q" : "1769.9",
      "p" : "1.16646",
      "s" : "sell",
      "i" : "EUR_USDT",
      "m" : "4611686018433343695"
    }, {
      "d" : "1756459863026208673",
      "t" : 1756459863026,
      "tn" : 1756459863026208673,
      "q" : "660.5",
      "p" : "1.16647",
      "s" : "sell",
      "i" : "EUR_USDT",
      "m" : "4611686018433343694"
    }, {
      "d" : "1756459863026205745",
      "t" : 1756459863026,
      "tn" : 1756459863026205745,
      "q" : "3427.0",
      "p" : "1.16704",
      "s" : "sell",
      "i" : "EUR_USDT",
      "m" : "4611686018433343693"
    }, {
      "d" : "1756459863026202600",
      "t" : 1756459863026,
      "tn" : 1756459863026202600,
      "q" : "1606.2",
      "p" : "1.16724",
      "s" : "sell",
      "i" : "EUR_USDT",
      "m" : "4611686018433343692"
    }, {
      "d" : "1756459863026200111",
      "t" : 1756459863026,
      "tn" : 1756459863026200111,
      "q" : "1712.8",
      "p" : "1.16727",
      "s" : "sell",
      "i" : "EUR_USDT",
      "m" : "4611686018433343691"
    }, {
      "d" : "1756459863026197132",
      "t" : 1756459863026,
      "tn" : 1756459863026197132,
      "q" : "3.7",
      "p" : "1.16728",
      "s" : "sell",
      "i" : "EUR_USDT",
      "m" : "4611686018433343690"
    }, {
      "d" : "1756459863026194685",
      "t" : 1756459863026,
      "tn" : 1756459863026194685,
      "q" : "42.8",
      "p" : "1.16735",
      "s" : "sell",
      "i" : "EUR_USDT",
      "m" : "4611686018433343689"
    }, {
      "d" : "1756459594848207076",
      "t" : 1756459594848,
      "tn" : 1756459594848207076,
      "q" : "42.8",
      "p" : "1.16767",
      "s" : "sell",
      "i" : "EUR_USDT",
      "m" : "4611686018433343688"
    }, {
      "d" : "1756459551356190257",
      "t" : 1756459551356,
      "tn" : 1756459551356190257,
      "q" : "1.6",
      "p" : "1.16751",
      "s" : "buy",
      "i" : "EUR_USDT",
      "m" : "4611686018433343687"
    }, {
      "d" : "1756459545601245341",
      "t" : 1756459545601,
      "tn" : 1756459545601245341,
      "q" : "1.4",
      "p" : "1.16751",
      "s" : "buy",
      "i" : "EUR_USDT",
      "m" : "4611686018433343686"
    }, {
      "d" : "1756459476997805476",
      "t" : 1756459476997,
      "tn" : 1756459476997805476,
      "q" : "1.9",
      "p" : "1.16750",
      "s" : "sell",
      "i" : "EUR_USDT",
      "m" : "4611686018433343685"
    }, {
      "d" : "1756459375833643733",
      "t" : 1756459375833,
      "tn" : 1756459375833643733,
      "q" : "42.8",
      "p" : "1.16777",
      "s" : "sell",
      "i" : "EUR_USDT",
      "m" : "4611686018433343684"
    }, {
      "d" : "1756458971881091264",
      "t" : 1756458971881,
      "tn" : 1756458971881091264,
      "q" : "63.6",
      "p" : "1.16781",
      "s" : "buy",
      "i" : "EUR_USDT",
      "m" : "4611686018433343683"
    }, {
      "d" : "1756458971845236475",
      "t" : 1756458971845,
      "tn" : 1756458971845236475,
      "q" : "399.0",
      "p" : "1.16781",
      "s" : "buy",
      "i" : "EUR_USDT",
      "m" : "4611686018433343682"
    }, {
      "d" : "1756458968872694449",
      "t" : 1756458968872,
      "tn" : 1756458968872694449,
      "q" : "143.7",
      "p" : "1.16784",
      "s" : "buy",
      "i" : "EUR_USDT",
      "m" : "4611686018433343681"
    }, {
      "d" : "1756458968870609310",
      "t" : 1756458968870,
      "tn" : 1756458968870609310,
      "q" : "610.4",
      "p" : "1.16784",
      "s" : "buy",
      "i" : "EUR_USDT",
      "m" : "4611686018433343680"
    }, {
      "d" : "1756458968870607149",
      "t" : 1756458968870,
      "tn" : 1756458968870607149,
      "q" : "754.1",
      "p" : "1.16777",
      "s" : "buy",
      "i" : "EUR_USDT",
      "m" : "4611686018433343679"
    }, {
      "d" : "1756458791095984329",
      "t" : 1756458791095,
      "tn" : 1756458791095984329,
      "q" : "1.6",
      "p" : "1.16735",
      "s" : "buy",
      "i" : "EUR_USDT",
      "m" : "4611686018433343678"
    }, {
      "d" : "1756458790109595917",
      "t" : 1756458790109,
      "tn" : 1756458790109595917,
      "q" : "5.1",
      "p" : "1.16735",
      "s" : "buy",
      "i" : "EUR_USDT",
      "m" : "4611686018433343677"
    }, {
      "d" : "1756458674749623122",
      "t" : 1756458674749,
      "tn" : 1756458674749623122,
      "q" : "2.7",
      "p" : "1.16742",
      "s" : "buy",
      "i" : "EUR_USDT",
      "m" : "4611686018433343676"
    }, {
      "d" : "1756458574697888475",
      "t" : 1756458574697,
      "tn" : 1756458574697888475,
      "q" : "31.1",
      "p" : "1.16736",
      "s" : "buy",
      "i" : "EUR_USDT",
      "m" : "4611686018433343675"
    }, {
      "d" : "1756458560756824509",
      "t" : 1756458560756,
      "tn" : 1756458560756824509,
      "q" : "1151.8",
      "p" : "1.16735",
      "s" : "buy",
      "i" : "EUR_USDT",
      "m" : "4611686018433343674"
    }, {
      "d" : "1756458427700760948",
      "t" : 1756458427700,
      "tn" : 1756458427700760948,
      "q" : "4.7",
      "p" : "1.16721",
      "s" : "sell",
      "i" : "EUR_USDT",
      "m" : "4611686018433343673"
    }, {
      "d" : "1756458427517169500",
      "t" : 1756458427517,
      "tn" : 1756458427517169500,
      "q" : "0.6",
      "p" : "1.16721",
      "s" : "sell",
      "i" : "EUR_USDT",
      "m" : "4611686018433343672"
    }, {
      "d" : "1756458427517167178",
      "t" : 1756458427517,
      "tn" : 1756458427517167178,
      "q" : "0.4",
      "p" : "1.16724",
      "s" : "sell",
      "i" : "EUR_USDT",
      "m" : "4611686018433343671"
    }, {
      "d" : "1756458426732405193",
      "t" : 1756458426732,
      "tn" : 1756458426732405193,
      "q" : "1.0",
      "p" : "1.16724",
      "s" : "sell",
      "i" : "EUR_USDT",
      "m" : "4611686018433343670"
    }, {
      "d" : "1756458426698955565",
      "t" : 1756458426698,
      "tn" : 1756458426698955565,
      "q" : "0.3",
      "p" : "1.16724",
      "s" : "sell",
      "i" : "EUR_USDT",
      "m" : "4611686018433343669"
    }, {
      "d" : "1756458426698953329",
      "t" : 1756458426698,
      "tn" : 1756458426698953329,
      "q" : "0.7",
      "p" : "1.16725",
      "s" : "sell",
      "i" : "EUR_USDT",
      "m" : "4611686018433343668"
    }, {
      "d" : "1756458426180777997",
      "t" : 1756458426180,
      "tn" : 1756458426180777997,
      "q" : "1.0",
      "p" : "1.16725",
      "s" : "sell",
      "i" : "EUR_USDT",
      "m" : "4611686018433343667"
    }, {
      "d" : "1756458372716788178",
      "t" : 1756458372716,
      "tn" : 1756458372716788178,
      "q" : "1.0",
      "p" : "1.16721",
      "s" : "sell",
      "i" : "EUR_USDT",
      "m" : "4611686018433343666"
    }, {
      "d" : "1756458372635049319",
      "t" : 1756458372635,
      "tn" : 1756458372635049319,
      "q" : "1.0",
      "p" : "1.16721",
      "s" : "sell",
      "i" : "EUR_USDT",
      "m" : "4611686018433343665"
    }, {
      "d" : "1756458372534949070",
      "t" : 1756458372534,
      "tn" : 1756458372534949070,
      "q" : "1.0",
      "p" : "1.16721",
      "s" : "sell",
      "i" : "EUR_USDT",
      "m" : "4611686018433343664"
    }, {
      "d" : "1756458372435802486",
      "t" : 1756458372435,
      "tn" : 1756458372435802486,
      "q" : "1.0",
      "p" : "1.16721",
      "s" : "sell",
      "i" : "EUR_USDT",
      "m" : "4611686018433343663"
    }, {
      "d" : "1756458372315540525",
      "t" : 1756458372315,
      "tn" : 1756458372315540525,
      "q" : "1.0",
      "p" : "1.16721",
      "s" : "sell",
      "i" : "EUR_USDT",
      "m" : "4611686018433343662"
    }, {
      "d" : "1756458372262010880",
      "t" : 1756458372262,
      "tn" : 1756458372262010880,
      "q" : "1.0",
      "p" : "1.16721",
      "s" : "sell",
      "i" : "EUR_USDT",
      "m" : "4611686018433343661"
    }, {
      "d" : "1756458372237074791",
      "t" : 1756458372237,
      "tn" : 1756458372237074791,
      "q" : "1.0",
      "p" : "1.16721",
      "s" : "sell",
      "i" : "EUR_USDT",
      "m" : "4611686018433343660"
    }, {
      "d" : "1756458372060195440",
      "t" : 1756458372060,
      "tn" : 1756458372060195440,
      "q" : "1.0",
      "p" : "1.16721",
      "s" : "sell",
      "i" : "EUR_USDT",
      "m" : "4611686018433343659"
    }, {
      "d" : "1756458371819925235",
      "t" : 1756458371819,
      "tn" : 1756458371819925235,
      "q" : "1.0",
      "p" : "1.16721",
      "s" : "sell",
      "i" : "EUR_USDT",
      "m" : "4611686018433343658"
    }, {
      "d" : "1756458355675771001",
      "t" : 1756458355675,
      "tn" : 1756458355675771001,
      "q" : "0.7",
      "p" : "1.16730",
      "s" : "buy",
      "i" : "EUR_USDT",
      "m" : "4611686018433343657"
    }, {
      "d" : "1756458355675767735",
      "t" : 1756458355675,
      "tn" : 1756458355675767735,
      "q" : "1.0",
      "p" : "1.16718",
      "s" : "buy",
      "i" : "EUR_USDT",
      "m" : "4611686018433343656"
    }, {
      "d" : "1756458316582213436",
      "t" : 1756458316582,
      "tn" : 1756458316582213436,
      "q" : "2.6",
      "p" : "1.16724",
      "s" : "buy",
      "i" : "EUR_USDT",
      "m" : "4611686018433343655"
    }, {
      "d" : "1756458294422471713",
      "t" : 1756458294422,
      "tn" : 1756458294422471713,
      "q" : "3058.7",
      "p" : "1.16678",
      "s" : "sell",
      "i" : "EUR_USDT",
      "m" : "4611686018433343654"
    }, {
      "d" : "1756458294422469837",
      "t" : 1756458294422,
      "tn" : 1756458294422469837,
      "q" : "4267.5",
      "p" : "1.16679",
      "s" : "sell",
      "i" : "EUR_USDT",
      "m" : "4611686018433343653"
    }, {
      "d" : "1756458294422467026",
      "t" : 1756458294422,
      "tn" : 1756458294422467026,
      "q" : "1322.9",
      "p" : "1.16680",
      "s" : "sell",
      "i" : "EUR_USDT",
      "m" : "4611686018433343652"
    }, {
      "d" : "1756458294422465549",
      "t" : 1756458294422,
      "tn" : 1756458294422465549,
      "q" : "1606.4",
      "p" : "1.16710",
      "s" : "sell",
      "i" : "EUR_USDT",
      "m" : "4611686018433343651"
    }, {
      "d" : "1756458294422463367",
      "t" : 1756458294422,
      "tn" : 1756458294422463367,
      "q" : "42.8",
      "p" : "1.16714",
      "s" : "sell",
      "i" : "EUR_USDT",
      "m" : "4611686018433343650"
    }, {
      "d" : "1756458294422460038",
      "t" : 1756458294422,
      "tn" : 1756458294422460038,
      "q" : "1.7",
      "p" : "1.16715",
      "s" : "sell",
      "i" : "EUR_USDT",
      "m" : "4611686018433343649"
    }, {
      "d" : "1756458186340930515",
      "t" : 1756458186340,
      "tn" : 1756458186340930515,
      "q" : "1.0",
      "p" : "1.16713",
      "s" : "sell",
      "i" : "EUR_USDT",
      "m" : "4611686018433343648"
    }, {
      "d" : "1756458186305912941",
      "t" : 1756458186305,
      "tn" : 1756458186305912941,
      "q" : "1.0",
      "p" : "1.16713",
      "s" : "sell",
      "i" : "EUR_USDT",
      "m" : "4611686018433343647"
    }, {
      "d" : "1756458186290917101",
      "t" : 1756458186290,
      "tn" : 1756458186290917101,
      "q" : "1.0",
      "p" : "1.16713",
      "s" : "sell",
      "i" : "EUR_USDT",
      "m" : "4611686018433343646"
    }, {
      "d" : "1756458186280883211",
      "t" : 1756458186280,
      "tn" : 1756458186280883211,
      "q" : "1.0",
      "p" : "1.16713",
      "s" : "sell",
      "i" : "EUR_USDT",
      "m" : "4611686018433343645"
    }, {
      "d" : "1756458186210800505",
      "t" : 1756458186210,
      "tn" : 1756458186210800505,
      "q" : "1.0",
      "p" : "1.16713",
      "s" : "sell",
      "i" : "EUR_USDT",
      "m" : "4611686018433343644"
    }, {
      "d" : "1756458186195782136",
      "t" : 1756458186195,
      "tn" : 1756458186195782136,
      "q" : "1.0",
      "p" : "1.16713",
      "s" : "sell",
      "i" : "EUR_USDT",
      "m" : "4611686018433343643"
    }, {
      "d" : "1756458186135709086",
      "t" : 1756458186135,
      "tn" : 1756458186135709086,
      "q" : "1.0",
      "p" : "1.16713",
      "s" : "sell",
      "i" : "EUR_USDT",
      "m" : "4611686018433343642"
    }, {
      "d" : "1756458186105586383",
      "t" : 1756458186105,
      "tn" : 1756458186105586383,
      "q" : "1.0",
      "p" : "1.16713",
      "s" : "sell",
      "i" : "EUR_USDT",
      "m" : "4611686018433343641"
    }, {
      "d" : "1756458186090648089",
      "t" : 1756458186090,
      "tn" : 1756458186090648089,
      "q" : "1.0",
      "p" : "1.16713",
      "s" : "sell",
      "i" : "EUR_USDT",
      "m" : "4611686018433343640"
    }, {
      "d" : "1756458186080606531",
      "t" : 1756458186080,
      "tn" : 1756458186080606531,
      "q" : "1.0",
      "p" : "1.16713",
      "s" : "sell",
      "i" : "EUR_USDT",
      "m" : "4611686018433343639"
    }, {
      "d" : "1756458186055607952",
      "t" : 1756458186055,
      "tn" : 1756458186055607952,
      "q" : "1.0",
      "p" : "1.16713",
      "s" : "sell",
      "i" : "EUR_USDT",
      "m" : "4611686018433343638"
    }, {
      "d" : "1756458186036469236",
      "t" : 1756458186036,
      "tn" : 1756458186036469236,
      "q" : "1.0",
      "p" : "1.16713",
      "s" : "sell",
      "i" : "EUR_USDT",
      "m" : "4611686018433343637"
    }, {
      "d" : "1756458186011624985",
      "t" : 1756458186011,
      "tn" : 1756458186011624985,
      "q" : "1.0",
      "p" : "1.16713",
      "s" : "sell",
      "i" : "EUR_USDT",
      "m" : "4611686018433343636"
    }, {
      "d" : "1756458185936597880",
      "t" : 1756458185936,
      "tn" : 1756458185936597880,
      "q" : "1.0",
      "p" : "1.16713",
      "s" : "sell",
      "i" : "EUR_USDT",
      "m" : "4611686018433343635"
    }, {
      "d" : "1756458185916085319",
      "t" : 1756458185916,
      "tn" : 1756458185916085319,
      "q" : "1.0",
      "p" : "1.16713",
      "s" : "sell",
      "i" : "EUR_USDT",
      "m" : "4611686018433343634"
    }, {
      "d" : "1756458185886117630",
      "t" : 1756458185886,
      "tn" : 1756458185886117630,
      "q" : "1.0",
      "p" : "1.16713",
      "s" : "sell",
      "i" : "EUR_USDT",
      "m" : "4611686018433343633"
    }, {
      "d" : "1756458185840932853",
      "t" : 1756458185840,
      "tn" : 1756458185840932853,
      "q" : "1.0",
      "p" : "1.16713",
      "s" : "sell",
      "i" : "EUR_USDT",
      "m" : "4611686018433343632"
    }, {
      "d" : "1756458185734863979",
      "t" : 1756458185734,
      "tn" : 1756458185734863979,
      "q" : "1.0",
      "p" : "1.16713",
      "s" : "sell",
      "i" : "EUR_USDT",
      "m" : "4611686018433343631"
    }, {
      "d" : "1756458185634284648",
      "t" : 1756458185634,
      "tn" : 1756458185634284648,
      "q" : "1.0",
      "p" : "1.16713",
      "s" : "sell",
      "i" : "EUR_USDT",
      "m" : "4611686018433343630"
    }, {
      "d" : "1756458185563509736",
      "t" : 1756458185563,
      "tn" : 1756458185563509736,
      "q" : "1.0",
      "p" : "1.16713",
      "s" : "sell",
      "i" : "EUR_USDT",
      "m" : "4611686018433343629"
    }, {
      "d" : "1756458185533474897",
      "t" : 1756458185533,
      "tn" : 1756458185533474897,
      "q" : "1.0",
      "p" : "1.16713",
      "s" : "sell",
      "i" : "EUR_USDT",
      "m" : "4611686018433343628"
    }, {
      "d" : "1756458185518695569",
      "t" : 1756458185518,
      "tn" : 1756458185518695569,
      "q" : "1.0",
      "p" : "1.16713",
      "s" : "sell",
      "i" : "EUR_USDT",
      "m" : "4611686018433343627"
    }, {
      "d" : "1756458185434210939",
      "t" : 1756458185434,
      "tn" : 1756458185434210939,
      "q" : "1.0",
      "p" : "1.16713",
      "s" : "sell",
      "i" : "EUR_USDT",
      "m" : "4611686018433343626"
    }, {
      "d" : "1756458185409070339",
      "t" : 1756458185409,
      "tn" : 1756458185409070339,
      "q" : "1.0",
      "p" : "1.16713",
      "s" : "sell",
      "i" : "EUR_USDT",
      "m" : "4611686018433343625"
    }, {
      "d" : "1756458185404323553",
      "t" : 1756458185404,
      "tn" : 1756458185404323553,
      "q" : "1.0",
      "p" : "1.16713",
      "s" : "sell",
      "i" : "EUR_USDT",
      "m" : "4611686018433343624"
    }, {
      "d" : "1756458185358963531",
      "t" : 1756458185358,
      "tn" : 1756458185358963531,
      "q" : "1.0",
      "p" : "1.16713",
      "s" : "sell",
      "i" : "EUR_USDT",
      "m" : "4611686018433343623"
    }, {
      "d" : "1756458185339309651",
      "t" : 1756458185339,
      "tn" : 1756458185339309651,
      "q" : "1.0",
      "p" : "1.16713",
      "s" : "sell",
      "i" : "EUR_USDT",
      "m" : "4611686018433343622"
    }, {
      "d" : "1756458185318852029",
      "t" : 1756458185318,
      "tn" : 1756458185318852029,
      "q" : "1.0",
      "p" : "1.16713",
      "s" : "sell",
      "i" : "EUR_USDT",
      "m" : "4611686018433343621"
    }, {
      "d" : "1756458185278975235",
      "t" : 1756458185278,
      "tn" : 1756458185278975235,
      "q" : "1.0",
      "p" : "1.16713",
      "s" : "sell",
      "i" : "EUR_USDT",
      "m" : "4611686018433343620"
    }, {
      "d" : "1756458185113580934",
      "t" : 1756458185113,
      "tn" : 1756458185113580934,
      "q" : "1.0",
      "p" : "1.16713",
      "s" : "sell",
      "i" : "EUR_USDT",
      "m" : "4611686018433343619"
    }, {
      "d" : "1756458185098714892",
      "t" : 1756458185098,
      "tn" : 1756458185098714892,
      "q" : "1.0",
      "p" : "1.16713",
      "s" : "sell",
      "i" : "EUR_USDT",
      "m" : "4611686018433343618"
    }, {
      "d" : "1756458184962545661",
      "t" : 1756458184962,
      "tn" : 1756458184962545661,
      "q" : "1.0",
      "p" : "1.16713",
      "s" : "sell",
      "i" : "EUR_USDT",
      "m" : "4611686018433343617"
    }, {
      "d" : "1756458184942556376",
      "t" : 1756458184942,
      "tn" : 1756458184942556376,
      "q" : "1.0",
      "p" : "1.16713",
      "s" : "sell",
      "i" : "EUR_USDT",
      "m" : "4611686018433343616"
    }, {
      "d" : "1756458184937531446",
      "t" : 1756458184937,
      "tn" : 1756458184937531446,
      "q" : "1.0",
      "p" : "1.16713",
      "s" : "sell",
      "i" : "EUR_USDT",
      "m" : "4611686018433343615"
    }, {
      "d" : "1756458184907527954",
      "t" : 1756458184907,
      "tn" : 1756458184907527954,
      "q" : "1.0",
      "p" : "1.16713",
      "s" : "sell",
      "i" : "EUR_USDT",
      "m" : "4611686018433343614"
    }, {
      "d" : "1756458184882416388",
      "t" : 1756458184882,
      "tn" : 1756458184882416388,
      "q" : "1.0",
      "p" : "1.16713",
      "s" : "sell",
      "i" : "EUR_USDT",
      "m" : "4611686018433343613"
    }, {
      "d" : "1756458184867308151",
      "t" : 1756458184867,
      "tn" : 1756458184867308151,
      "q" : "1.0",
      "p" : "1.16713",
      "s" : "sell",
      "i" : "EUR_USDT",
      "m" : "4611686018433343612"
    }, {
      "d" : "1756458184787823458",
      "t" : 1756458184787,
      "tn" : 1756458184787823458,
      "q" : "1.0",
      "p" : "1.16713",
      "s" : "sell",
      "i" : "EUR_USDT",
      "m" : "4611686018433343611"
    }, {
      "d" : "1756458184737677376",
      "t" : 1756458184737,
      "tn" : 1756458184737677376,
      "q" : "1.0",
      "p" : "1.16713",
      "s" : "sell",
      "i" : "EUR_USDT",
      "m" : "4611686018433343610"
    }, {
      "d" : "1756458184561659995",
      "t" : 1756458184561,
      "tn" : 1756458184561659995,
      "q" : "1.0",
      "p" : "1.16713",
      "s" : "sell",
      "i" : "EUR_USDT",
      "m" : "4611686018433343609"
    }, {
      "d" : "1756458184536539857",
      "t" : 1756458184536,
      "tn" : 1756458184536539857,
      "q" : "1.0",
      "p" : "1.16713",
      "s" : "sell",
      "i" : "EUR_USDT",
      "m" : "4611686018433343608"
    }, {
      "d" : "1756458184521675661",
      "t" : 1756458184521,
      "tn" : 1756458184521675661,
      "q" : "1.0",
      "p" : "1.16713",
      "s" : "sell",
      "i" : "EUR_USDT",
      "m" : "4611686018433343607"
    }, {
      "d" : "1756458184461377201",
      "t" : 1756458184461,
      "tn" : 1756458184461377201,
      "q" : "1.0",
      "p" : "1.16713",
      "s" : "sell",
      "i" : "EUR_USDT",
      "m" : "4611686018433343606"
    }, {
      "d" : "1756458184436420072",
      "t" : 1756458184436,
      "tn" : 1756458184436420072,
      "q" : "1.0",
      "p" : "1.16713",
      "s" : "sell",
      "i" : "EUR_USDT",
      "m" : "4611686018433343605"
    }, {
      "d" : "1756458184421360930",
      "t" : 1756458184421,
      "tn" : 1756458184421360930,
      "q" : "1.0",
      "p" : "1.16713",
      "s" : "sell",
      "i" : "EUR_USDT",
      "m" : "4611686018433343604"
    }, {
      "d" : "1756458184336795754",
      "t" : 1756458184336,
      "tn" : 1756458184336795754,
      "q" : "1.0",
      "p" : "1.16713",
      "s" : "sell",
      "i" : "EUR_USDT",
      "m" : "4611686018433343603"
    }, {
      "d" : "1756458184296272034",
      "t" : 1756458184296,
      "tn" : 1756458184296272034,
      "q" : "1.0",
      "p" : "1.16713",
      "s" : "sell",
      "i" : "EUR_USDT",
      "m" : "4611686018433343602"
    }, {
      "d" : "1756458184266247117",
      "t" : 1756458184266,
      "tn" : 1756458184266247117,
      "q" : "1.0",
      "p" : "1.16713",
      "s" : "sell",
      "i" : "EUR_USDT",
      "m" : "4611686018433343601"
    }, {
      "d" : "1756458184230997685",
      "t" : 1756458184230,
      "tn" : 1756458184230997685,
      "q" : "1.0",
      "p" : "1.16713",
      "s" : "sell",
      "i" : "EUR_USDT",
      "m" : "4611686018433343600"
    }, {
      "d" : "1756458184221201933",
      "t" : 1756458184221,
      "tn" : 1756458184221201933,
      "q" : "1.0",
      "p" : "1.16713",
      "s" : "sell",
      "i" : "EUR_USDT",
      "m" : "4611686018433343599"
    }, {
      "d" : "1756458184201082402",
      "t" : 1756458184201,
      "tn" : 1756458184201082402,
      "q" : "1.0",
      "p" : "1.16713",
      "s" : "sell",
      "i" : "EUR_USDT",
      "m" : "4611686018433343598"
    }, {
      "d" : "1756458184136029149",
      "t" : 1756458184136,
      "tn" : 1756458184136029149,
      "q" : "1.0",
      "p" : "1.16713",
      "s" : "sell",
      "i" : "EUR_USDT",
      "m" : "4611686018433343597"
    }, {
      "d" : "1756458184080918034",
      "t" : 1756458184080,
      "tn" : 1756458184080918034,
      "q" : "1.0",
      "p" : "1.16713",
      "s" : "sell",
      "i" : "EUR_USDT",
      "m" : "4611686018433343596"
    }, {
      "d" : "1756458184041065618",
      "t" : 1756458184041,
      "tn" : 1756458184041065618,
      "q" : "1.0",
      "p" : "1.16713",
      "s" : "sell",
      "i" : "EUR_USDT",
      "m" : "4611686018433343595"
    }, {
      "d" : "1756458184020936581",
      "t" : 1756458184020,
      "tn" : 1756458184020936581,
      "q" : "1.0",
      "p" : "1.16713",
      "s" : "sell",
      "i" : "EUR_USDT",
      "m" : "4611686018433343594"
    }, {
      "d" : "1756458184010735061",
      "t" : 1756458184010,
      "tn" : 1756458184010735061,
      "q" : "1.0",
      "p" : "1.16713",
      "s" : "sell",
      "i" : "EUR_USDT",
      "m" : "4611686018433343593"
    }, {
      "d" : "1756458183995865313",
      "t" : 1756458183995,
      "tn" : 1756458183995865313,
      "q" : "1.0",
      "p" : "1.16713",
      "s" : "sell",
      "i" : "EUR_USDT",
      "m" : "4611686018433343592"
    } ]
  }
}