{
  "id" : -1,
  "method" : "public/get-trades",
  "code" : 0,
  "result" : {
    "data" : [ {
      "d" : "1756459880931113654",
      "t" : 1756459880931,
      "tn" : 1756459880931113654,
      "q" : "0.36",
      "p" : "28.134",
      "s" : "buy",
      "i" : "FARM_USD",
      "m" : "4611686018430288006"
    }, {
      "d" : "1756459880931111492",
      "t" : 1756459880931,
      "tn" : 1756459880931111492,
      "q" : "0.64",
      "p" : "28.133",
      "s" : "buy",
      "i" : "FARM_USD",
      "m" : "4611686018430288005"
    }, {
      "d" : "1756458362841765980",
      "t" : 1756458362841,
      "tn" : 1756458362841765980,
      "q" : "0.02",
      "p" : "28.021",
      "s" : "buy",
      "i" : "FARM_USD",
      "m" : "4611686018430288004"
    }, {
      "d" : "1756458178519733825",
      "t" : 1756458178519,
      "tn" : 1756458178519733825,
      "q" : "1.66",
      "p" : "27.694",
      "s" : "sell",
      "i" : "FARM_USD",
      "m" : "4611686018430288003"
    }, {
      "d" : "1756458148311660529",
      "t" : 1756458148311,
      "tn" : 1756458148311660529,
      "q" : "0.66",
      "p" : "28.000",
      "s" : "sell",
      "i" : "FARM_USD",
      "m" : "4611686018430288002"
    }, {
      "d" : "1756456727941180388",
      "t" : 1756456727941,
      "tn" : 1756456727941180388,
      "q" : "11.65",
      "p" : "28.253",
      "s" : "sell",
      "i" : "FARM_USD",
      "m" : "4611686018430288001"
    }, {
      "d" : "1756456727938079500",
      "t" : 1756456727938,
      "tn" : 1756456727938079500,
      "q" : "3.06",
      "p" : "28.253",
      "s" : "buy",
      "i" : "FARM_USD",
      "m" : "4611686018430288000"
    }, {
      "d" : "1756456610528322283",
      "t" : 1756456610528,
      "tn" : 1756456610528322283,
      "q" : "3.40",
      "p" : "28.259",
      "s" : "buy",
      "i" : "FARM_USD",
      "m" : "4611686018430287999"
    }, {
      "d" : "1756455662214495404",
      "t" : 1756455662214,
      "tn" : 1756455662214495404,
      "q" : "2.84",
      "p" : "28.210",
      "s" : "sell",
      "i" : "FARM_USD",
      "m" : "4611686018430287998"
    }, {
      "d" : "1756455662073339012",
      "t" : 1756455662073,
      "tn" : 1756455662073339012,
      "q" : "4.51",
      "p" : "28.210",
      "s" : "sell",
      "i" : "FARM_USD",
      "m" : "4611686018430287997"
    }, {
      "d" : "1756455662057566558",
      "t" : 1756455662057,
      "tn" : 1756455662057566558,
      "q" : "1.69",
      "p" : "28.210",
      "s" : "sell",
      "i" : "FARM_USD",
      "m" : "4611686018430287996"
    }, {
      "d" : "1756455661304684218",
      "t" : 1756455661304,
      "tn" : 1756455661304684218,
      "q" : "5.27",
      "p" : "28.210",
      "s" : "sell",
      "i" : "FARM_USD",
      "m" : "4611686018430287995"
    }, {
      "d" : "1756455661304682365",
      "t" : 1756455661304,
      "tn" : 1756455661304682365,
      "q" : "1.33",
      "p" : "28.212",
      "s" : "sell",
      "i" : "FARM_USD",
      "m" : "4611686018430287994"
    }, {
      "d" : "1756455661304679703",
      "t" : 1756455661304,
      "tn" : 1756455661304679703,
      "q" : "7.93",
      "p" : "28.217",
      "s" : "sell",
      "i" : "FARM_USD",
      "m" : "4611686018430287993"
    }, {
      "d" : "1756455654752020811",
      "t" : 1756455654752,
      "tn" : 1756455654752020811,
      "q" : "10.37",
      "p" : "28.244",
      "s" : "sell",
      "i" : "FARM_USD",
      "m" : "4611686018430287992"
    }, {
      "d" : "1756454762842106316",
      "t" : 1756454762842,
      "tn" : 1756454762842106316,
      "q" : "0.02",
      "p" : "28.585",
      "s" : "buy",
      "i" : "FARM_USD",
      "m" : "4611686018430287991"
    }, {
      "d" : "1756451162841724895",
      "t" : 1756451162841,
      "tn" : 1756451162841724895,
      "q" : "0.02",
      "p" : "28.883",
      "s" : "buy",
      "i" : "FARM_USD",
      "m" : "4611686018430287990"
    }, {
      "d" : "1756450999682208556",
      "t" : 1756450999682,
      "tn" : 1756450999682208556,
      "q" : "13.16",
      "p" : "28.863",
      "s" : "sell",
      "i" : "FARM_USD",
      "m" : "4611686018430287989"
    }, {
      "d" : "1756450999675523913",
      "t" : 1756450999675,
      "tn" : 1756450999675523913,
      "q" : "4.33",
      "p" : "28.863",
      "s" : "buy",
      "i" : "FARM_USD",
      "m" : "4611686018430287988"
    }, {
      "d" : "1756447562842110861",
      "t" : 1756447562842,
      "tn" : 1756447562842110861,
      "q" : "0.02",
      "p" : "29.154",
      "s" : "buy",
      "i" : "FARM_USD",
      "m" : "4611686018430287987"
    }, {
      "d" : "1756443962842228168",
      "t" : 1756443962842,
      "tn" : 1756443962842228168,
      "q" : "0.01",
      "p" : "29.324",
      "s" : "buy",
      "i" : "FARM_USD",
      "m" : "4611686018430287986"
    }, {
      "d" : "1756441314629624398",
      "t" : 1756441314629,
      "tn" : 1756441314629624398,
      "q" : "3.31",
      "p" : "29.323",
      "s" : "sell",
      "i" : "FARM_USD",
      "m" : "4611686018430287985"
    }, {
      "d" : "1756440362842038247",
      "t" : 1756440362842,
      "tn" : 1756440362842038247,
      "q" : "0.02",
      "p" : "29.478",
      "s" : "buy",
      "i" : "FARM_USD",
      "m" : "4611686018430287984"
    }, {
      "d" : "1756436762841282833",
      "t" : 1756436762841,
      "tn" : 1756436762841282833,
      "q" : "0.02",
      "p" : "29.394",
      "s" : "buy",
      "i" : "FARM_USD",
      "m" : "4611686018430287983"
    }, {
      "d" : "1756433162841900488",
      "t" : 1756433162841,
      "tn" : 1756433162841900488,
      "q" : "0.01",
      "p" : "29.244",
      "s" : "buy",
      "i" : "FARM_USD",
      "m" : "4611686018430287982"
    }, {
      "d" : "1756429562842044945",
      "t" : 1756429562842,
      "tn" : 1756429562842044945,
      "q" : "0.01",
      "p" : "29.515",
      "s" : "buy",
      "i" : "FARM_USD",
      "m" : "4611686018430287981"
    }, {
      "d" : "1756429245273426591",
      "t" : 1756429245273,
      "tn" : 1756429245273426591,
      "q" : "0.32",
      "p" : "29.328",
      "s" : "sell",
      "i" : "FARM_USD",
      "m" : "4611686018430287980"
    }, {
      "d" : "1756426221806021874",
      "t" : 1756426221806,
      "tn" : 1756426221806021874,
      "q" : "0.52",
      "p" : "29.479",
      "s" : "buy",
      "i" : "FARM_USD",
      "m" : "4611686018430287979"
    }, {
      "d" : "1756425962841631337",
      "t" : 1756425962841,
      "tn" : 1756425962841631337,
      "q" : "0.01",
      "p" : "29.515",
      "s" : "buy",
      "i" : "FARM_USD",
      "m" : "4611686018430287978"
    }, {
      "d" : "1756425546906276437",
      "t" : 1756425546906,
      "tn" : 1756425546906276437,
      "q" : "0.26",
      "p" : "29.382",
      "s" : "buy",
      "i" : "FARM_USD",
      "m" : "4611686018430287977"
    }, {
      "d" : "1756425546905149412",
      "t" : 1756425546905,
      "tn" : 1756425546905149412,
      "q" : "2.38",
      "p" : "29.382",
      "s" : "buy",
      "i" : "FARM_USD",
      "m" : "4611686018430287976"
    }, {
      "d" : "1756425546902924016",
      "t" : 1756425546902,
      "tn" : 1756425546902924016,
      "q" : "0.61",
      "p" : "29.382",
      "s" : "sell",
      "i" : "FARM_USD",
      "m" : "4611686018430287975"
    }, {
      "d" : "1756422362841777119",
      "t" : 1756422362841,
      "tn" : 1756422362841777119,
      "q" : "0.02",
      "p" : "29.503",
      "s" : "buy",
      "i" : "FARM_USD",
      "m" : "4611686018430287974"
    }, {
      "d" : "1756418762841514118",
      "t" : 1756418762841,
      "tn" : 1756418762841514118,
      "q" : "0.02",
      "p" : "29.378",
      "s" : "buy",
      "i" : "FARM_USD",
      "m" : "4611686018430287973"
    }, {
      "d" : "1756417307970725794",
      "t" : 1756417307970,
      "tn" : 1756417307970725794,
      "q" : "0.45",
      "p" : "29.131",
      "s" : "sell",
      "i" : "FARM_USD",
      "m" : "4611686018430287972"
    }, {
      "d" : "1756415162841891953",
      "t" : 1756415162841,
      "tn" : 1756415162841891953,
      "q" : "0.02",
      "p" : "28.863",
      "s" : "buy",
      "i" : "FARM_USD",
      "m" : "4611686018430287971"
    }, {
      "d" : "1756412281184499912",
      "t" : 1756412281184,
      "tn" : 1756412281184499912,
      "q" : "4.97",
      "p" : "28.750",
      "s" : "sell",
      "i" : "FARM_USD",
      "m" : "4611686018430287970"
    }, {
      "d" : "1756411740215150583",
      "t" : 1756411740215,
      "tn" : 1756411740215150583,
      "q" : "11.52",
      "p" : "28.729",
      "s" : "sell",
      "i" : "FARM_USD",
      "m" : "4611686018430287969"
    }, {
      "d" : "1756411740197731794",
      "t" : 1756411740197,
      "tn" : 1756411740197731794,
      "q" : "22.09",
      "p" : "28.749",
      "s" : "sell",
      "i" : "FARM_USD",
      "m" : "4611686018430287968"
    }, {
      "d" : "1756411740197729161",
      "t" : 1756411740197,
      "tn" : 1756411740197729161,
      "q" : "0.61",
      "p" : "28.771",
      "s" : "sell",
      "i" : "FARM_USD",
      "m" : "4611686018430287967"
    }, {
      "d" : "1756411562841441101",
      "t" : 1756411562841,
      "tn" : 1756411562841441101,
      "q" : "0.02",
      "p" : "28.893",
      "s" : "buy",
      "i" : "FARM_USD",
      "m" : "4611686018430287966"
    }, {
      "d" : "1756407962841728785",
      "t" : 1756407962841,
      "tn" : 1756407962841728785,
      "q" : "0.02",
      "p" : "29.166",
      "s" : "buy",
      "i" : "FARM_USD",
      "m" : "4611686018430287965"
    }, {
      "d" : "1756404362841623595",
      "t" : 1756404362841,
      "tn" : 1756404362841623595,
      "q" : "0.02",
      "p" : "29.054",
      "s" : "buy",
      "i" : "FARM_USD",
      "m" : "4611686018430287964"
    }, {
      "d" : "1756401959340945402",
      "t" : 1756401959340,
      "tn" : 1756401959340945402,
      "q" : "22.00",
      "p" : "28.982",
      "s" : "sell",
      "i" : "FARM_USD",
      "m" : "4611686018430287963"
    }, {
      "d" : "1756401956589840736",
      "t" : 1756401956589,
      "tn" : 1756401956589840736,
      "q" : "2.67",
      "p" : "28.986",
      "s" : "buy",
      "i" : "FARM_USD",
      "m" : "4611686018430287962"
    }, {
      "d" : "1756401956587572670",
      "t" : 1756401956587,
      "tn" : 1756401956587572670,
      "q" : "29.37",
      "p" : "28.986",
      "s" : "buy",
      "i" : "FARM_USD",
      "m" : "4611686018430287961"
    }, {
      "d" : "1756401956584892439",
      "t" : 1756401956584,
      "tn" : 1756401956584892439,
      "q" : "3.52",
      "p" : "28.986",
      "s" : "buy",
      "i" : "FARM_USD",
      "m" : "4611686018430287960"
    }, {
      "d" : "1756401956578772079",
      "t" : 1756401956578,
      "tn" : 1756401956578772079,
      "q" : "3.44",
      "p" : "28.986",
      "s" : "sell",
      "i" : "FARM_USD",
      "m" : "4611686018430287959"
    }, {
      "d" : "1756401954707589637",
      "t" : 1756401954707,
      "tn" : 1756401954707589637,
      "q" : "32.22",
      "p" : "28.996",
      "s" : "buy",
      "i" : "FARM_USD",
      "m" : "4611686018430287958"
    }, {
      "d" : "1756401954705387493",
      "t" : 1756401954705,
      "tn" : 1756401954705387493,
      "q" : "3.34",
      "p" : "28.996",
      "s" : "buy",
      "i" : "FARM_USD",
      "m" : "4611686018430287957"
    }, {
      "d" : "1756401954700160192",
      "t" : 1756401954700,
      "tn" : 1756401954700160192,
      "q" : "3.44",
      "p" : "28.996",
      "s" : "sell",
      "i" : "FARM_USD",
      "m" : "4611686018430287956"
    }, {
      "d" : "1756400762841772174",
      "t" : 1756400762841,
      "tn" : 1756400762841772174,
      "q" : "0.02",
      "p" : "29.084",
      "s" : "buy",
      "i" : "FARM_USD",
      "m" : "4611686018430287955"
    }, {
      "d" : "1756400371195195988",
      "t" : 1756400371195,
      "tn" : 1756400371195195988,
      "q" : "0.64",
      "p" : "29.000",
      "s" : "sell",
      "i" : "FARM_USD",
      "m" : "4611686018430287954"
    }, {
      "d" : "1756397826533547234",
      "t" : 1756397826533,
      "tn" : 1756397826533547234,
      "q" : "1.23",
      "p" : "29.346",
      "s" : "sell",
      "i" : "FARM_USD",
      "m" : "4611686018430287953"
    }, {
      "d" : "1756397162841323736",
      "t" : 1756397162841,
      "tn" : 1756397162841323736,
      "q" : "0.01",
      "p" : "29.391",
      "s" : "buy",
      "i" : "FARM_USD",
      "m" : "4611686018430287952"
    }, {
      "d" : "1756396746364319702",
      "t" : 1756396746364,
      "tn" : 1756396746364319702,
      "q" : "0.77",
      "p" : "29.239",
      "s" : "buy",
      "i" : "FARM_USD",
      "m" : "4611686018430287951"
    }, {
      "d" : "1756393562841363279",
      "t" : 1756393562841,
      "tn" : 1756393562841363279,
      "q" : "0.01",
      "p" : "29.470",
      "s" : "buy",
      "i" : "FARM_USD",
      "m" : "4611686018430287950"
    }, {
      "d" : "1756392280682619049",
      "t" : 1756392280682,
      "tn" : 1756392280682619049,
      "q" : "3.18",
      "p" : "29.515",
      "s" : "buy",
      "i" : "FARM_USD",
      "m" : "4611686018430287949"
    }, {
      "d" : "1756389962841406186",
      "t" : 1756389962841,
      "tn" : 1756389962841406186,
      "q" : "0.01",
      "p" : "29.603",
      "s" : "buy",
      "i" : "FARM_USD",
      "m" : "4611686018430287948"
    }, {
      "d" : "1756389683218202907",
      "t" : 1756389683218,
      "tn" : 1756389683218202907,
      "q" : "2.99",
      "p" : "29.409",
      "s" : "sell",
      "i" : "FARM_USD",
      "m" : "4611686018430287947"
    }, {
      "d" : "1756386436590130287",
      "t" : 1756386436590,
      "tn" : 1756386436590130287,
      "q" : "1.00",
      "p" : "29.594",
      "s" : "buy",
      "i" : "FARM_USD",
      "m" : "4611686018430287946"
    }, {
      "d" : "1756386362841741831",
      "t" : 1756386362841,
      "tn" : 1756386362841741831,
      "q" : "0.01",
      "p" : "29.590",
      "s" : "buy",
      "i" : "FARM_USD",
      "m" : "4611686018430287945"
    }, {
      "d" : "1756384329805631180",
      "t" : 1756384329805,
      "tn" : 1756384329805631180,
      "q" : "3.10",
      "p" : "29.445",
      "s" : "sell",
      "i" : "FARM_USD",
      "m" : "4611686018430287944"
    }, {
      "d" : "1756384329646637849",
      "t" : 1756384329646,
      "tn" : 1756384329646637849,
      "q" : "35.25",
      "p" : "29.445",
      "s" : "buy",
      "i" : "FARM_USD",
      "m" : "4611686018430287943"
    }, {
      "d" : "1756384329645817786",
      "t" : 1756384329645,
      "tn" : 1756384329645817786,
      "q" : "2.63",
      "p" : "29.445",
      "s" : "buy",
      "i" : "FARM_USD",
      "m" : "4611686018430287942"
    }, {
      "d" : "1756384329643056920",
      "t" : 1756384329643,
      "tn" : 1756384329643056920,
      "q" : "1.12",
      "p" : "29.445",
      "s" : "sell",
      "i" : "FARM_USD",
      "m" : "4611686018430287941"
    }, {
      "d" : "1756382762841895820",
      "t" : 1756382762841,
      "tn" : 1756382762841895820,
      "q" : "0.01",
      "p" : "29.401",
      "s" : "buy",
      "i" : "FARM_USD",
      "m" : "4611686018430287940"
    }, {
      "d" : "1756380274271117826",
      "t" : 1756380274271,
      "tn" : 1756380274271117826,
      "q" : "1.06",
      "p" : "29.461",
      "s" : "buy",
      "i" : "FARM_USD",
      "m" : "4611686018430287939"
    }, {
      "d" : "1756379162841652165",
      "t" : 1756379162841,
      "tn" : 1756379162841652165,
      "q" : "0.01",
      "p" : "29.503",
      "s" : "buy",
      "i" : "FARM_USD",
      "m" : "4611686018430287938"
    }, {
      "d" : "1756378982026764809",
      "t" : 1756378982026,
      "tn" : 1756378982026764809,
      "q" : "0.74",
      "p" : "29.501",
      "s" : "sell",
      "i" : "FARM_USD",
      "m" : "4611686018430287937"
    }, {
      "d" : "1756378981916633646",
      "t" : 1756378981916,
      "tn" : 1756378981916633646,
      "q" : "1.39",
      "p" : "29.500",
      "s" : "sell",
      "i" : "FARM_USD",
      "m" : "4611686018430287936"
    }, {
      "d" : "1756378981916631411",
      "t" : 1756378981916,
      "tn" : 1756378981916631411,
      "q" : "2.47",
      "p" : "29.501",
      "s" : "sell",
      "i" : "FARM_USD",
      "m" : "4611686018430287935"
    }, {
      "d" : "1756375562841603398",
      "t" : 1756375562841,
      "tn" : 1756375562841603398,
      "q" : "0.01",
      "p" : "29.518",
      "s" : "buy",
      "i" : "FARM_USD",
      "m" : "4611686018430287934"
    } ]
  }
}