{
  "id" : -1,
  "method" : "public/get-trades",
  "code" : 0,
  "result" : {
    "data" : [ {
      "d" : "1756460971044416814",
      "t" : 1756460971044,
      "tn" : 1756460971044416814,
      "q" : "1",
      "p" : "0.79664",
      "s" : "sell",
      "i" : "FARTCOINUSD-PERP",
      "m" : "4611686018427862872"
    }, {
      "d" : "1756460945435632726",
      "t" : 1756460945435,
      "tn" : 1756460945435632726,
      "q" : "1",
      "p" : "0.79552",
      "s" : "sell",
      "i" : "FARTCOINUSD-PERP",
      "m" : "4611686018427862871"
    }, {
      "d" : "1756460945219808985",
      "t" : 1756460945219,
      "tn" : 1756460945219808985,
      "q" : "1",
      "p" : "0.79590",
      "s" : "sell",
      "i" : "FARTCOINUSD-PERP",
      "m" : "4611686018427862870"
    }, {
      "d" : "1756460944905839988",
      "t" : 1756460944905,
      "tn" : 1756460944905839988,
      "q" : "1",
      "p" : "0.79600",
      "s" : "sell",
      "i" : "FARTCOINUSD-PERP",
      "m" : "4611686018427862869"
    }, {
      "d" : "1756460944660780700",
      "t" : 1756460944660,
      "tn" : 1756460944660780700,
      "q" : "1",
      "p" : "0.79640",
      "s" : "sell",
      "i" : "FARTCOINUSD-PERP",
      "m" : "4611686018427862868"
    }, {
      "d" : "1756460944480518166",
      "t" : 1756460944480,
      "tn" : 1756460944480518166,
      "q" : "1",
      "p" : "0.79632",
      "s" : "sell",
      "i" : "FARTCOINUSD-PERP",
      "m" : "4611686018427862867"
    }, {
      "d" : "1756460944440698116",
      "t" : 1756460944440,
      "tn" : 1756460944440698116,
      "q" : "1",
      "p" : "0.79616",
      "s" : "sell",
      "i" : "FARTCOINUSD-PERP",
      "m" : "4611686018427862866"
    }, {
      "d" : "1756460944390149503",
      "t" : 1756460944390,
      "tn" : 1756460944390149503,
      "q" : "1",
      "p" : "0.79648",
      "s" : "sell",
      "i" : "FARTCOINUSD-PERP",
      "m" : "4611686018427862865"
    }, {
      "d" : "1756460944323791443",
      "t" : 1756460944323,
      "tn" : 1756460944323791443,
      "q" : "1",
      "p" : "0.79652",
      "s" : "sell",
      "i" : "FARTCOINUSD-PERP",
      "m" : "4611686018427862864"
    }, {
      "d" : "1756460943801288531",
      "t" : 1756460943801,
      "tn" : 1756460943801288531,
      "q" : "1",
      "p" : "0.79672",
      "s" : "sell",
      "i" : "FARTCOINUSD-PERP",
      "m" : "4611686018427862863"
    }, {
      "d" : "1756460942759737379",
      "t" : 1756460942759,
      "tn" : 1756460942759737379,
      "q" : "1",
      "p" : "0.79696",
      "s" : "sell",
      "i" : "FARTCOINUSD-PERP",
      "m" : "4611686018427862862"
    }, {
      "d" : "1756460940039067721",
      "t" : 1756460940039,
      "tn" : 1756460940039067721,
      "q" : "1",
      "p" : "0.79672",
      "s" : "sell",
      "i" : "FARTCOINUSD-PERP",
      "m" : "4611686018427862861"
    }, {
      "d" : "1756460929233073166",
      "t" : 1756460929233,
      "tn" : 1756460929233073166,
      "q" : "1",
      "p" : "0.79680",
      "s" : "sell",
      "i" : "FARTCOINUSD-PERP",
      "m" : "4611686018427862860"
    }, {
      "d" : "1756460926625761141",
      "t" : 1756460926625,
      "tn" : 1756460926625761141,
      "q" : "1",
      "p" : "0.79720",
      "s" : "sell",
      "i" : "FARTCOINUSD-PERP",
      "m" : "4611686018427862859"
    }, {
      "d" : "1756460914790728469",
      "t" : 1756460914790,
      "tn" : 1756460914790728469,
      "q" : "1",
      "p" : "0.79728",
      "s" : "sell",
      "i" : "FARTCOINUSD-PERP",
      "m" : "4611686018427862858"
    }, {
      "d" : "1756460913783572569",
      "t" : 1756460913783,
      "tn" : 1756460913783572569,
      "q" : "1",
      "p" : "0.79760",
      "s" : "sell",
      "i" : "FARTCOINUSD-PERP",
      "m" : "4611686018427862857"
    }, {
      "d" : "1756460898635531781",
      "t" : 1756460898635,
      "tn" : 1756460898635531781,
      "q" : "1",
      "p" : "0.79680",
      "s" : "sell",
      "i" : "FARTCOINUSD-PERP",
      "m" : "4611686018427862856"
    }, {
      "d" : "1756460898095911153",
      "t" : 1756460898095,
      "tn" : 1756460898095911153,
      "q" : "202",
      "p" : "0.79647",
      "s" : "sell",
      "i" : "FARTCOINUSD-PERP",
      "m" : "4611686018427862855"
    }, {
      "d" : "1756460898095909766",
      "t" : 1756460898095,
      "tn" : 1756460898095909766,
      "q" : "1018",
      "p" : "0.79647",
      "s" : "sell",
      "i" : "FARTCOINUSD-PERP",
      "m" : "4611686018427862854"
    }, {
      "d" : "1756460898095369791",
      "t" : 1756460898095,
      "tn" : 1756460898095369791,
      "q" : "202",
      "p" : "0.79647",
      "s" : "sell",
      "i" : "FARTCOINUSD-PERP",
      "m" : "4611686018427862853"
    }, {
      "d" : "1756460898092884908",
      "t" : 1756460898092,
      "tn" : 1756460898092884908,
      "q" : "1",
      "p" : "0.79678",
      "s" : "sell",
      "i" : "FARTCOINUSD-PERP",
      "m" : "4611686018427862852"
    }, {
      "d" : "1756460898092882491",
      "t" : 1756460898092,
      "tn" : 1756460898092882491,
      "q" : "1",
      "p" : "0.79683",
      "s" : "sell",
      "i" : "FARTCOINUSD-PERP",
      "m" : "4611686018427862851"
    }, {
      "d" : "1756460897910857081",
      "t" : 1756460897910,
      "tn" : 1756460897910857081,
      "q" : "1",
      "p" : "0.79720",
      "s" : "sell",
      "i" : "FARTCOINUSD-PERP",
      "m" : "4611686018427862850"
    }, {
      "d" : "1756460851719365464",
      "t" : 1756460851719,
      "tn" : 1756460851719365464,
      "q" : "1",
      "p" : "0.79632",
      "s" : "sell",
      "i" : "FARTCOINUSD-PERP",
      "m" : "4611686018427862849"
    }, {
      "d" : "1756460828251633467",
      "t" : 1756460828251,
      "tn" : 1756460828251633467,
      "q" : "1",
      "p" : "0.79552",
      "s" : "sell",
      "i" : "FARTCOINUSD-PERP",
      "m" : "4611686018427862848"
    }, {
      "d" : "1756460807721804153",
      "t" : 1756460807721,
      "tn" : 1756460807721804153,
      "q" : "1",
      "p" : "0.79472",
      "s" : "sell",
      "i" : "FARTCOINUSD-PERP",
      "m" : "4611686018427862847"
    }, {
      "d" : "1756460807659664380",
      "t" : 1756460807659,
      "tn" : 1756460807659664380,
      "q" : "1",
      "p" : "0.79450",
      "s" : "sell",
      "i" : "FARTCOINUSD-PERP",
      "m" : "4611686018427862846"
    }, {
      "d" : "1756460807659138715",
      "t" : 1756460807659,
      "tn" : 1756460807659138715,
      "q" : "1",
      "p" : "0.79455",
      "s" : "sell",
      "i" : "FARTCOINUSD-PERP",
      "m" : "4611686018427862845"
    }, {
      "d" : "1756460807451912782",
      "t" : 1756460807451,
      "tn" : 1756460807451912782,
      "q" : "1",
      "p" : "0.79465",
      "s" : "sell",
      "i" : "FARTCOINUSD-PERP",
      "m" : "4611686018427862844"
    }, {
      "d" : "1756460805856059307",
      "t" : 1756460805856,
      "tn" : 1756460805856059307,
      "q" : "1",
      "p" : "0.79465",
      "s" : "sell",
      "i" : "FARTCOINUSD-PERP",
      "m" : "4611686018427862843"
    }, {
      "d" : "1756460805559916238",
      "t" : 1756460805559,
      "tn" : 1756460805559916238,
      "q" : "1",
      "p" : "0.79488",
      "s" : "sell",
      "i" : "FARTCOINUSD-PERP",
      "m" : "4611686018427862842"
    }, {
      "d" : "1756460805457563088",
      "t" : 1756460805457,
      "tn" : 1756460805457563088,
      "q" : "1",
      "p" : "0.79471",
      "s" : "sell",
      "i" : "FARTCOINUSD-PERP",
      "m" : "4611686018427862841"
    }, {
      "d" : "1756460805457105319",
      "t" : 1756460805457,
      "tn" : 1756460805457105319,
      "q" : "1",
      "p" : "0.79476",
      "s" : "sell",
      "i" : "FARTCOINUSD-PERP",
      "m" : "4611686018427862840"
    }, {
      "d" : "1756460805282074742",
      "t" : 1756460805282,
      "tn" : 1756460805282074742,
      "q" : "1",
      "p" : "0.79496",
      "s" : "sell",
      "i" : "FARTCOINUSD-PERP",
      "m" : "4611686018427862839"
    }, {
      "d" : "1756460804826688845",
      "t" : 1756460804826,
      "tn" : 1756460804826688845,
      "q" : "1",
      "p" : "0.79512",
      "s" : "sell",
      "i" : "FARTCOINUSD-PERP",
      "m" : "4611686018427862838"
    }, {
      "d" : "1756460804639723452",
      "t" : 1756460804639,
      "tn" : 1756460804639723452,
      "q" : "1",
      "p" : "0.79520",
      "s" : "sell",
      "i" : "FARTCOINUSD-PERP",
      "m" : "4611686018427862837"
    }, {
      "d" : "1756460803801233884",
      "t" : 1756460803801,
      "tn" : 1756460803801233884,
      "q" : "1",
      "p" : "0.79512",
      "s" : "sell",
      "i" : "FARTCOINUSD-PERP",
      "m" : "4611686018427862836"
    }, {
      "d" : "1756460803714233770",
      "t" : 1756460803714,
      "tn" : 1756460803714233770,
      "q" : "1",
      "p" : "0.79496",
      "s" : "sell",
      "i" : "FARTCOINUSD-PERP",
      "m" : "4611686018427862835"
    }, {
      "d" : "1756460803610096031",
      "t" : 1756460803610,
      "tn" : 1756460803610096031,
      "q" : "1",
      "p" : "0.79520",
      "s" : "sell",
      "i" : "FARTCOINUSD-PERP",
      "m" : "4611686018427862834"
    }, {
      "d" : "1756460803566779773",
      "t" : 1756460803566,
      "tn" : 1756460803566779773,
      "q" : "1",
      "p" : "0.79503",
      "s" : "sell",
      "i" : "FARTCOINUSD-PERP",
      "m" : "4611686018427862833"
    }, {
      "d" : "1756460803546089747",
      "t" : 1756460803546,
      "tn" : 1756460803546089747,
      "q" : "1",
      "p" : "0.79528",
      "s" : "sell",
      "i" : "FARTCOINUSD-PERP",
      "m" : "4611686018427862832"
    }, {
      "d" : "1756460803486357823",
      "t" : 1756460803486,
      "tn" : 1756460803486357823,
      "q" : "1",
      "p" : "0.79558",
      "s" : "sell",
      "i" : "FARTCOINUSD-PERP",
      "m" : "4611686018427862831"
    }, {
      "d" : "1756460799760857893",
      "t" : 1756460799760,
      "tn" : 1756460799760857893,
      "q" : "1",
      "p" : "0.79538",
      "s" : "sell",
      "i" : "FARTCOINUSD-PERP",
      "m" : "4611686018427862830"
    }, {
      "d" : "1756460799668218644",
      "t" : 1756460799668,
      "tn" : 1756460799668218644,
      "q" : "1",
      "p" : "0.79558",
      "s" : "sell",
      "i" : "FARTCOINUSD-PERP",
      "m" : "4611686018427862829"
    }, {
      "d" : "1756460796367649604",
      "t" : 1756460796367,
      "tn" : 1756460796367649604,
      "q" : "1",
      "p" : "0.79584",
      "s" : "sell",
      "i" : "FARTCOINUSD-PERP",
      "m" : "4611686018427862828"
    }, {
      "d" : "1756460776319827309",
      "t" : 1756460776319,
      "tn" : 1756460776319827309,
      "q" : "1",
      "p" : "0.79488",
      "s" : "sell",
      "i" : "FARTCOINUSD-PERP",
      "m" : "4611686018427862827"
    }, {
      "d" : "1756460773279612616",
      "t" : 1756460773279,
      "tn" : 1756460773279612616,
      "q" : "1",
      "p" : "0.79472",
      "s" : "sell",
      "i" : "FARTCOINUSD-PERP",
      "m" : "4611686018427862826"
    }, {
      "d" : "1756460771759775993",
      "t" : 1756460771759,
      "tn" : 1756460771759775993,
      "q" : "1",
      "p" : "0.79504",
      "s" : "sell",
      "i" : "FARTCOINUSD-PERP",
      "m" : "4611686018427862825"
    }, {
      "d" : "1756460767899881835",
      "t" : 1756460767899,
      "tn" : 1756460767899881835,
      "q" : "1",
      "p" : "0.79480",
      "s" : "sell",
      "i" : "FARTCOINUSD-PERP",
      "m" : "4611686018427862824"
    }, {
      "d" : "1756460763405909413",
      "t" : 1756460763405,
      "tn" : 1756460763405909413,
      "q" : "1",
      "p" : "0.79512",
      "s" : "sell",
      "i" : "FARTCOINUSD-PERP",
      "m" : "4611686018427862823"
    }, {
      "d" : "1756460707508182133",
      "t" : 1756460707508,
      "tn" : 1756460707508182133,
      "q" : "1",
      "p" : "0.79328",
      "s" : "sell",
      "i" : "FARTCOINUSD-PERP",
      "m" : "4611686018427862822"
    }, {
      "d" : "1756460707436244725",
      "t" : 1756460707436,
      "tn" : 1756460707436244725,
      "q" : "1",
      "p" : "0.79324",
      "s" : "sell",
      "i" : "FARTCOINUSD-PERP",
      "m" : "4611686018427862821"
    }, {
      "d" : "1756460707434032923",
      "t" : 1756460707434,
      "tn" : 1756460707434032923,
      "q" : "1",
      "p" : "0.79330",
      "s" : "sell",
      "i" : "FARTCOINUSD-PERP",
      "m" : "4611686018427862820"
    }, {
      "d" : "1756460707305944164",
      "t" : 1756460707305,
      "tn" : 1756460707305944164,
      "q" : "1",
      "p" : "0.79350",
      "s" : "sell",
      "i" : "FARTCOINUSD-PERP",
      "m" : "4611686018427862819"
    }, {
      "d" : "1756460704561369769",
      "t" : 1756460704561,
      "tn" : 1756460704561369769,
      "q" : "1",
      "p" : "0.79368",
      "s" : "sell",
      "i" : "FARTCOINUSD-PERP",
      "m" : "4611686018427862818"
    }, {
      "d" : "1756460689603105118",
      "t" : 1756460689603,
      "tn" : 1756460689603105118,
      "q" : "1",
      "p" : "0.79392",
      "s" : "sell",
      "i" : "FARTCOINUSD-PERP",
      "m" : "4611686018427862817"
    }, {
      "d" : "1756460678479772583",
      "t" : 1756460678479,
      "tn" : 1756460678479772583,
      "q" : "1",
      "p" : "0.79384",
      "s" : "sell",
      "i" : "FARTCOINUSD-PERP",
      "m" : "4611686018427862816"
    }, {
      "d" : "1756460673599914819",
      "t" : 1756460673599,
      "tn" : 1756460673599914819,
      "q" : "1",
      "p" : "0.79392",
      "s" : "sell",
      "i" : "FARTCOINUSD-PERP",
      "m" : "4611686018427862815"
    }, {
      "d" : "1756460669649972873",
      "t" : 1756460669649,
      "tn" : 1756460669649972873,
      "q" : "1",
      "p" : "0.79384",
      "s" : "sell",
      "i" : "FARTCOINUSD-PERP",
      "m" : "4611686018427862814"
    }, {
      "d" : "1756460648560092413",
      "t" : 1756460648560,
      "tn" : 1756460648560092413,
      "q" : "1",
      "p" : "0.79344",
      "s" : "sell",
      "i" : "FARTCOINUSD-PERP",
      "m" : "4611686018427862813"
    }, {
      "d" : "1756460633300572715",
      "t" : 1756460633300,
      "tn" : 1756460633300572715,
      "q" : "1",
      "p" : "0.79304",
      "s" : "sell",
      "i" : "FARTCOINUSD-PERP",
      "m" : "4611686018427862812"
    }, {
      "d" : "1756460628020183096",
      "t" : 1756460628020,
      "tn" : 1756460628020183096,
      "q" : "1",
      "p" : "0.79320",
      "s" : "sell",
      "i" : "FARTCOINUSD-PERP",
      "m" : "4611686018427862811"
    }, {
      "d" : "1756460627846194536",
      "t" : 1756460627846,
      "tn" : 1756460627846194536,
      "q" : "1",
      "p" : "0.79328",
      "s" : "sell",
      "i" : "FARTCOINUSD-PERP",
      "m" : "4611686018427862810"
    }, {
      "d" : "1756460620715761186",
      "t" : 1756460620715,
      "tn" : 1756460620715761186,
      "q" : "1",
      "p" : "0.79360",
      "s" : "sell",
      "i" : "FARTCOINUSD-PERP",
      "m" : "4611686018427862809"
    }, {
      "d" : "1756460572384391595",
      "t" : 1756460572384,
      "tn" : 1756460572384391595,
      "q" : "1",
      "p" : "0.79184",
      "s" : "sell",
      "i" : "FARTCOINUSD-PERP",
      "m" : "4611686018427862808"
    }, {
      "d" : "1756460525446355708",
      "t" : 1756460525446,
      "tn" : 1756460525446355708,
      "q" : "63",
      "p" : "0.79360",
      "s" : "buy",
      "i" : "FARTCOINUSD-PERP",
      "m" : "4611686018427862807"
    }, {
      "d" : "1756460525446353324",
      "t" : 1756460525446,
      "tn" : 1756460525446353324,
      "q" : "62",
      "p" : "0.79344",
      "s" : "buy",
      "i" : "FARTCOINUSD-PERP",
      "m" : "4611686018427862806"
    }, {
      "d" : "1756460525446351210",
      "t" : 1756460525446,
      "tn" : 1756460525446351210,
      "q" : "63",
      "p" : "0.79328",
      "s" : "buy",
      "i" : "FARTCOINUSD-PERP",
      "m" : "4611686018427862805"
    }, {
      "d" : "1756460525441676646",
      "t" : 1756460525441,
      "tn" : 1756460525441676646,
      "q" : "14",
      "p" : "0.79312",
      "s" : "buy",
      "i" : "FARTCOINUSD-PERP",
      "m" : "4611686018427862804"
    }, {
      "d" : "1756460525441575783",
      "t" : 1756460525441,
      "tn" : 1756460525441575783,
      "q" : "1416",
      "p" : "0.79312",
      "s" : "buy",
      "i" : "FARTCOINUSD-PERP",
      "m" : "4611686018427862803"
    }, {
      "d" : "1756460525441573325",
      "t" : 1756460525441,
      "tn" : 1756460525441573325,
      "q" : "1",
      "p" : "0.79248",
      "s" : "buy",
      "i" : "FARTCOINUSD-PERP",
      "m" : "4611686018427862802"
    }, {
      "d" : "1756460525441572760",
      "t" : 1756460525441,
      "tn" : 1756460525441572760,
      "q" : "1",
      "p" : "0.79177",
      "s" : "buy",
      "i" : "FARTCOINUSD-PERP",
      "m" : "4611686018427862801"
    }, {
      "d" : "1756460512662425619",
      "t" : 1756460512662,
      "tn" : 1756460512662425619,
      "q" : "1",
      "p" : "0.79192",
      "s" : "sell",
      "i" : "FARTCOINUSD-PERP",
      "m" : "4611686018427862800"
    }, {
      "d" : "1756460506981966527",
      "t" : 1756460506981,
      "tn" : 1756460506981966527,
      "q" : "1",
      "p" : "0.79232",
      "s" : "sell",
      "i" : "FARTCOINUSD-PERP",
      "m" : "4611686018427862799"
    }, {
      "d" : "1756460502303014431",
      "t" : 1756460502303,
      "tn" : 1756460502303014431,
      "q" : "1",
      "p" : "0.79218",
      "s" : "sell",
      "i" : "FARTCOINUSD-PERP",
      "m" : "4611686018427862798"
    }, {
      "d" : "1756460500959928379",
      "t" : 1756460500959,
      "tn" : 1756460500959928379,
      "q" : "1",
      "p" : "0.79232",
      "s" : "sell",
      "i" : "FARTCOINUSD-PERP",
      "m" : "4611686018427862797"
    }, {
      "d" : "1756460493779855324",
      "t" : 1756460493779,
      "tn" : 1756460493779855324,
      "q" : "1",
      "p" : "0.79232",
      "s" : "sell",
      "i" : "FARTCOINUSD-PERP",
      "m" : "4611686018427862796"
    }, {
      "d" : "1756460493380715126",
      "t" : 1756460493380,
      "tn" : 1756460493380715126,
      "q" : "1",
      "p" : "0.79240",
      "s" : "sell",
      "i" : "FARTCOINUSD-PERP",
      "m" : "4611686018427862795"
    }, {
      "d" : "1756460484859124423",
      "t" : 1756460484859,
      "tn" : 1756460484859124423,
      "q" : "1",
      "p" : "0.79280",
      "s" : "sell",
      "i" : "FARTCOINUSD-PERP",
      "m" : "4611686018427862794"
    }, {
      "d" : "1756460484800442655",
      "t" : 1756460484800,
      "tn" : 1756460484800442655,
      "q" : "1",
      "p" : "0.79254",
      "s" : "sell",
      "i" : "FARTCOINUSD-PERP",
      "m" : "4611686018427862793"
    }, {
      "d" : "1756460484799978007",
      "t" : 1756460484799,
      "tn" : 1756460484799978007,
      "q" : "1",
      "p" : "0.79260",
      "s" : "sell",
      "i" : "FARTCOINUSD-PERP",
      "m" : "4611686018427862792"
    }, {
      "d" : "1756460484726788087",
      "t" : 1756460484726,
      "tn" : 1756460484726788087,
      "q" : "1",
      "p" : "0.79290",
      "s" : "sell",
      "i" : "FARTCOINUSD-PERP",
      "m" : "4611686018427862791"
    }, {
      "d" : "1756460482416364443",
      "t" : 1756460482416,
      "tn" : 1756460482416364443,
      "q" : "1",
      "p" : "0.79310",
      "s" : "sell",
      "i" : "FARTCOINUSD-PERP",
      "m" : "4611686018427862790"
    }, {
      "d" : "1756460480210033066",
      "t" : 1756460480210,
      "tn" : 1756460480210033066,
      "q" : "1",
      "p" : "0.79336",
      "s" : "sell",
      "i" : "FARTCOINUSD-PERP",
      "m" : "4611686018427862789"
    }, {
      "d" : "1756460474561659512",
      "t" : 1756460474561,
      "tn" : 1756460474561659512,
      "q" : "1",
      "p" : "0.79360",
      "s" : "sell",
      "i" : "FARTCOINUSD-PERP",
      "m" : "4611686018427862788"
    }, {
      "d" : "1756460473292327736",
      "t" : 1756460473292,
      "tn" : 1756460473292327736,
      "q" : "1",
      "p" : "0.79384",
      "s" : "sell",
      "i" : "FARTCOINUSD-PERP",
      "m" : "4611686018427862787"
    }, {
      "d" : "1756460464810525958",
      "t" : 1756460464810,
      "tn" : 1756460464810525958,
      "q" : "1",
      "p" : "0.79368",
      "s" : "sell",
      "i" : "FARTCOINUSD-PERP",
      "m" : "4611686018427862786"
    }, {
      "d" : "1756460424696576807",
      "t" : 1756460424696,
      "tn" : 1756460424696576807,
      "q" : "1",
      "p" : "0.79256",
      "s" : "sell",
      "i" : "FARTCOINUSD-PERP",
      "m" : "4611686018427862785"
    }, {
      "d" : "1756460389011843404",
      "t" : 1756460389011,
      "tn" : 1756460389011843404,
      "q" : "1",
      "p" : "0.79112",
      "s" : "sell",
      "i" : "FARTCOINUSD-PERP",
      "m" : "4611686018427862784"
    }, {
      "d" : "1756460367266805233",
      "t" : 1756460367266,
      "tn" : 1756460367266805233,
      "q" : "1",
      "p" : "0.78992",
      "s" : "sell",
      "i" : "FARTCOINUSD-PERP",
      "m" : "4611686018427862783"
    }, {
      "d" : "1756460361910968447",
      "t" : 1756460361910,
      "tn" : 1756460361910968447,
      "q" : "1",
      "p" : "0.78946",
      "s" : "sell",
      "i" : "FARTCOINUSD-PERP",
      "m" : "4611686018427862782"
    }, {
      "d" : "1756460361910535752",
      "t" : 1756460361910,
      "tn" : 1756460361910535752,
      "q" : "1",
      "p" : "0.78951",
      "s" : "sell",
      "i" : "FARTCOINUSD-PERP",
      "m" : "4611686018427862781"
    }, {
      "d" : "1756460361091768851",
      "t" : 1756460361091,
      "tn" : 1756460361091768851,
      "q" : "1",
      "p" : "0.78976",
      "s" : "sell",
      "i" : "FARTCOINUSD-PERP",
      "m" : "4611686018427862780"
    }, {
      "d" : "1756460360029751941",
      "t" : 1756460360029,
      "tn" : 1756460360029751941,
      "q" : "1",
      "p" : "0.78984",
      "s" : "sell",
      "i" : "FARTCOINUSD-PERP",
      "m" : "4611686018427862779"
    }, {
      "d" : "1756460359620022760",
      "t" : 1756460359620,
      "tn" : 1756460359620022760,
      "q" : "1",
      "p" : "0.78948",
      "s" : "sell",
      "i" : "FARTCOINUSD-PERP",
      "m" : "4611686018427862778"
    }, {
      "d" : "1756460359619630306",
      "t" : 1756460359619,
      "tn" : 1756460359619630306,
      "q" : "1",
      "p" : "0.78953",
      "s" : "sell",
      "i" : "FARTCOINUSD-PERP",
      "m" : "4611686018427862777"
    }, {
      "d" : "1756460359500985254",
      "t" : 1756460359500,
      "tn" : 1756460359500985254,
      "q" : "1",
      "p" : "0.78968",
      "s" : "sell",
      "i" : "FARTCOINUSD-PERP",
      "m" : "4611686018427862776"
    }, {
      "d" : "1756460359442478652",
      "t" : 1756460359442,
      "tn" : 1756460359442478652,
      "q" : "1",
      "p" : "0.78949",
      "s" : "sell",
      "i" : "FARTCOINUSD-PERP",
      "m" : "4611686018427862775"
    }, {
      "d" : "1756460359442019244",
      "t" : 1756460359442,
      "tn" : 1756460359442019244,
      "q" : "1",
      "p" : "0.78955",
      "s" : "sell",
      "i" : "FARTCOINUSD-PERP",
      "m" : "4611686018427862774"
    }, {
      "d" : "1756460359020348970",
      "t" : 1756460359020,
      "tn" : 1756460359020348970,
      "q" : "1",
      "p" : "0.78976",
      "s" : "sell",
      "i" : "FARTCOINUSD-PERP",
      "m" : "4611686018427862773"
    }, {
      "d" : "1756460358871896991",
      "t" : 1756460358871,
      "tn" : 1756460358871896991,
      "q" : "1",
      "p" : "0.78975",
      "s" : "sell",
      "i" : "FARTCOINUSD-PERP",
      "m" : "4611686018427862772"
    }, {
      "d" : "1756460358036315440",
      "t" : 1756460358036,
      "tn" : 1756460358036315440,
      "q" : "1",
      "p" : "0.78992",
      "s" : "sell",
      "i" : "FARTCOINUSD-PERP",
      "m" : "4611686018427862771"
    }, {
      "d" : "1756460350878729617",
      "t" : 1756460350878,
      "tn" : 1756460350878729617,
      "q" : "1",
      "p" : "0.78976",
      "s" : "sell",
      "i" : "FARTCOINUSD-PERP",
      "m" : "4611686018427862770"
    }, {
      "d" : "1756460350582260025",
      "t" : 1756460350582,
      "tn" : 1756460350582260025,
      "q" : "1",
      "p" : "0.78965",
      "s" : "sell",
      "i" : "FARTCOINUSD-PERP",
      "m" : "4611686018427862769"
    }, {
      "d" : "1756460349870213058",
      "t" : 1756460349870,
      "tn" : 1756460349870213058,
      "q" : "1",
      "p" : "0.78984",
      "s" : "sell",
      "i" : "FARTCOINUSD-PERP",
      "m" : "4611686018427862768"
    }, {
      "d" : "1756460348297484638",
      "t" : 1756460348297,
      "tn" : 1756460348297484638,
      "q" : "1",
      "p" : "0.79008",
      "s" : "sell",
      "i" : "FARTCOINUSD-PERP",
      "m" : "4611686018427862767"
    }, {
      "d" : "1756460348201143615",
      "t" : 1756460348201,
      "tn" : 1756460348201143615,
      "q" : "1",
      "p" : "0.79024",
      "s" : "sell",
      "i" : "FARTCOINUSD-PERP",
      "m" : "4611686018427862766"
    }, {
      "d" : "1756460346340348013",
      "t" : 1756460346340,
      "tn" : 1756460346340348013,
      "q" : "1",
      "p" : "0.79016",
      "s" : "sell",
      "i" : "FARTCOINUSD-PERP",
      "m" : "4611686018427862765"
    }, {
      "d" : "1756460346280145282",
      "t" : 1756460346280,
      "tn" : 1756460346280145282,
      "q" : "1",
      "p" : "0.78991",
      "s" : "sell",
      "i" : "FARTCOINUSD-PERP",
      "m" : "4611686018427862764"
    }, {
      "d" : "1756460346279756969",
      "t" : 1756460346279,
      "tn" : 1756460346279756969,
      "q" : "1",
      "p" : "0.79006",
      "s" : "sell",
      "i" : "FARTCOINUSD-PERP",
      "m" : "4611686018427862763"
    }, {
      "d" : "1756460344856829382",
      "t" : 1756460344856,
      "tn" : 1756460344856829382,
      "q" : "1",
      "p" : "0.79040",
      "s" : "sell",
      "i" : "FARTCOINUSD-PERP",
      "m" : "4611686018427862762"
    }, {
      "d" : "1756460334035867886",
      "t" : 1756460334035,
      "tn" : 1756460334035867886,
      "q" : "1",
      "p" : "0.78973",
      "s" : "sell",
      "i" : "FARTCOINUSD-PERP",
      "m" : "4611686018427862761"
    }, {
      "d" : "1756460334035478135",
      "t" : 1756460334035,
      "tn" : 1756460334035478135,
      "q" : "1",
      "p" : "0.78978",
      "s" : "sell",
      "i" : "FARTCOINUSD-PERP",
      "m" : "4611686018427862760"
    }, {
      "d" : "1756460333849240310",
      "t" : 1756460333849,
      "tn" : 1756460333849240310,
      "q" : "1",
      "p" : "0.78992",
      "s" : "sell",
      "i" : "FARTCOINUSD-PERP",
      "m" : "4611686018427862759"
    }, {
      "d" : "1756460333742023919",
      "t" : 1756460333742,
      "tn" : 1756460333742023919,
      "q" : "1",
      "p" : "0.78974",
      "s" : "sell",
      "i" : "FARTCOINUSD-PERP",
      "m" : "4611686018427862758"
    }, {
      "d" : "1756460333741638168",
      "t" : 1756460333741,
      "tn" : 1756460333741638168,
      "q" : "1",
      "p" : "0.78980",
      "s" : "sell",
      "i" : "FARTCOINUSD-PERP",
      "m" : "4611686018427862757"
    }, {
      "d" : "1756460333009855165",
      "t" : 1756460333009,
      "tn" : 1756460333009855165,
      "q" : "1",
      "p" : "0.78992",
      "s" : "sell",
      "i" : "FARTCOINUSD-PERP",
      "m" : "4611686018427862756"
    }, {
      "d" : "1756460332350785698",
      "t" : 1756460332350,
      "tn" : 1756460332350785698,
      "q" : "1",
      "p" : "0.79000",
      "s" : "sell",
      "i" : "FARTCOINUSD-PERP",
      "m" : "4611686018427862755"
    }, {
      "d" : "1756460331623872225",
      "t" : 1756460331623,
      "tn" : 1756460331623872225,
      "q" : "1",
      "p" : "0.79016",
      "s" : "sell",
      "i" : "FARTCOINUSD-PERP",
      "m" : "4611686018427862754"
    }, {
      "d" : "1756460331377748069",
      "t" : 1756460331377,
      "tn" : 1756460331377748069,
      "q" : "1",
      "p" : "0.79006",
      "s" : "sell",
      "i" : "FARTCOINUSD-PERP",
      "m" : "4611686018427862753"
    }, {
      "d" : "1756460331377227262",
      "t" : 1756460331377,
      "tn" : 1756460331377227262,
      "q" : "1",
      "p" : "0.79016",
      "s" : "sell",
      "i" : "FARTCOINUSD-PERP",
      "m" : "4611686018427862752"
    }, {
      "d" : "1756460329440277283",
      "t" : 1756460329440,
      "tn" : 1756460329440277283,
      "q" : "1",
      "p" : "0.79011",
      "s" : "sell",
      "i" : "FARTCOINUSD-PERP",
      "m" : "4611686018427862751"
    }, {
      "d" : "1756460326359848011",
      "t" : 1756460326359,
      "tn" : 1756460326359848011,
      "q" : "1",
      "p" : "0.79031",
      "s" : "sell",
      "i" : "FARTCOINUSD-PERP",
      "m" : "4611686018427862750"
    }, {
      "d" : "1756460318633688685",
      "t" : 1756460318633,
      "tn" : 1756460318633688685,
      "q" : "1",
      "p" : "0.79001",
      "s" : "sell",
      "i" : "FARTCOINUSD-PERP",
      "m" : "4611686018427862749"
    }, {
      "d" : "1756460317331127142",
      "t" : 1756460317331,
      "tn" : 1756460317331127142,
      "q" : "1",
      "p" : "0.79016",
      "s" : "sell",
      "i" : "FARTCOINUSD-PERP",
      "m" : "4611686018427862748"
    }, {
      "d" : "1756460317270534934",
      "t" : 1756460317270,
      "tn" : 1756460317270534934,
      "q" : "1",
      "p" : "0.78997",
      "s" : "sell",
      "i" : "FARTCOINUSD-PERP",
      "m" : "4611686018427862747"
    }, {
      "d" : "1756460317270009859",
      "t" : 1756460317270,
      "tn" : 1756460317270009859,
      "q" : "1",
      "p" : "0.79003",
      "s" : "sell",
      "i" : "FARTCOINUSD-PERP",
      "m" : "4611686018427862746"
    }, {
      "d" : "1756460316570808862",
      "t" : 1756460316570,
      "tn" : 1756460316570808862,
      "q" : "1",
      "p" : "0.79016",
      "s" : "sell",
      "i" : "FARTCOINUSD-PERP",
      "m" : "4611686018427862745"
    }, {
      "d" : "1756460314793341823",
      "t" : 1756460314793,
      "tn" : 1756460314793341823,
      "q" : "1",
      "p" : "0.79033",
      "s" : "sell",
      "i" : "FARTCOINUSD-PERP",
      "m" : "4611686018427862744"
    }, {
      "d" : "1756460313897537932",
      "t" : 1756460313897,
      "tn" : 1756460313897537932,
      "q" : "1",
      "p" : "0.79043",
      "s" : "sell",
      "i" : "FARTCOINUSD-PERP",
      "m" : "4611686018427862743"
    }, {
      "d" : "1756460313750293984",
      "t" : 1756460313750,
      "tn" : 1756460313750293984,
      "q" : "1",
      "p" : "0.79072",
      "s" : "sell",
      "i" : "FARTCOINUSD-PERP",
      "m" : "4611686018427862742"
    }, {
      "d" : "1756460303626446801",
      "t" : 1756460303626,
      "tn" : 1756460303626446801,
      "q" : "1",
      "p" : "0.79063",
      "s" : "sell",
      "i" : "FARTCOINUSD-PERP",
      "m" : "4611686018427862741"
    }, {
      "d" : "1756460303555006355",
      "t" : 1756460303555,
      "tn" : 1756460303555006355,
      "q" : "1",
      "p" : "0.79088",
      "s" : "sell",
      "i" : "FARTCOINUSD-PERP",
      "m" : "4611686018427862740"
    }, {
      "d" : "1756460302519139961",
      "t" : 1756460302519,
      "tn" : 1756460302519139961,
      "q" : "1",
      "p" : "0.79123",
      "s" : "sell",
      "i" : "FARTCOINUSD-PERP",
      "m" : "4611686018427862739"
    }, {
      "d" : "1756460301961212297",
      "t" : 1756460301961,
      "tn" : 1756460301961212297,
      "q" : "1",
      "p" : "0.79136",
      "s" : "sell",
      "i" : "FARTCOINUSD-PERP",
      "m" : "4611686018427862738"
    }, {
      "d" : "1756460301111103829",
      "t" : 1756460301111,
      "tn" : 1756460301111103829,
      "q" : "1",
      "p" : "0.79152",
      "s" : "sell",
      "i" : "FARTCOINUSD-PERP",
      "m" : "4611686018427862737"
    }, {
      "d" : "1756460299185337005",
      "t" : 1756460299185,
      "tn" : 1756460299185337005,
      "q" : "1",
      "p" : "0.79152",
      "s" : "sell",
      "i" : "FARTCOINUSD-PERP",
      "m" : "4611686018427862736"
    }, {
      "d" : "1756460264393572191",
      "t" : 1756460264393,
      "tn" : 1756460264393572191,
      "q" : "1",
      "p" : "0.79088",
      "s" : "sell",
      "i" : "FARTCOINUSD-PERP",
      "m" : "4611686018427862735"
    }, {
      "d" : "1756460251532513263",
      "t" : 1756460251532,
      "tn" : 1756460251532513263,
      "q" : "1",
      "p" : "0.79112",
      "s" : "sell",
      "i" : "FARTCOINUSD-PERP",
      "m" : "4611686018427862734"
    }, {
      "d" : "1756460243919954475",
      "t" : 1756460243919,
      "tn" : 1756460243919954475,
      "q" : "1",
      "p" : "0.79112",
      "s" : "sell",
      "i" : "FARTCOINUSD-PERP",
      "m" : "4611686018427862733"
    }, {
      "d" : "1756460243641699515",
      "t" : 1756460243641,
      "tn" : 1756460243641699515,
      "q" : "1",
      "p" : "0.79120",
      "s" : "sell",
      "i" : "FARTCOINUSD-PERP",
      "m" : "4611686018427862732"
    }, {
      "d" : "1756460237642175256",
      "t" : 1756460237642,
      "tn" : 1756460237642175256,
      "q" : "1",
      "p" : "0.79072",
      "s" : "sell",
      "i" : "FARTCOINUSD-PERP",
      "m" : "4611686018427862731"
    }, {
      "d" : "1756460236278635666",
      "t" : 1756460236278,
      "tn" : 1756460236278635666,
      "q" : "1",
      "p" : "0.79064",
      "s" : "sell",
      "i" : "FARTCOINUSD-PERP",
      "m" : "4611686018427862730"
    }, {
      "d" : "1756460233411909104",
      "t" : 1756460233411,
      "tn" : 1756460233411909104,
      "q" : "1",
      "p" : "0.79013",
      "s" : "sell",
      "i" : "FARTCOINUSD-PERP",
      "m" : "4611686018427862729"
    }, {
      "d" : "1756460233080979730",
      "t" : 1756460233080,
      "tn" : 1756460233080979730,
      "q" : "1",
      "p" : "0.79032",
      "s" : "sell",
      "i" : "FARTCOINUSD-PERP",
      "m" : "4611686018427862728"
    }, {
      "d" : "1756460228259903317",
      "t" : 1756460228259,
      "tn" : 1756460228259903317,
      "q" : "1",
      "p" : "0.79008",
      "s" : "sell",
      "i" : "FARTCOINUSD-PERP",
      "m" : "4611686018427862727"
    }, {
      "d" : "1756460224342547013",
      "t" : 1756460224342,
      "tn" : 1756460224342547012,
      "q" : "1",
      "p" : "0.79000",
      "s" : "sell",
      "i" : "FARTCOINUSD-PERP",
      "m" : "4611686018427862726"
    }, {
      "d" : "1756460224342547012",
      "t" : 1756460224342,
      "tn" : 1756460224342547012,
      "q" : "1777",
      "p" : "0.79000",
      "s" : "sell",
      "i" : "FARTCOINUSD-PERP",
      "m" : "4611686018427862726"
    }, {
      "d" : "1756460224254607881",
      "t" : 1756460224254,
      "tn" : 1756460224254607881,
      "q" : "1",
      "p" : "0.79024",
      "s" : "sell",
      "i" : "FARTCOINUSD-PERP",
      "m" : "4611686018427862725"
    }, {
      "d" : "1756460222149910598",
      "t" : 1756460222149,
      "tn" : 1756460222149910598,
      "q" : "1",
      "p" : "0.79024",
      "s" : "sell",
      "i" : "FARTCOINUSD-PERP",
      "m" : "4611686018427862724"
    } ]
  }
}