{
  "id" : -1,
  "method" : "public/get-trades",
  "code" : 0,
  "result" : {
    "data" : [ {
      "d" : "1756460951413200343",
      "t" : 1756460951413,
      "tn" : 1756460951413200343,
      "q" : "1.5",
      "p" : "0.79652",
      "s" : "buy",
      "i" : "FARTCOIN_USD",
      "m" : "4611686018427906859"
    }, {
      "d" : "1756460777728027147",
      "t" : 1756460777728,
      "tn" : 1756460777728027147,
      "q" : "1.5",
      "p" : "0.79457",
      "s" : "buy",
      "i" : "FARTCOIN_USD",
      "m" : "4611686018427906858"
    }, {
      "d" : "1756460526530040352",
      "t" : 1756460526530,
      "tn" : 1756460526530040352,
      "q" : "965.7",
      "p" : "0.79218",
      "s" : "buy",
      "i" : "FARTCOIN_USD",
      "m" : "4611686018427906857"
    }, {
      "d" : "1756460525500373552",
      "t" : 1756460525500,
      "tn" : 1756460525500373552,
      "q" : "1.5",
      "p" : "0.79197",
      "s" : "buy",
      "i" : "FARTCOIN_USD",
      "m" : "4611686018427906856"
    }, {
      "d" : "1756460525449760284",
      "t" : 1756460525449,
      "tn" : 1756460525449760284,
      "q" : "125.0",
      "p" : "0.79213",
      "s" : "buy",
      "i" : "FARTCOIN_USD",
      "m" : "4611686018427906855"
    }, {
      "d" : "1756460525447965601",
      "t" : 1756460525447,
      "tn" : 1756460525447965601,
      "q" : "61.5",
      "p" : "0.79213",
      "s" : "buy",
      "i" : "FARTCOIN_USD",
      "m" : "4611686018427906854"
    }, {
      "d" : "1756460525447964026",
      "t" : 1756460525447,
      "tn" : 1756460525447964026,
      "q" : "1.5",
      "p" : "0.79187",
      "s" : "buy",
      "i" : "FARTCOIN_USD",
      "m" : "4611686018427906853"
    }, {
      "d" : "1756460469396377933",
      "t" : 1756460469396,
      "tn" : 1756460469396377933,
      "q" : "1.5",
      "p" : "0.79371",
      "s" : "sell",
      "i" : "FARTCOIN_USD",
      "m" : "4611686018427906852"
    }, {
      "d" : "1756460411421251327",
      "t" : 1756460411421,
      "tn" : 1756460411421251327,
      "q" : "1.5",
      "p" : "0.79317",
      "s" : "buy",
      "i" : "FARTCOIN_USD",
      "m" : "4611686018427906851"
    }, {
      "d" : "1756460290397655573",
      "t" : 1756460290397,
      "tn" : 1756460290397655573,
      "q" : "1.5",
      "p" : "0.79156",
      "s" : "sell",
      "i" : "FARTCOIN_USD",
      "m" : "4611686018427906850"
    }, {
      "d" : "1756460282789926500",
      "t" : 1756460282789,
      "tn" : 1756460282789926500,
      "q" : "1.5",
      "p" : "0.79116",
      "s" : "sell",
      "i" : "FARTCOIN_USD",
      "m" : "4611686018427906849"
    }, {
      "d" : "1756460281044121839",
      "t" : 1756460281044,
      "tn" : 1756460281044121839,
      "q" : "1.5",
      "p" : "0.79071",
      "s" : "sell",
      "i" : "FARTCOIN_USD",
      "m" : "4611686018427906848"
    }, {
      "d" : "1756460281036336665",
      "t" : 1756460281036,
      "tn" : 1756460281036336665,
      "q" : "1.5",
      "p" : "0.79071",
      "s" : "sell",
      "i" : "FARTCOIN_USD",
      "m" : "4611686018427906847"
    }, {
      "d" : "1756460265757009297",
      "t" : 1756460265757,
      "tn" : 1756460265757009297,
      "q" : "1.5",
      "p" : "0.79096",
      "s" : "sell",
      "i" : "FARTCOIN_USD",
      "m" : "4611686018427906846"
    }, {
      "d" : "1756460264394313379",
      "t" : 1756460264394,
      "tn" : 1756460264394313379,
      "q" : "1.5",
      "p" : "0.79061",
      "s" : "sell",
      "i" : "FARTCOIN_USD",
      "m" : "4611686018427906845"
    }, {
      "d" : "1756460239158881853",
      "t" : 1756460239158,
      "tn" : 1756460239158881853,
      "q" : "1.5",
      "p" : "0.79086",
      "s" : "sell",
      "i" : "FARTCOIN_USD",
      "m" : "4611686018427906844"
    }, {
      "d" : "1756460214031212065",
      "t" : 1756460214031,
      "tn" : 1756460214031212065,
      "q" : "1.5",
      "p" : "0.79006",
      "s" : "sell",
      "i" : "FARTCOIN_USD",
      "m" : "4611686018427906843"
    }, {
      "d" : "1756460213780374835",
      "t" : 1756460213780,
      "tn" : 1756460213780374835,
      "q" : "1.5",
      "p" : "0.79006",
      "s" : "sell",
      "i" : "FARTCOIN_USD",
      "m" : "4611686018427906842"
    }, {
      "d" : "1756460213529465249",
      "t" : 1756460213529,
      "tn" : 1756460213529465249,
      "q" : "1.5",
      "p" : "0.79006",
      "s" : "sell",
      "i" : "FARTCOIN_USD",
      "m" : "4611686018427906841"
    }, {
      "d" : "1756460213262628102",
      "t" : 1756460213262,
      "tn" : 1756460213262628102,
      "q" : "1.5",
      "p" : "0.79006",
      "s" : "sell",
      "i" : "FARTCOIN_USD",
      "m" : "4611686018427906840"
    }, {
      "d" : "1756460212715574656",
      "t" : 1756460212715,
      "tn" : 1756460212715574656,
      "q" : "1.5",
      "p" : "0.79006",
      "s" : "sell",
      "i" : "FARTCOIN_USD",
      "m" : "4611686018427906839"
    }, {
      "d" : "1756460212464738454",
      "t" : 1756460212464,
      "tn" : 1756460212464738454,
      "q" : "1.5",
      "p" : "0.79006",
      "s" : "sell",
      "i" : "FARTCOIN_USD",
      "m" : "4611686018427906838"
    }, {
      "d" : "1756460212213874853",
      "t" : 1756460212213,
      "tn" : 1756460212213874853,
      "q" : "1.5",
      "p" : "0.79006",
      "s" : "sell",
      "i" : "FARTCOIN_USD",
      "m" : "4611686018427906837"
    }, {
      "d" : "1756460209327409283",
      "t" : 1756460209327,
      "tn" : 1756460209327409283,
      "q" : "1.5",
      "p" : "0.79006",
      "s" : "sell",
      "i" : "FARTCOIN_USD",
      "m" : "4611686018427906836"
    }, {
      "d" : "1756460208984828649",
      "t" : 1756460208984,
      "tn" : 1756460208984828649,
      "q" : "1.5",
      "p" : "0.79006",
      "s" : "sell",
      "i" : "FARTCOIN_USD",
      "m" : "4611686018427906835"
    }, {
      "d" : "1756460208605885952",
      "t" : 1756460208605,
      "tn" : 1756460208605885952,
      "q" : "1.5",
      "p" : "0.79006",
      "s" : "sell",
      "i" : "FARTCOIN_USD",
      "m" : "4611686018427906834"
    }, {
      "d" : "1756460208192159975",
      "t" : 1756460208192,
      "tn" : 1756460208192159975,
      "q" : "1.5",
      "p" : "0.79006",
      "s" : "sell",
      "i" : "FARTCOIN_USD",
      "m" : "4611686018427906833"
    }, {
      "d" : "1756460207148012947",
      "t" : 1756460207148,
      "tn" : 1756460207148012947,
      "q" : "1.5",
      "p" : "0.79031",
      "s" : "sell",
      "i" : "FARTCOIN_USD",
      "m" : "4611686018427906832"
    }, {
      "d" : "1756460201481681038",
      "t" : 1756460201481,
      "tn" : 1756460201481681038,
      "q" : "1.5",
      "p" : "0.79156",
      "s" : "sell",
      "i" : "FARTCOIN_USD",
      "m" : "4611686018427906831"
    }, {
      "d" : "1756460197716943155",
      "t" : 1756460197716,
      "tn" : 1756460197716943155,
      "q" : "1.5",
      "p" : "0.79146",
      "s" : "sell",
      "i" : "FARTCOIN_USD",
      "m" : "4611686018427906830"
    }, {
      "d" : "1756460197466119554",
      "t" : 1756460197466,
      "tn" : 1756460197466119554,
      "q" : "1.5",
      "p" : "0.79146",
      "s" : "sell",
      "i" : "FARTCOIN_USD",
      "m" : "4611686018427906829"
    }, {
      "d" : "1756460196838203004",
      "t" : 1756460196838,
      "tn" : 1756460196838203004,
      "q" : "1.5",
      "p" : "0.79166",
      "s" : "sell",
      "i" : "FARTCOIN_USD",
      "m" : "4611686018427906828"
    }, {
      "d" : "1756460194683796146",
      "t" : 1756460194683,
      "tn" : 1756460194683796146,
      "q" : "1.5",
      "p" : "0.79196",
      "s" : "sell",
      "i" : "FARTCOIN_USD",
      "m" : "4611686018427906827"
    }, {
      "d" : "1756460183805507325",
      "t" : 1756460183805,
      "tn" : 1756460183805507325,
      "q" : "1.5",
      "p" : "0.79106",
      "s" : "sell",
      "i" : "FARTCOIN_USD",
      "m" : "4611686018427906826"
    }, {
      "d" : "1756460173536111353",
      "t" : 1756460173536,
      "tn" : 1756460173536111353,
      "q" : "1.5",
      "p" : "0.79036",
      "s" : "sell",
      "i" : "FARTCOIN_USD",
      "m" : "4611686018427906825"
    }, {
      "d" : "1756460102092537646",
      "t" : 1756460102092,
      "tn" : 1756460102092537646,
      "q" : "1.5",
      "p" : "0.79257",
      "s" : "buy",
      "i" : "FARTCOIN_USD",
      "m" : "4611686018427906824"
    }, {
      "d" : "1756460098098589293",
      "t" : 1756460098098,
      "tn" : 1756460098098589293,
      "q" : "1.5",
      "p" : "0.79171",
      "s" : "sell",
      "i" : "FARTCOIN_USD",
      "m" : "4611686018427906823"
    }, {
      "d" : "1756460092622940919",
      "t" : 1756460092622,
      "tn" : 1756460092622940919,
      "q" : "1.5",
      "p" : "0.79181",
      "s" : "sell",
      "i" : "FARTCOIN_USD",
      "m" : "4611686018427906822"
    }, {
      "d" : "1756460082152253266",
      "t" : 1756460082152,
      "tn" : 1756460082152253266,
      "q" : "1.5",
      "p" : "0.79106",
      "s" : "sell",
      "i" : "FARTCOIN_USD",
      "m" : "4611686018427906821"
    }, {
      "d" : "1756460081159726650",
      "t" : 1756460081159,
      "tn" : 1756460081159726650,
      "q" : "1.5",
      "p" : "0.79145",
      "s" : "sell",
      "i" : "FARTCOIN_USD",
      "m" : "4611686018427906820"
    }, {
      "d" : "1756460080908914482",
      "t" : 1756460080908,
      "tn" : 1756460080908914482,
      "q" : "1.5",
      "p" : "0.79145",
      "s" : "sell",
      "i" : "FARTCOIN_USD",
      "m" : "4611686018427906819"
    }, {
      "d" : "1756460080658154922",
      "t" : 1756460080658,
      "tn" : 1756460080658154922,
      "q" : "1.5",
      "p" : "0.79146",
      "s" : "sell",
      "i" : "FARTCOIN_USD",
      "m" : "4611686018427906818"
    }, {
      "d" : "1756460053850418170",
      "t" : 1756460053850,
      "tn" : 1756460053850418170,
      "q" : "1.5",
      "p" : "0.79151",
      "s" : "sell",
      "i" : "FARTCOIN_USD",
      "m" : "4611686018427906817"
    }, {
      "d" : "1756460020905237824",
      "t" : 1756460020905,
      "tn" : 1756460020905237824,
      "q" : "1.5",
      "p" : "0.79286",
      "s" : "sell",
      "i" : "FARTCOIN_USD",
      "m" : "4611686018427906816"
    }, {
      "d" : "1756460020550504598",
      "t" : 1756460020550,
      "tn" : 1756460020550504598,
      "q" : "1.5",
      "p" : "0.79306",
      "s" : "sell",
      "i" : "FARTCOIN_USD",
      "m" : "4611686018427906815"
    }, {
      "d" : "1756460018989049112",
      "t" : 1756460018989,
      "tn" : 1756460018989049112,
      "q" : "1.5",
      "p" : "0.79301",
      "s" : "sell",
      "i" : "FARTCOIN_USD",
      "m" : "4611686018427906814"
    }, {
      "d" : "1756460018533080272",
      "t" : 1756460018533,
      "tn" : 1756460018533080272,
      "q" : "1.5",
      "p" : "0.79266",
      "s" : "sell",
      "i" : "FARTCOIN_USD",
      "m" : "4611686018427906813"
    }, {
      "d" : "1756460013653173679",
      "t" : 1756460013653,
      "tn" : 1756460013653173679,
      "q" : "1.5",
      "p" : "0.79256",
      "s" : "sell",
      "i" : "FARTCOIN_USD",
      "m" : "4611686018427906812"
    }, {
      "d" : "1756460013402412014",
      "t" : 1756460013402,
      "tn" : 1756460013402412014,
      "q" : "1.5",
      "p" : "0.79256",
      "s" : "sell",
      "i" : "FARTCOIN_USD",
      "m" : "4611686018427906811"
    }, {
      "d" : "1756460013151631112",
      "t" : 1756460013151,
      "tn" : 1756460013151631112,
      "q" : "1.5",
      "p" : "0.79256",
      "s" : "sell",
      "i" : "FARTCOIN_USD",
      "m" : "4611686018427906810"
    }, {
      "d" : "1756460012900866735",
      "t" : 1756460012900,
      "tn" : 1756460012900866735,
      "q" : "1.5",
      "p" : "0.79256",
      "s" : "sell",
      "i" : "FARTCOIN_USD",
      "m" : "4611686018427906809"
    }, {
      "d" : "1756460012173913799",
      "t" : 1756460012173,
      "tn" : 1756460012173913799,
      "q" : "1.5",
      "p" : "0.79296",
      "s" : "sell",
      "i" : "FARTCOIN_USD",
      "m" : "4611686018427906808"
    }, {
      "d" : "1756460011923146182",
      "t" : 1756460011923,
      "tn" : 1756460011923146182,
      "q" : "1.5",
      "p" : "0.79296",
      "s" : "sell",
      "i" : "FARTCOIN_USD",
      "m" : "4611686018427906807"
    }, {
      "d" : "1756460011672317527",
      "t" : 1756460011672,
      "tn" : 1756460011672317527,
      "q" : "1.5",
      "p" : "0.79301",
      "s" : "sell",
      "i" : "FARTCOIN_USD",
      "m" : "4611686018427906806"
    }, {
      "d" : "1756460011092197582",
      "t" : 1756460011092,
      "tn" : 1756460011092197582,
      "q" : "1.5",
      "p" : "0.79321",
      "s" : "sell",
      "i" : "FARTCOIN_USD",
      "m" : "4611686018427906805"
    }, {
      "d" : "1756460009850913996",
      "t" : 1756460009850,
      "tn" : 1756460009850913996,
      "q" : "1.5",
      "p" : "0.79336",
      "s" : "sell",
      "i" : "FARTCOIN_USD",
      "m" : "4611686018427906804"
    }, {
      "d" : "1756460009530222121",
      "t" : 1756460009530,
      "tn" : 1756460009530222121,
      "q" : "1.5",
      "p" : "0.79336",
      "s" : "sell",
      "i" : "FARTCOIN_USD",
      "m" : "4611686018427906803"
    }, {
      "d" : "1756460009173252364",
      "t" : 1756460009173,
      "tn" : 1756460009173252364,
      "q" : "1.5",
      "p" : "0.79336",
      "s" : "sell",
      "i" : "FARTCOIN_USD",
      "m" : "4611686018427906802"
    }, {
      "d" : "1756460006818853174",
      "t" : 1756460006818,
      "tn" : 1756460006818853174,
      "q" : "1.5",
      "p" : "0.79346",
      "s" : "sell",
      "i" : "FARTCOIN_USD",
      "m" : "4611686018427906801"
    }, {
      "d" : "1756460004415286636",
      "t" : 1756460004415,
      "tn" : 1756460004415286636,
      "q" : "1.5",
      "p" : "0.79336",
      "s" : "sell",
      "i" : "FARTCOIN_USD",
      "m" : "4611686018427906800"
    }, {
      "d" : "1756460004164431335",
      "t" : 1756460004164,
      "tn" : 1756460004164431335,
      "q" : "1.5",
      "p" : "0.79336",
      "s" : "sell",
      "i" : "FARTCOIN_USD",
      "m" : "4611686018427906799"
    }, {
      "d" : "1756460003778359129",
      "t" : 1756460003778,
      "tn" : 1756460003778359129,
      "q" : "1.5",
      "p" : "0.79331",
      "s" : "sell",
      "i" : "FARTCOIN_USD",
      "m" : "4611686018427906798"
    }, {
      "d" : "1756460002886805424",
      "t" : 1756460002886,
      "tn" : 1756460002886805424,
      "q" : "1.5",
      "p" : "0.79321",
      "s" : "sell",
      "i" : "FARTCOIN_USD",
      "m" : "4611686018427906797"
    }, {
      "d" : "1756460002631231800",
      "t" : 1756460002631,
      "tn" : 1756460002631231800,
      "q" : "1.5",
      "p" : "0.79326",
      "s" : "sell",
      "i" : "FARTCOIN_USD",
      "m" : "4611686018427906796"
    }, {
      "d" : "1756460001736908351",
      "t" : 1756460001736,
      "tn" : 1756460001736908351,
      "q" : "1.5",
      "p" : "0.79316",
      "s" : "sell",
      "i" : "FARTCOIN_USD",
      "m" : "4611686018427906795"
    }, {
      "d" : "1756460001486123135",
      "t" : 1756460001486,
      "tn" : 1756460001486123135,
      "q" : "1.5",
      "p" : "0.79316",
      "s" : "sell",
      "i" : "FARTCOIN_USD",
      "m" : "4611686018427906794"
    }, {
      "d" : "1756460001235390173",
      "t" : 1756460001235,
      "tn" : 1756460001235390173,
      "q" : "1.5",
      "p" : "0.79316",
      "s" : "sell",
      "i" : "FARTCOIN_USD",
      "m" : "4611686018427906793"
    }, {
      "d" : "1756460000914707502",
      "t" : 1756460000914,
      "tn" : 1756460000914707502,
      "q" : "1.5",
      "p" : "0.79316",
      "s" : "sell",
      "i" : "FARTCOIN_USD",
      "m" : "4611686018427906792"
    }, {
      "d" : "1756460000663849490",
      "t" : 1756460000663,
      "tn" : 1756460000663849490,
      "q" : "1.5",
      "p" : "0.79316",
      "s" : "sell",
      "i" : "FARTCOIN_USD",
      "m" : "4611686018427906791"
    }, {
      "d" : "1756460000413050235",
      "t" : 1756460000413,
      "tn" : 1756460000413050235,
      "q" : "1.5",
      "p" : "0.79316",
      "s" : "sell",
      "i" : "FARTCOIN_USD",
      "m" : "4611686018427906790"
    }, {
      "d" : "1756460000162271371",
      "t" : 1756460000162,
      "tn" : 1756460000162271371,
      "q" : "1.5",
      "p" : "0.79316",
      "s" : "sell",
      "i" : "FARTCOIN_USD",
      "m" : "4611686018427906789"
    }, {
      "d" : "1756459999911462889",
      "t" : 1756459999911,
      "tn" : 1756459999911462889,
      "q" : "1.5",
      "p" : "0.79316",
      "s" : "sell",
      "i" : "FARTCOIN_USD",
      "m" : "4611686018427906788"
    }, {
      "d" : "1756459999660637750",
      "t" : 1756459999660,
      "tn" : 1756459999660637750,
      "q" : "1.5",
      "p" : "0.79316",
      "s" : "sell",
      "i" : "FARTCOIN_USD",
      "m" : "4611686018427906787"
    }, {
      "d" : "1756459999409781392",
      "t" : 1756459999409,
      "tn" : 1756459999409781392,
      "q" : "1.5",
      "p" : "0.79321",
      "s" : "sell",
      "i" : "FARTCOIN_USD",
      "m" : "4611686018427906786"
    }, {
      "d" : "1756459999158920134",
      "t" : 1756459999158,
      "tn" : 1756459999158920134,
      "q" : "1.5",
      "p" : "0.79321",
      "s" : "sell",
      "i" : "FARTCOIN_USD",
      "m" : "4611686018427906785"
    }, {
      "d" : "1756459998908148475",
      "t" : 1756459998908,
      "tn" : 1756459998908148475,
      "q" : "1.5",
      "p" : "0.79326",
      "s" : "sell",
      "i" : "FARTCOIN_USD",
      "m" : "4611686018427906784"
    }, {
      "d" : "1756459997451500938",
      "t" : 1756459997451,
      "tn" : 1756459997451500938,
      "q" : "1.5",
      "p" : "0.79316",
      "s" : "sell",
      "i" : "FARTCOIN_USD",
      "m" : "4611686018427906783"
    }, {
      "d" : "1756459996781273023",
      "t" : 1756459996781,
      "tn" : 1756459996781273023,
      "q" : "1.5",
      "p" : "0.79316",
      "s" : "sell",
      "i" : "FARTCOIN_USD",
      "m" : "4611686018427906782"
    }, {
      "d" : "1756459996530439028",
      "t" : 1756459996530,
      "tn" : 1756459996530439028,
      "q" : "1.5",
      "p" : "0.79316",
      "s" : "sell",
      "i" : "FARTCOIN_USD",
      "m" : "4611686018427906781"
    }, {
      "d" : "1756459994653407105",
      "t" : 1756459994653,
      "tn" : 1756459994653407105,
      "q" : "1.5",
      "p" : "0.79331",
      "s" : "sell",
      "i" : "FARTCOIN_USD",
      "m" : "4611686018427906780"
    }, {
      "d" : "1756459993251339369",
      "t" : 1756459993251,
      "tn" : 1756459993251339369,
      "q" : "1.5",
      "p" : "0.79346",
      "s" : "sell",
      "i" : "FARTCOIN_USD",
      "m" : "4611686018427906779"
    }, {
      "d" : "1756459991533033609",
      "t" : 1756459991533,
      "tn" : 1756459991533033609,
      "q" : "1.5",
      "p" : "0.79351",
      "s" : "sell",
      "i" : "FARTCOIN_USD",
      "m" : "4611686018427906778"
    }, {
      "d" : "1756459989443672969",
      "t" : 1756459989443,
      "tn" : 1756459989443672969,
      "q" : "1.5",
      "p" : "0.79361",
      "s" : "sell",
      "i" : "FARTCOIN_USD",
      "m" : "4611686018427906777"
    }, {
      "d" : "1756459988845158493",
      "t" : 1756459988845,
      "tn" : 1756459988845158493,
      "q" : "1.5",
      "p" : "0.79386",
      "s" : "sell",
      "i" : "FARTCOIN_USD",
      "m" : "4611686018427906776"
    }, {
      "d" : "1756459987823240110",
      "t" : 1756459987823,
      "tn" : 1756459987823240110,
      "q" : "1.5",
      "p" : "0.79346",
      "s" : "sell",
      "i" : "FARTCOIN_USD",
      "m" : "4611686018427906775"
    }, {
      "d" : "1756459987534733002",
      "t" : 1756459987534,
      "tn" : 1756459987534733002,
      "q" : "1.5",
      "p" : "0.79346",
      "s" : "sell",
      "i" : "FARTCOIN_USD",
      "m" : "4611686018427906774"
    }, {
      "d" : "1756459986774543105",
      "t" : 1756459986774,
      "tn" : 1756459986774543105,
      "q" : "1.5",
      "p" : "0.79331",
      "s" : "sell",
      "i" : "FARTCOIN_USD",
      "m" : "4611686018427906773"
    }, {
      "d" : "1756459986523786190",
      "t" : 1756459986523,
      "tn" : 1756459986523786190,
      "q" : "1.5",
      "p" : "0.79331",
      "s" : "sell",
      "i" : "FARTCOIN_USD",
      "m" : "4611686018427906772"
    }, {
      "d" : "1756459986122006536",
      "t" : 1756459986122,
      "tn" : 1756459986122006536,
      "q" : "1.5",
      "p" : "0.79331",
      "s" : "sell",
      "i" : "FARTCOIN_USD",
      "m" : "4611686018427906771"
    }, {
      "d" : "1756459984872779947",
      "t" : 1756459984872,
      "tn" : 1756459984872779947,
      "q" : "1.5",
      "p" : "0.79346",
      "s" : "sell",
      "i" : "FARTCOIN_USD",
      "m" : "4611686018427906770"
    }, {
      "d" : "1756459983925841409",
      "t" : 1756459983925,
      "tn" : 1756459983925841409,
      "q" : "1.5",
      "p" : "0.79346",
      "s" : "sell",
      "i" : "FARTCOIN_USD",
      "m" : "4611686018427906769"
    }, {
      "d" : "1756459983530148802",
      "t" : 1756459983530,
      "tn" : 1756459983530148802,
      "q" : "1.5",
      "p" : "0.79334",
      "s" : "sell",
      "i" : "FARTCOIN_USD",
      "m" : "4611686018427906768"
    }, {
      "d" : "1756459983180793514",
      "t" : 1756459983180,
      "tn" : 1756459983180793514,
      "q" : "1.5",
      "p" : "0.79311",
      "s" : "sell",
      "i" : "FARTCOIN_USD",
      "m" : "4611686018427906767"
    }, {
      "d" : "1756459982812231205",
      "t" : 1756459982812,
      "tn" : 1756459982812231205,
      "q" : "1.5",
      "p" : "0.79316",
      "s" : "sell",
      "i" : "FARTCOIN_USD",
      "m" : "4611686018427906766"
    }, {
      "d" : "1756459982355529426",
      "t" : 1756459982355,
      "tn" : 1756459982355529426,
      "q" : "1.5",
      "p" : "0.79306",
      "s" : "sell",
      "i" : "FARTCOIN_USD",
      "m" : "4611686018427906765"
    }, {
      "d" : "1756459981975135413",
      "t" : 1756459981975,
      "tn" : 1756459981975135413,
      "q" : "1.5",
      "p" : "0.79291",
      "s" : "sell",
      "i" : "FARTCOIN_USD",
      "m" : "4611686018427906764"
    }, {
      "d" : "1756459981724264959",
      "t" : 1756459981724,
      "tn" : 1756459981724264959,
      "q" : "1.5",
      "p" : "0.79291",
      "s" : "sell",
      "i" : "FARTCOIN_USD",
      "m" : "4611686018427906763"
    }, {
      "d" : "1756459981473551773",
      "t" : 1756459981473,
      "tn" : 1756459981473551773,
      "q" : "1.5",
      "p" : "0.79281",
      "s" : "sell",
      "i" : "FARTCOIN_USD",
      "m" : "4611686018427906762"
    }, {
      "d" : "1756459981026419955",
      "t" : 1756459981026,
      "tn" : 1756459981026419955,
      "q" : "1.5",
      "p" : "0.79291",
      "s" : "sell",
      "i" : "FARTCOIN_USD",
      "m" : "4611686018427906761"
    }, {
      "d" : "1756459980775461912",
      "t" : 1756459980775,
      "tn" : 1756459980775461912,
      "q" : "1.5",
      "p" : "0.79261",
      "s" : "sell",
      "i" : "FARTCOIN_USD",
      "m" : "4611686018427906760"
    }, {
      "d" : "1756459980524585762",
      "t" : 1756459980524,
      "tn" : 1756459980524585762,
      "q" : "1.5",
      "p" : "0.79266",
      "s" : "sell",
      "i" : "FARTCOIN_USD",
      "m" : "4611686018427906759"
    }, {
      "d" : "1756459979996775984",
      "t" : 1756459979996,
      "tn" : 1756459979996775984,
      "q" : "1.5",
      "p" : "0.79261",
      "s" : "sell",
      "i" : "FARTCOIN_USD",
      "m" : "4611686018427906758"
    }, {
      "d" : "1756459979569845532",
      "t" : 1756459979569,
      "tn" : 1756459979569845532,
      "q" : "1.5",
      "p" : "0.79261",
      "s" : "sell",
      "i" : "FARTCOIN_USD",
      "m" : "4611686018427906757"
    }, {
      "d" : "1756459979319038711",
      "t" : 1756459979319,
      "tn" : 1756459979319038711,
      "q" : "1.5",
      "p" : "0.79261",
      "s" : "sell",
      "i" : "FARTCOIN_USD",
      "m" : "4611686018427906756"
    }, {
      "d" : "1756459978612423760",
      "t" : 1756459978612,
      "tn" : 1756459978612423760,
      "q" : "1.5",
      "p" : "0.79266",
      "s" : "sell",
      "i" : "FARTCOIN_USD",
      "m" : "4611686018427906755"
    }, {
      "d" : "1756459977648198697",
      "t" : 1756459977648,
      "tn" : 1756459977648198697,
      "q" : "1.5",
      "p" : "0.79266",
      "s" : "sell",
      "i" : "FARTCOIN_USD",
      "m" : "4611686018427906754"
    }, {
      "d" : "1756459977397485656",
      "t" : 1756459977397,
      "tn" : 1756459977397485656,
      "q" : "1.5",
      "p" : "0.79251",
      "s" : "sell",
      "i" : "FARTCOIN_USD",
      "m" : "4611686018427906753"
    }, {
      "d" : "1756459976447673644",
      "t" : 1756459976447,
      "tn" : 1756459976447673644,
      "q" : "1.5",
      "p" : "0.79216",
      "s" : "sell",
      "i" : "FARTCOIN_USD",
      "m" : "4611686018427906752"
    }, {
      "d" : "1756459976196860378",
      "t" : 1756459976196,
      "tn" : 1756459976196860378,
      "q" : "1.5",
      "p" : "0.79216",
      "s" : "sell",
      "i" : "FARTCOIN_USD",
      "m" : "4611686018427906751"
    }, {
      "d" : "1756459974493659443",
      "t" : 1756459974493,
      "tn" : 1756459974493659443,
      "q" : "1.5",
      "p" : "0.79221",
      "s" : "sell",
      "i" : "FARTCOIN_USD",
      "m" : "4611686018427906750"
    }, {
      "d" : "1756459974098082966",
      "t" : 1756459974098,
      "tn" : 1756459974098082966,
      "q" : "1.5",
      "p" : "0.79221",
      "s" : "sell",
      "i" : "FARTCOIN_USD",
      "m" : "4611686018427906749"
    }, {
      "d" : "1756459973847231049",
      "t" : 1756459973847,
      "tn" : 1756459973847231049,
      "q" : "1.5",
      "p" : "0.79221",
      "s" : "sell",
      "i" : "FARTCOIN_USD",
      "m" : "4611686018427906748"
    }, {
      "d" : "1756459973475558271",
      "t" : 1756459973475,
      "tn" : 1756459973475558271,
      "q" : "1.5",
      "p" : "0.79221",
      "s" : "sell",
      "i" : "FARTCOIN_USD",
      "m" : "4611686018427906747"
    }, {
      "d" : "1756459973118576366",
      "t" : 1756459973118,
      "tn" : 1756459973118576366,
      "q" : "1.5",
      "p" : "0.79221",
      "s" : "sell",
      "i" : "FARTCOIN_USD",
      "m" : "4611686018427906746"
    }, {
      "d" : "1756459972527440558",
      "t" : 1756459972527,
      "tn" : 1756459972527440558,
      "q" : "1.5",
      "p" : "0.79236",
      "s" : "sell",
      "i" : "FARTCOIN_USD",
      "m" : "4611686018427906745"
    }, {
      "d" : "1756459971850273545",
      "t" : 1756459971850,
      "tn" : 1756459971850273545,
      "q" : "1.5",
      "p" : "0.79241",
      "s" : "sell",
      "i" : "FARTCOIN_USD",
      "m" : "4611686018427906744"
    }, {
      "d" : "1756459971599093813",
      "t" : 1756459971599,
      "tn" : 1756459971599093813,
      "q" : "1.5",
      "p" : "0.79241",
      "s" : "sell",
      "i" : "FARTCOIN_USD",
      "m" : "4611686018427906743"
    }, {
      "d" : "1756459971328724463",
      "t" : 1756459971328,
      "tn" : 1756459971328724463,
      "q" : "1.5",
      "p" : "0.79241",
      "s" : "sell",
      "i" : "FARTCOIN_USD",
      "m" : "4611686018427906742"
    }, {
      "d" : "1756459971077905933",
      "t" : 1756459971077,
      "tn" : 1756459971077905933,
      "q" : "1.5",
      "p" : "0.79241",
      "s" : "sell",
      "i" : "FARTCOIN_USD",
      "m" : "4611686018427906741"
    }, {
      "d" : "1756459970826945027",
      "t" : 1756459970826,
      "tn" : 1756459970826945027,
      "q" : "1.5",
      "p" : "0.79251",
      "s" : "sell",
      "i" : "FARTCOIN_USD",
      "m" : "4611686018427906740"
    }, {
      "d" : "1756459970338678394",
      "t" : 1756459970338,
      "tn" : 1756459970338678394,
      "q" : "1.5",
      "p" : "0.79251",
      "s" : "sell",
      "i" : "FARTCOIN_USD",
      "m" : "4611686018427906739"
    }, {
      "d" : "1756459970027475826",
      "t" : 1756459970027,
      "tn" : 1756459970027475826,
      "q" : "1.5",
      "p" : "0.79251",
      "s" : "sell",
      "i" : "FARTCOIN_USD",
      "m" : "4611686018427906738"
    }, {
      "d" : "1756459969751868175",
      "t" : 1756459969751,
      "tn" : 1756459969751868175,
      "q" : "1.5",
      "p" : "0.79256",
      "s" : "sell",
      "i" : "FARTCOIN_USD",
      "m" : "4611686018427906737"
    }, {
      "d" : "1756459968528540555",
      "t" : 1756459968528,
      "tn" : 1756459968528540555,
      "q" : "1.5",
      "p" : "0.79246",
      "s" : "sell",
      "i" : "FARTCOIN_USD",
      "m" : "4611686018427906736"
    }, {
      "d" : "1756459967781533669",
      "t" : 1756459967781,
      "tn" : 1756459967781533669,
      "q" : "1.5",
      "p" : "0.79241",
      "s" : "sell",
      "i" : "FARTCOIN_USD",
      "m" : "4611686018427906735"
    }, {
      "d" : "1756459967530601640",
      "t" : 1756459967530,
      "tn" : 1756459967530601640,
      "q" : "1.5",
      "p" : "0.79241",
      "s" : "sell",
      "i" : "FARTCOIN_USD",
      "m" : "4611686018427906734"
    }, {
      "d" : "1756459967214498069",
      "t" : 1756459967214,
      "tn" : 1756459967214498069,
      "q" : "1.5",
      "p" : "0.79241",
      "s" : "sell",
      "i" : "FARTCOIN_USD",
      "m" : "4611686018427906733"
    }, {
      "d" : "1756459966963681206",
      "t" : 1756459966963,
      "tn" : 1756459966963681206,
      "q" : "1.5",
      "p" : "0.79236",
      "s" : "sell",
      "i" : "FARTCOIN_USD",
      "m" : "4611686018427906732"
    }, {
      "d" : "1756459966577866823",
      "t" : 1756459966577,
      "tn" : 1756459966577866823,
      "q" : "1.5",
      "p" : "0.79231",
      "s" : "sell",
      "i" : "FARTCOIN_USD",
      "m" : "4611686018427906731"
    }, {
      "d" : "1756459966327082305",
      "t" : 1756459966327,
      "tn" : 1756459966327082305,
      "q" : "1.5",
      "p" : "0.79241",
      "s" : "sell",
      "i" : "FARTCOIN_USD",
      "m" : "4611686018427906730"
    }, {
      "d" : "1756459966076305828",
      "t" : 1756459966076,
      "tn" : 1756459966076305828,
      "q" : "1.5",
      "p" : "0.79241",
      "s" : "sell",
      "i" : "FARTCOIN_USD",
      "m" : "4611686018427906729"
    }, {
      "d" : "1756459965825426676",
      "t" : 1756459965825,
      "tn" : 1756459965825426676,
      "q" : "1.5",
      "p" : "0.79241",
      "s" : "sell",
      "i" : "FARTCOIN_USD",
      "m" : "4611686018427906728"
    }, {
      "d" : "1756459965529765710",
      "t" : 1756459965529,
      "tn" : 1756459965529765710,
      "q" : "1.5",
      "p" : "0.79251",
      "s" : "sell",
      "i" : "FARTCOIN_USD",
      "m" : "4611686018427906727"
    }, {
      "d" : "1756459964350808710",
      "t" : 1756459964350,
      "tn" : 1756459964350808710,
      "q" : "1.5",
      "p" : "0.79231",
      "s" : "sell",
      "i" : "FARTCOIN_USD",
      "m" : "4611686018427906726"
    }, {
      "d" : "1756459945176130646",
      "t" : 1756459945176,
      "tn" : 1756459945176130646,
      "q" : "1.5",
      "p" : "0.79166",
      "s" : "sell",
      "i" : "FARTCOIN_USD",
      "m" : "4611686018427906725"
    }, {
      "d" : "1756459944918410459",
      "t" : 1756459944918,
      "tn" : 1756459944918410459,
      "q" : "1.5",
      "p" : "0.79206",
      "s" : "sell",
      "i" : "FARTCOIN_USD",
      "m" : "4611686018427906724"
    }, {
      "d" : "1756459944667628694",
      "t" : 1756459944667,
      "tn" : 1756459944667628694,
      "q" : "1.5",
      "p" : "0.79216",
      "s" : "sell",
      "i" : "FARTCOIN_USD",
      "m" : "4611686018427906723"
    }, {
      "d" : "1756459904967380080",
      "t" : 1756459904967,
      "tn" : 1756459904967380080,
      "q" : "1.5",
      "p" : "0.79301",
      "s" : "sell",
      "i" : "FARTCOIN_USD",
      "m" : "4611686018427906722"
    }, {
      "d" : "1756459814756480215",
      "t" : 1756459814756,
      "tn" : 1756459814756480215,
      "q" : "1.5",
      "p" : "0.79341",
      "s" : "sell",
      "i" : "FARTCOIN_USD",
      "m" : "4611686018427906721"
    }, {
      "d" : "1756459813556415715",
      "t" : 1756459813556,
      "tn" : 1756459813556415715,
      "q" : "1.5",
      "p" : "0.79366",
      "s" : "sell",
      "i" : "FARTCOIN_USD",
      "m" : "4611686018427906720"
    }, {
      "d" : "1756459788554418493",
      "t" : 1756459788554,
      "tn" : 1756459788554418493,
      "q" : "1.5",
      "p" : "0.79422",
      "s" : "buy",
      "i" : "FARTCOIN_USD",
      "m" : "4611686018427906719"
    }, {
      "d" : "1756459751931233792",
      "t" : 1756459751931,
      "tn" : 1756459751931233792,
      "q" : "47.5",
      "p" : "0.79385",
      "s" : "buy",
      "i" : "FARTCOIN_USD",
      "m" : "4611686018427906718"
    }, {
      "d" : "1756459751931232391",
      "t" : 1756459751931,
      "tn" : 1756459751931232391,
      "q" : "1.5",
      "p" : "0.79362",
      "s" : "buy",
      "i" : "FARTCOIN_USD",
      "m" : "4611686018427906717"
    }, {
      "d" : "1756459750318327211",
      "t" : 1756459750318,
      "tn" : 1756459750318327211,
      "q" : "62.0",
      "p" : "0.79360",
      "s" : "buy",
      "i" : "FARTCOIN_USD",
      "m" : "4611686018427906716"
    }, {
      "d" : "1756459750317620434",
      "t" : 1756459750317,
      "tn" : 1756459750317620434,
      "q" : "62.1",
      "p" : "0.79360",
      "s" : "buy",
      "i" : "FARTCOIN_USD",
      "m" : "4611686018427906715"
    }, {
      "d" : "1756459745105148122",
      "t" : 1756459745105,
      "tn" : 1756459745105148122,
      "q" : "1.5",
      "p" : "0.79287",
      "s" : "buy",
      "i" : "FARTCOIN_USD",
      "m" : "4611686018427906714"
    }, {
      "d" : "1756459744844177585",
      "t" : 1756459744844,
      "tn" : 1756459744844177585,
      "q" : "1.5",
      "p" : "0.79301",
      "s" : "sell",
      "i" : "FARTCOIN_USD",
      "m" : "4611686018427906713"
    }, {
      "d" : "1756459735746562499",
      "t" : 1756459735746,
      "tn" : 1756459735746562499,
      "q" : "1.5",
      "p" : "0.79276",
      "s" : "sell",
      "i" : "FARTCOIN_USD",
      "m" : "4611686018427906712"
    }, {
      "d" : "1756459734715925721",
      "t" : 1756459734715,
      "tn" : 1756459734715925721,
      "q" : "1.5",
      "p" : "0.79276",
      "s" : "sell",
      "i" : "FARTCOIN_USD",
      "m" : "4611686018427906711"
    }, {
      "d" : "1756459724662824036",
      "t" : 1756459724662,
      "tn" : 1756459724662824036,
      "q" : "1.5",
      "p" : "0.79351",
      "s" : "sell",
      "i" : "FARTCOIN_USD",
      "m" : "4611686018427906710"
    } ]
  }
}