{
  "id" : -1,
  "method" : "public/get-trades",
  "code" : 0,
  "result" : {
    "data" : [ {
      "d" : "1756460970341307415",
      "t" : 1756460970341,
      "tn" : 1756460970341307415,
      "q" : "8000",
      "p" : "0.001097",
      "s" : "sell",
      "i" : "FER_USD",
      "m" : "4611686018431165439"
    }, {
      "d" : "1756460937809296979",
      "t" : 1756460937809,
      "tn" : 1756460937809296979,
      "q" : "8618",
      "p" : "0.001105",
      "s" : "buy",
      "i" : "FER_USD",
      "m" : "4611686018431165438"
    }, {
      "d" : "1756460859600550616",
      "t" : 1756460859600,
      "tn" : 1756460859600550616,
      "q" : "8565",
      "p" : "0.001105",
      "s" : "buy",
      "i" : "FER_USD",
      "m" : "4611686018431165437"
    }, {
      "d" : "1756460646643998854",
      "t" : 1756460646643,
      "tn" : 1756460646643998854,
      "q" : "54595",
      "p" : "0.001099",
      "s" : "sell",
      "i" : "FER_USD",
      "m" : "4611686018431165436"
    }, {
      "d" : "1756460632363254490",
      "t" : 1756460632363,
      "tn" : 1756460632363254490,
      "q" : "6476",
      "p" : "0.001106",
      "s" : "buy",
      "i" : "FER_USD",
      "m" : "4611686018431165435"
    }, {
      "d" : "1756459586790025692",
      "t" : 1756459586790,
      "tn" : 1756459586790025692,
      "q" : "2306",
      "p" : "0.001094",
      "s" : "sell",
      "i" : "FER_USD",
      "m" : "4611686018431165434"
    }, {
      "d" : "1756459321694663486",
      "t" : 1756459321694,
      "tn" : 1756459321694663486,
      "q" : "18201",
      "p" : "0.001086",
      "s" : "sell",
      "i" : "FER_USD",
      "m" : "4611686018431165433"
    }, {
      "d" : "1756459157222408366",
      "t" : 1756459157222,
      "tn" : 1756459157222408366,
      "q" : "29013",
      "p" : "0.001089",
      "s" : "buy",
      "i" : "FER_USD",
      "m" : "4611686018431165432"
    }, {
      "d" : "1756458912451659512",
      "t" : 1756458912451,
      "tn" : 1756458912451659512,
      "q" : "5710",
      "p" : "0.001086",
      "s" : "buy",
      "i" : "FER_USD",
      "m" : "4611686018431165431"
    }, {
      "d" : "1756458848063792283",
      "t" : 1756458848063,
      "tn" : 1756458848063792283,
      "q" : "50611",
      "p" : "0.001082",
      "s" : "buy",
      "i" : "FER_USD",
      "m" : "4611686018431165430"
    }, {
      "d" : "1756458754927206260",
      "t" : 1756458754927,
      "tn" : 1756458754927206260,
      "q" : "9659",
      "p" : "0.001082",
      "s" : "buy",
      "i" : "FER_USD",
      "m" : "4611686018431165429"
    }, {
      "d" : "1756458423236103548",
      "t" : 1756458423236,
      "tn" : 1756458423236103548,
      "q" : "15006",
      "p" : "0.001074",
      "s" : "sell",
      "i" : "FER_USD",
      "m" : "4611686018431165428"
    }, {
      "d" : "1756458142518097072",
      "t" : 1756458142518,
      "tn" : 1756458142518097072,
      "q" : "2078",
      "p" : "0.001083",
      "s" : "buy",
      "i" : "FER_USD",
      "m" : "4611686018431165427"
    }, {
      "d" : "1756458134512064663",
      "t" : 1756458134512,
      "tn" : 1756458134512064663,
      "q" : "18501",
      "p" : "0.001081",
      "s" : "sell",
      "i" : "FER_USD",
      "m" : "4611686018431165426"
    }, {
      "d" : "1756458134502313580",
      "t" : 1756458134502,
      "tn" : 1756458134502313580,
      "q" : "18501",
      "p" : "0.001081",
      "s" : "sell",
      "i" : "FER_USD",
      "m" : "4611686018431165425"
    }, {
      "d" : "1756458018343525892",
      "t" : 1756458018343,
      "tn" : 1756458018343525892,
      "q" : "18416",
      "p" : "0.001086",
      "s" : "sell",
      "i" : "FER_USD",
      "m" : "4611686018431165424"
    }, {
      "d" : "1756457295118301323",
      "t" : 1756457295118,
      "tn" : 1756457295118301323,
      "q" : "3307",
      "p" : "0.001103",
      "s" : "buy",
      "i" : "FER_USD",
      "m" : "4611686018431165423"
    }, {
      "d" : "1756456981248668626",
      "t" : 1756456981248,
      "tn" : 1756456981248668626,
      "q" : "3455",
      "p" : "0.001103",
      "s" : "buy",
      "i" : "FER_USD",
      "m" : "4611686018431165422"
    }, {
      "d" : "1756456851225025387",
      "t" : 1756456851225,
      "tn" : 1756456851225025387,
      "q" : "48312",
      "p" : "0.001099",
      "s" : "buy",
      "i" : "FER_USD",
      "m" : "4611686018431165421"
    }, {
      "d" : "1756456407268626806",
      "t" : 1756456407268,
      "tn" : 1756456407268626806,
      "q" : "25920",
      "p" : "0.001098",
      "s" : "buy",
      "i" : "FER_USD",
      "m" : "4611686018431165420"
    }, {
      "d" : "1756456404152707537",
      "t" : 1756456404152,
      "tn" : 1756456404152707537,
      "q" : "19104",
      "p" : "0.001097",
      "s" : "buy",
      "i" : "FER_USD",
      "m" : "4611686018431165419"
    }, {
      "d" : "1756456077472653775",
      "t" : 1756456077472,
      "tn" : 1756456077472653775,
      "q" : "21696",
      "p" : "0.001097",
      "s" : "buy",
      "i" : "FER_USD",
      "m" : "4611686018431165418"
    }, {
      "d" : "1756456023287516676",
      "t" : 1756456023287,
      "tn" : 1756456023287516676,
      "q" : "32055",
      "p" : "0.001097",
      "s" : "buy",
      "i" : "FER_USD",
      "m" : "4611686018431165417"
    }, {
      "d" : "1756455577879335977",
      "t" : 1756455577879,
      "tn" : 1756455577879335977,
      "q" : "1557",
      "p" : "0.001092",
      "s" : "sell",
      "i" : "FER_USD",
      "m" : "4611686018431165416"
    }, {
      "d" : "1756455336708448870",
      "t" : 1756455336708,
      "tn" : 1756455336708448870,
      "q" : "4520",
      "p" : "0.001097",
      "s" : "sell",
      "i" : "FER_USD",
      "m" : "4611686018431165415"
    }, {
      "d" : "1756455335947727171",
      "t" : 1756455335947,
      "tn" : 1756455335947727171,
      "q" : "4840",
      "p" : "0.001097",
      "s" : "sell",
      "i" : "FER_USD",
      "m" : "4611686018431165414"
    }, {
      "d" : "1756454990228301805",
      "t" : 1756454990228,
      "tn" : 1756454990228301805,
      "q" : "9419",
      "p" : "0.001106",
      "s" : "buy",
      "i" : "FER_USD",
      "m" : "4611686018431165413"
    }, {
      "d" : "1756454381992204154",
      "t" : 1756454381992,
      "tn" : 1756454381992204154,
      "q" : "3056",
      "p" : "0.001117",
      "s" : "buy",
      "i" : "FER_USD",
      "m" : "4611686018431165412"
    }, {
      "d" : "1756453911909949747",
      "t" : 1756453911909,
      "tn" : 1756453911909949747,
      "q" : "10498",
      "p" : "0.001113",
      "s" : "buy",
      "i" : "FER_USD",
      "m" : "4611686018431165411"
    }, {
      "d" : "1756453458315672960",
      "t" : 1756453458315,
      "tn" : 1756453458315672960,
      "q" : "7130",
      "p" : "0.001109",
      "s" : "buy",
      "i" : "FER_USD",
      "m" : "4611686018431165410"
    }, {
      "d" : "1756452714178321653",
      "t" : 1756452714178,
      "tn" : 1756452714178321653,
      "q" : "58999",
      "p" : "0.001088",
      "s" : "sell",
      "i" : "FER_USD",
      "m" : "4611686018431165409"
    }, {
      "d" : "1756452554737149021",
      "t" : 1756452554737,
      "tn" : 1756452554737149021,
      "q" : "4831",
      "p" : "0.001094",
      "s" : "buy",
      "i" : "FER_USD",
      "m" : "4611686018431165408"
    }, {
      "d" : "1756452180614299628",
      "t" : 1756452180614,
      "tn" : 1756452180614299628,
      "q" : "8627",
      "p" : "0.001101",
      "s" : "buy",
      "i" : "FER_USD",
      "m" : "4611686018431165407"
    }, {
      "d" : "1756451452582926732",
      "t" : 1756451452582,
      "tn" : 1756451452582926732,
      "q" : "2575",
      "p" : "0.001114",
      "s" : "buy",
      "i" : "FER_USD",
      "m" : "4611686018431165406"
    }, {
      "d" : "1756451324991919368",
      "t" : 1756451324991,
      "tn" : 1756451324991919368,
      "q" : "4598",
      "p" : "0.001114",
      "s" : "sell",
      "i" : "FER_USD",
      "m" : "4611686018431165405"
    }, {
      "d" : "1756451109810858630",
      "t" : 1756451109810,
      "tn" : 1756451109810858630,
      "q" : "4715",
      "p" : "0.001113",
      "s" : "buy",
      "i" : "FER_USD",
      "m" : "4611686018431165404"
    }, {
      "d" : "1756450978899808114",
      "t" : 1756450978899,
      "tn" : 1756450978899808114,
      "q" : "22659",
      "p" : "0.001103",
      "s" : "sell",
      "i" : "FER_USD",
      "m" : "4611686018431165403"
    }, {
      "d" : "1756450975538907911",
      "t" : 1756450975538,
      "tn" : 1756450975538907911,
      "q" : "78172",
      "p" : "0.001104",
      "s" : "sell",
      "i" : "FER_USD",
      "m" : "4611686018431165402"
    }, {
      "d" : "1756450585826412697",
      "t" : 1756450585826,
      "tn" : 1756450585826412697,
      "q" : "1084",
      "p" : "0.001104",
      "s" : "sell",
      "i" : "FER_USD",
      "m" : "4611686018431165401"
    }, {
      "d" : "1756450536864793597",
      "t" : 1756450536864,
      "tn" : 1756450536864793597,
      "q" : "1116",
      "p" : "0.001111",
      "s" : "buy",
      "i" : "FER_USD",
      "m" : "4611686018431165400"
    }, {
      "d" : "1756449149453648342",
      "t" : 1756449149453,
      "tn" : 1756449149453648342,
      "q" : "4870",
      "p" : "0.001127",
      "s" : "buy",
      "i" : "FER_USD",
      "m" : "4611686018431165399"
    }, {
      "d" : "1756449143281548390",
      "t" : 1756449143281,
      "tn" : 1756449143281548390,
      "q" : "35248",
      "p" : "0.001125",
      "s" : "buy",
      "i" : "FER_USD",
      "m" : "4611686018431165398"
    }, {
      "d" : "1756448768918533456",
      "t" : 1756448768918,
      "tn" : 1756448768918533456,
      "q" : "13836",
      "p" : "0.001125",
      "s" : "buy",
      "i" : "FER_USD",
      "m" : "4611686018431165397"
    }, {
      "d" : "1756447312017510896",
      "t" : 1756447312017,
      "tn" : 1756447312017510896,
      "q" : "41459",
      "p" : "0.001133",
      "s" : "buy",
      "i" : "FER_USD",
      "m" : "4611686018431165396"
    }, {
      "d" : "1756447175435366177",
      "t" : 1756447175435,
      "tn" : 1756447175435366176,
      "q" : "20100",
      "p" : "0.001129",
      "s" : "sell",
      "i" : "FER_USD",
      "m" : "4611686018431165395"
    }, {
      "d" : "1756447175435366176",
      "t" : 1756447175435,
      "tn" : 1756447175435366176,
      "q" : "88573",
      "p" : "0.001129",
      "s" : "sell",
      "i" : "FER_USD",
      "m" : "4611686018431165395"
    }, {
      "d" : "1756447160320206725",
      "t" : 1756447160320,
      "tn" : 1756447160320206725,
      "q" : "57430",
      "p" : "0.001133",
      "s" : "buy",
      "i" : "FER_USD",
      "m" : "4611686018431165394"
    }, {
      "d" : "1756447109025582070",
      "t" : 1756447109025,
      "tn" : 1756447109025582070,
      "q" : "2500",
      "p" : "0.001134",
      "s" : "buy",
      "i" : "FER_USD",
      "m" : "4611686018431165393"
    }, {
      "d" : "1756447073574611990",
      "t" : 1756447073574,
      "tn" : 1756447073574611990,
      "q" : "2100",
      "p" : "0.001134",
      "s" : "buy",
      "i" : "FER_USD",
      "m" : "4611686018431165392"
    }, {
      "d" : "1756446868474099585",
      "t" : 1756446868474,
      "tn" : 1756446868474099585,
      "q" : "34099",
      "p" : "0.001129",
      "s" : "buy",
      "i" : "FER_USD",
      "m" : "4611686018431165391"
    }, {
      "d" : "1756446643012918129",
      "t" : 1756446643012,
      "tn" : 1756446643012918129,
      "q" : "10086",
      "p" : "0.001129",
      "s" : "buy",
      "i" : "FER_USD",
      "m" : "4611686018431165390"
    }, {
      "d" : "1756446482135403161",
      "t" : 1756446482135,
      "tn" : 1756446482135403161,
      "q" : "5000",
      "p" : "0.001129",
      "s" : "buy",
      "i" : "FER_USD",
      "m" : "4611686018431165389"
    }, {
      "d" : "1756445936067196553",
      "t" : 1756445936067,
      "tn" : 1756445936067196552,
      "q" : "24794",
      "p" : "0.001127",
      "s" : "buy",
      "i" : "FER_USD",
      "m" : "4611686018431165388"
    }, {
      "d" : "1756445936067196552",
      "t" : 1756445936067,
      "tn" : 1756445936067196552,
      "q" : "20123",
      "p" : "0.001127",
      "s" : "buy",
      "i" : "FER_USD",
      "m" : "4611686018431165388"
    }, {
      "d" : "1756445688525094570",
      "t" : 1756445688525,
      "tn" : 1756445688525094570,
      "q" : "1964",
      "p" : "0.001121",
      "s" : "sell",
      "i" : "FER_USD",
      "m" : "4611686018431165387"
    }, {
      "d" : "1756445593648459635",
      "t" : 1756445593648,
      "tn" : 1756445593648459635,
      "q" : "47442",
      "p" : "0.001127",
      "s" : "buy",
      "i" : "FER_USD",
      "m" : "4611686018431165386"
    }, {
      "d" : "1756444839892412134",
      "t" : 1756444839892,
      "tn" : 1756444839892412134,
      "q" : "5978",
      "p" : "0.001131",
      "s" : "buy",
      "i" : "FER_USD",
      "m" : "4611686018431165385"
    }, {
      "d" : "1756444512740230651",
      "t" : 1756444512740,
      "tn" : 1756444512740230651,
      "q" : "9114",
      "p" : "0.001125",
      "s" : "sell",
      "i" : "FER_USD",
      "m" : "4611686018431165384"
    }, {
      "d" : "1756444098462701957",
      "t" : 1756444098462,
      "tn" : 1756444098462701957,
      "q" : "5534",
      "p" : "0.001122",
      "s" : "sell",
      "i" : "FER_USD",
      "m" : "4611686018431165383"
    }, {
      "d" : "1756444095043650633",
      "t" : 1756444095043,
      "tn" : 1756444095043650633,
      "q" : "78172",
      "p" : "0.001123",
      "s" : "sell",
      "i" : "FER_USD",
      "m" : "4611686018431165382"
    }, {
      "d" : "1756444059934622669",
      "t" : 1756444059934,
      "tn" : 1756444059934622669,
      "q" : "28192",
      "p" : "0.001123",
      "s" : "sell",
      "i" : "FER_USD",
      "m" : "4611686018431165381"
    }, {
      "d" : "1756443804448147397",
      "t" : 1756443804448,
      "tn" : 1756443804448147397,
      "q" : "38688",
      "p" : "0.001132",
      "s" : "sell",
      "i" : "FER_USD",
      "m" : "4611686018431165380"
    }, {
      "d" : "1756443388885681280",
      "t" : 1756443388885,
      "tn" : 1756443388885681280,
      "q" : "20878",
      "p" : "0.001133",
      "s" : "sell",
      "i" : "FER_USD",
      "m" : "4611686018431165379"
    }, {
      "d" : "1756443303757264836",
      "t" : 1756443303757,
      "tn" : 1756443303757264836,
      "q" : "20639",
      "p" : "0.001138",
      "s" : "buy",
      "i" : "FER_USD",
      "m" : "4611686018431165378"
    }, {
      "d" : "1756442697183122577",
      "t" : 1756442697183,
      "tn" : 1756442697183122577,
      "q" : "1068",
      "p" : "0.001118",
      "s" : "buy",
      "i" : "FER_USD",
      "m" : "4611686018431165377"
    }, {
      "d" : "1756442154945675040",
      "t" : 1756442154945,
      "tn" : 1756442154945675040,
      "q" : "10574",
      "p" : "0.001109",
      "s" : "buy",
      "i" : "FER_USD",
      "m" : "4611686018431165376"
    }, {
      "d" : "1756441448941740355",
      "t" : 1756441448941,
      "tn" : 1756441448941740355,
      "q" : "3215",
      "p" : "0.001108",
      "s" : "buy",
      "i" : "FER_USD",
      "m" : "4611686018431165375"
    }, {
      "d" : "1756440988419628095",
      "t" : 1756440988419,
      "tn" : 1756440988419628095,
      "q" : "2508",
      "p" : "0.001100",
      "s" : "buy",
      "i" : "FER_USD",
      "m" : "4611686018431165374"
    }, {
      "d" : "1756440576812711936",
      "t" : 1756440576812,
      "tn" : 1756440576812711936,
      "q" : "19378",
      "p" : "0.001088",
      "s" : "sell",
      "i" : "FER_USD",
      "m" : "4611686018431165373"
    }, {
      "d" : "1756440474846421867",
      "t" : 1756440474846,
      "tn" : 1756440474846421867,
      "q" : "11774",
      "p" : "0.001088",
      "s" : "sell",
      "i" : "FER_USD",
      "m" : "4611686018431165372"
    }, {
      "d" : "1756440471621361744",
      "t" : 1756440471621,
      "tn" : 1756440471621361744,
      "q" : "247",
      "p" : "0.001099",
      "s" : "sell",
      "i" : "FER_USD",
      "m" : "4611686018431165371"
    }, {
      "d" : "1756440318144143540",
      "t" : 1756440318144,
      "tn" : 1756440318144143540,
      "q" : "18198",
      "p" : "0.001099",
      "s" : "sell",
      "i" : "FER_USD",
      "m" : "4611686018431165370"
    }, {
      "d" : "1756440318139185533",
      "t" : 1756440318139,
      "tn" : 1756440318139185533,
      "q" : "18198",
      "p" : "0.001099",
      "s" : "sell",
      "i" : "FER_USD",
      "m" : "4611686018431165369"
    }, {
      "d" : "1756440318134227748",
      "t" : 1756440318134,
      "tn" : 1756440318134227748,
      "q" : "18198",
      "p" : "0.001099",
      "s" : "sell",
      "i" : "FER_USD",
      "m" : "4611686018431165368"
    }, {
      "d" : "1756440304964549289",
      "t" : 1756440304964,
      "tn" : 1756440304964549289,
      "q" : "54595",
      "p" : "0.001099",
      "s" : "sell",
      "i" : "FER_USD",
      "m" : "4611686018431165367"
    }, {
      "d" : "1756440271513902710",
      "t" : 1756440271513,
      "tn" : 1756440271513902710,
      "q" : "54595",
      "p" : "0.001099",
      "s" : "sell",
      "i" : "FER_USD",
      "m" : "4611686018431165366"
    }, {
      "d" : "1756440212854930706",
      "t" : 1756440212854,
      "tn" : 1756440212854930706,
      "q" : "3422",
      "p" : "0.001107",
      "s" : "buy",
      "i" : "FER_USD",
      "m" : "4611686018431165365"
    }, {
      "d" : "1756440079573396107",
      "t" : 1756440079573,
      "tn" : 1756440079573396107,
      "q" : "1299",
      "p" : "0.001101",
      "s" : "sell",
      "i" : "FER_USD",
      "m" : "4611686018431165364"
    }, {
      "d" : "1756439859375717572",
      "t" : 1756439859375,
      "tn" : 1756439859375717572,
      "q" : "1613",
      "p" : "0.001108",
      "s" : "buy",
      "i" : "FER_USD",
      "m" : "4611686018431165363"
    }, {
      "d" : "1756439760327855948",
      "t" : 1756439760327,
      "tn" : 1756439760327855948,
      "q" : "978",
      "p" : "0.001112",
      "s" : "buy",
      "i" : "FER_USD",
      "m" : "4611686018431165362"
    }, {
      "d" : "1756439737405391344",
      "t" : 1756439737405,
      "tn" : 1756439737405391344,
      "q" : "2244",
      "p" : "0.001099",
      "s" : "sell",
      "i" : "FER_USD",
      "m" : "4611686018431165361"
    }, {
      "d" : "1756439602759011799",
      "t" : 1756439602759,
      "tn" : 1756439602759011799,
      "q" : "1102",
      "p" : "0.001116",
      "s" : "buy",
      "i" : "FER_USD",
      "m" : "4611686018431165360"
    }, {
      "d" : "1756439418101790097",
      "t" : 1756439418101,
      "tn" : 1756439418101790097,
      "q" : "10992",
      "p" : "0.001116",
      "s" : "buy",
      "i" : "FER_USD",
      "m" : "4611686018431165359"
    }, {
      "d" : "1756439178797991140",
      "t" : 1756439178797,
      "tn" : 1756439178797991140,
      "q" : "2440",
      "p" : "0.001123",
      "s" : "buy",
      "i" : "FER_USD",
      "m" : "4611686018431165358"
    }, {
      "d" : "1756438682147220038",
      "t" : 1756438682147,
      "tn" : 1756438682147220038,
      "q" : "6320",
      "p" : "0.001124",
      "s" : "buy",
      "i" : "FER_USD",
      "m" : "4611686018431165357"
    }, {
      "d" : "1756438547931039429",
      "t" : 1756438547931,
      "tn" : 1756438547931039429,
      "q" : "53239",
      "p" : "0.001127",
      "s" : "sell",
      "i" : "FER_USD",
      "m" : "4611686018431165356"
    }, {
      "d" : "1756438437745174078",
      "t" : 1756438437745,
      "tn" : 1756438437745174078,
      "q" : "3309",
      "p" : "0.001143",
      "s" : "buy",
      "i" : "FER_USD",
      "m" : "4611686018431165355"
    }, {
      "d" : "1756438279535175909",
      "t" : 1756438279535,
      "tn" : 1756438279535175909,
      "q" : "2500",
      "p" : "0.001143",
      "s" : "buy",
      "i" : "FER_USD",
      "m" : "4611686018431165354"
    }, {
      "d" : "1756438213349560317",
      "t" : 1756438213349,
      "tn" : 1756438213349560317,
      "q" : "11296",
      "p" : "0.001141",
      "s" : "buy",
      "i" : "FER_USD",
      "m" : "4611686018431165353"
    }, {
      "d" : "1756437708902142372",
      "t" : 1756437708902,
      "tn" : 1756437708902142372,
      "q" : "17621",
      "p" : "0.001135",
      "s" : "sell",
      "i" : "FER_USD",
      "m" : "4611686018431165352"
    }, {
      "d" : "1756437707001825834",
      "t" : 1756437707001,
      "tn" : 1756437707001825834,
      "q" : "3829",
      "p" : "0.001142",
      "s" : "buy",
      "i" : "FER_USD",
      "m" : "4611686018431165351"
    }, {
      "d" : "1756437241347606482",
      "t" : 1756437241347,
      "tn" : 1756437241347606482,
      "q" : "11686",
      "p" : "0.001158",
      "s" : "buy",
      "i" : "FER_USD",
      "m" : "4611686018431165350"
    }, {
      "d" : "1756436395082124862",
      "t" : 1756436395082,
      "tn" : 1756436395082124862,
      "q" : "17011",
      "p" : "0.001152",
      "s" : "buy",
      "i" : "FER_USD",
      "m" : "4611686018431165349"
    }, {
      "d" : "1756436286079169003",
      "t" : 1756436286079,
      "tn" : 1756436286079169003,
      "q" : "362",
      "p" : "0.001146",
      "s" : "sell",
      "i" : "FER_USD",
      "m" : "4611686018431165348"
    }, {
      "d" : "1756436286079166099",
      "t" : 1756436286079,
      "tn" : 1756436286079166099,
      "q" : "78172",
      "p" : "0.001147",
      "s" : "sell",
      "i" : "FER_USD",
      "m" : "4611686018431165347"
    }, {
      "d" : "1756435908891367156",
      "t" : 1756435908891,
      "tn" : 1756435908891367156,
      "q" : "3375",
      "p" : "0.001154",
      "s" : "buy",
      "i" : "FER_USD",
      "m" : "4611686018431165346"
    }, {
      "d" : "1756435905041696413",
      "t" : 1756435905041,
      "tn" : 1756435905041696413,
      "q" : "78172",
      "p" : "0.001147",
      "s" : "buy",
      "i" : "FER_USD",
      "m" : "4611686018431165345"
    }, {
      "d" : "1756435196903961790",
      "t" : 1756435196903,
      "tn" : 1756435196903961790,
      "q" : "1368",
      "p" : "0.001130",
      "s" : "buy",
      "i" : "FER_USD",
      "m" : "4611686018431165344"
    }, {
      "d" : "1756435058504255335",
      "t" : 1756435058504,
      "tn" : 1756435058504255335,
      "q" : "53144",
      "p" : "0.001129",
      "s" : "sell",
      "i" : "FER_USD",
      "m" : "4611686018431165343"
    }, {
      "d" : "1756434959601885947",
      "t" : 1756434959601,
      "tn" : 1756434959601885947,
      "q" : "10027",
      "p" : "0.001136",
      "s" : "buy",
      "i" : "FER_USD",
      "m" : "4611686018431165342"
    }, {
      "d" : "1756434823070214659",
      "t" : 1756434823070,
      "tn" : 1756434823070214659,
      "q" : "1536",
      "p" : "0.001135",
      "s" : "buy",
      "i" : "FER_USD",
      "m" : "4611686018431165341"
    }, {
      "d" : "1756434736739561921",
      "t" : 1756434736739,
      "tn" : 1756434736739561921,
      "q" : "40257",
      "p" : "0.001137",
      "s" : "buy",
      "i" : "FER_USD",
      "m" : "4611686018431165340"
    }, {
      "d" : "1756434575395251891",
      "t" : 1756434575395,
      "tn" : 1756434575395251891,
      "q" : "9174",
      "p" : "0.001137",
      "s" : "buy",
      "i" : "FER_USD",
      "m" : "4611686018431165339"
    }, {
      "d" : "1756434560165093448",
      "t" : 1756434560165,
      "tn" : 1756434560165093448,
      "q" : "16572",
      "p" : "0.001135",
      "s" : "buy",
      "i" : "FER_USD",
      "m" : "4611686018431165338"
    }, {
      "d" : "1756434320857938651",
      "t" : 1756434320857,
      "tn" : 1756434320857938651,
      "q" : "2964",
      "p" : "0.001141",
      "s" : "buy",
      "i" : "FER_USD",
      "m" : "4611686018431165337"
    }, {
      "d" : "1756434219615460031",
      "t" : 1756434219615,
      "tn" : 1756434219615460031,
      "q" : "4660",
      "p" : "0.001149",
      "s" : "buy",
      "i" : "FER_USD",
      "m" : "4611686018431165336"
    }, {
      "d" : "1756434138372405172",
      "t" : 1756434138372,
      "tn" : 1756434138372405172,
      "q" : "77787",
      "p" : "0.001157",
      "s" : "sell",
      "i" : "FER_USD",
      "m" : "4611686018431165335"
    }, {
      "d" : "1756434122883962770",
      "t" : 1756434122883,
      "tn" : 1756434122883962770,
      "q" : "51635",
      "p" : "0.001162",
      "s" : "sell",
      "i" : "FER_USD",
      "m" : "4611686018431165334"
    }, {
      "d" : "1756433856015183536",
      "t" : 1756433856015,
      "tn" : 1756433856015183536,
      "q" : "51502",
      "p" : "0.001165",
      "s" : "sell",
      "i" : "FER_USD",
      "m" : "4611686018431165333"
    }, {
      "d" : "1756433823038684137",
      "t" : 1756433823038,
      "tn" : 1756433823038684137,
      "q" : "53040",
      "p" : "0.001173",
      "s" : "buy",
      "i" : "FER_USD",
      "m" : "4611686018431165332"
    }, {
      "d" : "1756433817854580250",
      "t" : 1756433817854,
      "tn" : 1756433817854580250,
      "q" : "78172",
      "p" : "0.001170",
      "s" : "buy",
      "i" : "FER_USD",
      "m" : "4611686018431165331"
    }, {
      "d" : "1756433634280300054",
      "t" : 1756433634280,
      "tn" : 1756433634280300054,
      "q" : "7794",
      "p" : "0.001164",
      "s" : "sell",
      "i" : "FER_USD",
      "m" : "4611686018431165330"
    }, {
      "d" : "1756433069111272964",
      "t" : 1756433069111,
      "tn" : 1756433069111272964,
      "q" : "9710",
      "p" : "0.001162",
      "s" : "buy",
      "i" : "FER_USD",
      "m" : "4611686018431165329"
    }, {
      "d" : "1756433065521936491",
      "t" : 1756433065521,
      "tn" : 1756433065521936491,
      "q" : "4086",
      "p" : "0.001162",
      "s" : "buy",
      "i" : "FER_USD",
      "m" : "4611686018431165328"
    }, {
      "d" : "1756432945990724246",
      "t" : 1756432945990,
      "tn" : 1756432945990724246,
      "q" : "2145",
      "p" : "0.001155",
      "s" : "sell",
      "i" : "FER_USD",
      "m" : "4611686018431165327"
    }, {
      "d" : "1756432815433176943",
      "t" : 1756432815433,
      "tn" : 1756432815433176943,
      "q" : "1247",
      "p" : "0.001158",
      "s" : "sell",
      "i" : "FER_USD",
      "m" : "4611686018431165326"
    }, {
      "d" : "1756432685788767517",
      "t" : 1756432685788,
      "tn" : 1756432685788767517,
      "q" : "1848",
      "p" : "0.001166",
      "s" : "buy",
      "i" : "FER_USD",
      "m" : "4611686018431165325"
    }, {
      "d" : "1756432371157602969",
      "t" : 1756432371157,
      "tn" : 1756432371157602969,
      "q" : "17212",
      "p" : "0.001162",
      "s" : "sell",
      "i" : "FER_USD",
      "m" : "4611686018431165324"
    }, {
      "d" : "1756432371155264024",
      "t" : 1756432371155,
      "tn" : 1756432371155264024,
      "q" : "17212",
      "p" : "0.001162",
      "s" : "sell",
      "i" : "FER_USD",
      "m" : "4611686018431165323"
    }, {
      "d" : "1756432251326474803",
      "t" : 1756432251326,
      "tn" : 1756432251326474803,
      "q" : "888",
      "p" : "0.001174",
      "s" : "buy",
      "i" : "FER_USD",
      "m" : "4611686018431165322"
    }, {
      "d" : "1756432204805043149",
      "t" : 1756432204805,
      "tn" : 1756432204805043149,
      "q" : "10091",
      "p" : "0.001173",
      "s" : "buy",
      "i" : "FER_USD",
      "m" : "4611686018431165321"
    }, {
      "d" : "1756432050349373165",
      "t" : 1756432050349,
      "tn" : 1756432050349373165,
      "q" : "40186",
      "p" : "0.001174",
      "s" : "buy",
      "i" : "FER_USD",
      "m" : "4611686018431165320"
    }, {
      "d" : "1756431746302784158",
      "t" : 1756431746302,
      "tn" : 1756431746302784158,
      "q" : "23728",
      "p" : "0.001172",
      "s" : "buy",
      "i" : "FER_USD",
      "m" : "4611686018431165319"
    }, {
      "d" : "1756431608147665649",
      "t" : 1756431608147,
      "tn" : 1756431608147665649,
      "q" : "50891",
      "p" : "0.001179",
      "s" : "sell",
      "i" : "FER_USD",
      "m" : "4611686018431165318"
    }, {
      "d" : "1756431466703667088",
      "t" : 1756431466703,
      "tn" : 1756431466703667088,
      "q" : "18949",
      "p" : "0.001185",
      "s" : "sell",
      "i" : "FER_USD",
      "m" : "4611686018431165317"
    }, {
      "d" : "1756431215302800606",
      "t" : 1756431215302,
      "tn" : 1756431215302800606,
      "q" : "1068",
      "p" : "0.001184",
      "s" : "sell",
      "i" : "FER_USD",
      "m" : "4611686018431165316"
    }, {
      "d" : "1756430986860776099",
      "t" : 1756430986860,
      "tn" : 1756430986860776099,
      "q" : "2835",
      "p" : "0.001167",
      "s" : "buy",
      "i" : "FER_USD",
      "m" : "4611686018431165315"
    }, {
      "d" : "1756430846198945622",
      "t" : 1756430846198,
      "tn" : 1756430846198945622,
      "q" : "12098",
      "p" : "0.001164",
      "s" : "buy",
      "i" : "FER_USD",
      "m" : "4611686018431165314"
    }, {
      "d" : "1756430680940449062",
      "t" : 1756430680940,
      "tn" : 1756430680940449062,
      "q" : "10186",
      "p" : "0.001158",
      "s" : "buy",
      "i" : "FER_USD",
      "m" : "4611686018431165313"
    }, {
      "d" : "1756430654747984005",
      "t" : 1756430654747,
      "tn" : 1756430654747984005,
      "q" : "77855",
      "p" : "0.001156",
      "s" : "sell",
      "i" : "FER_USD",
      "m" : "4611686018431165312"
    }, {
      "d" : "1756430448644550086",
      "t" : 1756430448644,
      "tn" : 1756430448644550086,
      "q" : "11716",
      "p" : "0.001157",
      "s" : "sell",
      "i" : "FER_USD",
      "m" : "4611686018431165311"
    }, {
      "d" : "1756430448644548293",
      "t" : 1756430448644,
      "tn" : 1756430448644548293,
      "q" : "5570",
      "p" : "0.001163",
      "s" : "sell",
      "i" : "FER_USD",
      "m" : "4611686018431165310"
    }, {
      "d" : "1756430445835693698",
      "t" : 1756430445835,
      "tn" : 1756430445835693698,
      "q" : "865",
      "p" : "0.001163",
      "s" : "buy",
      "i" : "FER_USD",
      "m" : "4611686018431165309"
    }, {
      "d" : "1756430445719866831",
      "t" : 1756430445719,
      "tn" : 1756430445719866831,
      "q" : "17286",
      "p" : "0.001157",
      "s" : "sell",
      "i" : "FER_USD",
      "m" : "4611686018431165308"
    }, {
      "d" : "1756430440792524858",
      "t" : 1756430440792,
      "tn" : 1756430440792524858,
      "q" : "34483",
      "p" : "0.001160",
      "s" : "sell",
      "i" : "FER_USD",
      "m" : "4611686018431165307"
    }, {
      "d" : "1756430440787078479",
      "t" : 1756430440787,
      "tn" : 1756430440787078479,
      "q" : "112713",
      "p" : "0.001160",
      "s" : "buy",
      "i" : "FER_USD",
      "m" : "4611686018431165306"
    }, {
      "d" : "1756430435661536524",
      "t" : 1756430435661,
      "tn" : 1756430435661536524,
      "q" : "78172",
      "p" : "0.001156",
      "s" : "buy",
      "i" : "FER_USD",
      "m" : "4611686018431165305"
    }, {
      "d" : "1756430232001664655",
      "t" : 1756430232001,
      "tn" : 1756430232001664655,
      "q" : "1298",
      "p" : "0.001163",
      "s" : "buy",
      "i" : "FER_USD",
      "m" : "4611686018431165304"
    }, {
      "d" : "1756430194513283958",
      "t" : 1756430194513,
      "tn" : 1756430194513283958,
      "q" : "8035",
      "p" : "0.001165",
      "s" : "buy",
      "i" : "FER_USD",
      "m" : "4611686018431165303"
    }, {
      "d" : "1756429385796500388",
      "t" : 1756429385796,
      "tn" : 1756429385796500388,
      "q" : "5682",
      "p" : "0.001185",
      "s" : "buy",
      "i" : "FER_USD",
      "m" : "4611686018431165302"
    }, {
      "d" : "1756429381987018700",
      "t" : 1756429381987,
      "tn" : 1756429381987018700,
      "q" : "1607",
      "p" : "0.001185",
      "s" : "buy",
      "i" : "FER_USD",
      "m" : "4611686018431165301"
    }, {
      "d" : "1756429177122602997",
      "t" : 1756429177122,
      "tn" : 1756429177122602997,
      "q" : "16733",
      "p" : "0.001173",
      "s" : "buy",
      "i" : "FER_USD",
      "m" : "4611686018431165300"
    }, {
      "d" : "1756428663209193799",
      "t" : 1756428663209,
      "tn" : 1756428663209193799,
      "q" : "1597",
      "p" : "0.001173",
      "s" : "buy",
      "i" : "FER_USD",
      "m" : "4611686018431165299"
    }, {
      "d" : "1756428658415924445",
      "t" : 1756428658415,
      "tn" : 1756428658415924445,
      "q" : "10083",
      "p" : "0.001167",
      "s" : "sell",
      "i" : "FER_USD",
      "m" : "4611686018431165298"
    }, {
      "d" : "1756427870023474281",
      "t" : 1756427870023,
      "tn" : 1756427870023474281,
      "q" : "26064",
      "p" : "0.001160",
      "s" : "sell",
      "i" : "FER_USD",
      "m" : "4611686018431165297"
    }, {
      "d" : "1756427597611452847",
      "t" : 1756427597611,
      "tn" : 1756427597611452847,
      "q" : "4145",
      "p" : "0.001155",
      "s" : "buy",
      "i" : "FER_USD",
      "m" : "4611686018431165296"
    }, {
      "d" : "1756427521107324876",
      "t" : 1756427521107,
      "tn" : 1756427521107324876,
      "q" : "76401",
      "p" : "0.001178",
      "s" : "sell",
      "i" : "FER_USD",
      "m" : "4611686018431165295"
    }, {
      "d" : "1756427506230053559",
      "t" : 1756427506230,
      "tn" : 1756427506230053559,
      "q" : "50633",
      "p" : "0.001185",
      "s" : "sell",
      "i" : "FER_USD",
      "m" : "4611686018431165294"
    }, {
      "d" : "1756427338864895435",
      "t" : 1756427338864,
      "tn" : 1756427338864895435,
      "q" : "24954",
      "p" : "0.001196",
      "s" : "buy",
      "i" : "FER_USD",
      "m" : "4611686018431165293"
    }, {
      "d" : "1756427154084474608",
      "t" : 1756427154084,
      "tn" : 1756427154084474608,
      "q" : "17000",
      "p" : "0.001211",
      "s" : "buy",
      "i" : "FER_USD",
      "m" : "4611686018431165292"
    } ]
  }
}