{
  "id" : -1,
  "method" : "public/get-trades",
  "code" : 0,
  "result" : {
    "data" : [ {
      "d" : "1756460971002071798",
      "t" : 1756460971002,
      "tn" : 1756460971002071798,
      "q" : "1.9",
      "p" : "0.6205",
      "s" : "sell",
      "i" : "FET_USD",
      "m" : "4611686018433871186"
    }, {
      "d" : "1756460944598174520",
      "t" : 1756460944598,
      "tn" : 1756460944598174520,
      "q" : "1.9",
      "p" : "0.6204",
      "s" : "sell",
      "i" : "FET_USD",
      "m" : "4611686018433871185"
    }, {
      "d" : "1756460944373338164",
      "t" : 1756460944373,
      "tn" : 1756460944373338164,
      "q" : "1.9",
      "p" : "0.6204",
      "s" : "sell",
      "i" : "FET_USD",
      "m" : "4611686018433871184"
    }, {
      "d" : "1756460944270536816",
      "t" : 1756460944270,
      "tn" : 1756460944270536816,
      "q" : "1.9",
      "p" : "0.6205",
      "s" : "sell",
      "i" : "FET_USD",
      "m" : "4611686018433871183"
    }, {
      "d" : "1756460940632547554",
      "t" : 1756460940632,
      "tn" : 1756460940632547554,
      "q" : "1.9",
      "p" : "0.6205",
      "s" : "sell",
      "i" : "FET_USD",
      "m" : "4611686018433871182"
    }, {
      "d" : "1756460938593247025",
      "t" : 1756460938593,
      "tn" : 1756460938593247025,
      "q" : "16.2",
      "p" : "0.6204",
      "s" : "buy",
      "i" : "FET_USD",
      "m" : "4611686018433871181"
    }, {
      "d" : "1756460926709645432",
      "t" : 1756460926709,
      "tn" : 1756460926709645432,
      "q" : "1.9",
      "p" : "0.6203",
      "s" : "sell",
      "i" : "FET_USD",
      "m" : "4611686018433871180"
    }, {
      "d" : "1756460926558972831",
      "t" : 1756460926558,
      "tn" : 1756460926558972831,
      "q" : "1.9",
      "p" : "0.6203",
      "s" : "sell",
      "i" : "FET_USD",
      "m" : "4611686018433871179"
    }, {
      "d" : "1756460926433045307",
      "t" : 1756460926433,
      "tn" : 1756460926433045307,
      "q" : "1.9",
      "p" : "0.6203",
      "s" : "sell",
      "i" : "FET_USD",
      "m" : "4611686018433871178"
    }, {
      "d" : "1756460926369951678",
      "t" : 1756460926369,
      "tn" : 1756460926369951678,
      "q" : "1.9",
      "p" : "0.6203",
      "s" : "sell",
      "i" : "FET_USD",
      "m" : "4611686018433871177"
    }, {
      "d" : "1756460917761343029",
      "t" : 1756460917761,
      "tn" : 1756460917761343029,
      "q" : "1.9",
      "p" : "0.6203",
      "s" : "sell",
      "i" : "FET_USD",
      "m" : "4611686018433871176"
    }, {
      "d" : "1756460914677957148",
      "t" : 1756460914677,
      "tn" : 1756460914677957148,
      "q" : "1.9",
      "p" : "0.6203",
      "s" : "sell",
      "i" : "FET_USD",
      "m" : "4611686018433871175"
    }, {
      "d" : "1756460913783789411",
      "t" : 1756460913783,
      "tn" : 1756460913783789411,
      "q" : "1.9",
      "p" : "0.6203",
      "s" : "sell",
      "i" : "FET_USD",
      "m" : "4611686018433871174"
    }, {
      "d" : "1756460913022404043",
      "t" : 1756460913022,
      "tn" : 1756460913022404043,
      "q" : "1.9",
      "p" : "0.6203",
      "s" : "sell",
      "i" : "FET_USD",
      "m" : "4611686018433871173"
    }, {
      "d" : "1756460908221471999",
      "t" : 1756460908221,
      "tn" : 1756460908221471999,
      "q" : "1.8",
      "p" : "0.6197",
      "s" : "buy",
      "i" : "FET_USD",
      "m" : "4611686018433871172"
    }, {
      "d" : "1756460833003119554",
      "t" : 1756460833003,
      "tn" : 1756460833003119554,
      "q" : "1.8",
      "p" : "0.6192",
      "s" : "sell",
      "i" : "FET_USD",
      "m" : "4611686018433871171"
    }, {
      "d" : "1756460827320248355",
      "t" : 1756460827320,
      "tn" : 1756460827320248355,
      "q" : "1.9",
      "p" : "0.6193",
      "s" : "sell",
      "i" : "FET_USD",
      "m" : "4611686018433871170"
    }, {
      "d" : "1756460819679318894",
      "t" : 1756460819679,
      "tn" : 1756460819679318894,
      "q" : "1.8",
      "p" : "0.6192",
      "s" : "sell",
      "i" : "FET_USD",
      "m" : "4611686018433871169"
    }, {
      "d" : "1756460815002858845",
      "t" : 1756460815002,
      "tn" : 1756460815002858845,
      "q" : "19.5",
      "p" : "0.6193",
      "s" : "buy",
      "i" : "FET_USD",
      "m" : "4611686018433871168"
    }, {
      "d" : "1756460813040448937",
      "t" : 1756460813040,
      "tn" : 1756460813040448937,
      "q" : "1.9",
      "p" : "0.6193",
      "s" : "sell",
      "i" : "FET_USD",
      "m" : "4611686018433871167"
    }, {
      "d" : "1756460811610930087",
      "t" : 1756460811610,
      "tn" : 1756460811610930087,
      "q" : "1.9",
      "p" : "0.6193",
      "s" : "sell",
      "i" : "FET_USD",
      "m" : "4611686018433871166"
    }, {
      "d" : "1756460811528741524",
      "t" : 1756460811528,
      "tn" : 1756460811528741524,
      "q" : "1.9",
      "p" : "0.6193",
      "s" : "sell",
      "i" : "FET_USD",
      "m" : "4611686018433871165"
    }, {
      "d" : "1756460807677135477",
      "t" : 1756460807677,
      "tn" : 1756460807677135477,
      "q" : "0.1",
      "p" : "0.6191",
      "s" : "sell",
      "i" : "FET_USD",
      "m" : "4611686018433871164"
    }, {
      "d" : "1756460807668015095",
      "t" : 1756460807668,
      "tn" : 1756460807668015095,
      "q" : "1.8",
      "p" : "0.6191",
      "s" : "sell",
      "i" : "FET_USD",
      "m" : "4611686018433871163"
    }, {
      "d" : "1756460806453218018",
      "t" : 1756460806453,
      "tn" : 1756460806453218018,
      "q" : "1.9",
      "p" : "0.6193",
      "s" : "sell",
      "i" : "FET_USD",
      "m" : "4611686018433871162"
    }, {
      "d" : "1756460805739347288",
      "t" : 1756460805739,
      "tn" : 1756460805739347288,
      "q" : "1.9",
      "p" : "0.6193",
      "s" : "sell",
      "i" : "FET_USD",
      "m" : "4611686018433871161"
    }, {
      "d" : "1756460804077926259",
      "t" : 1756460804077,
      "tn" : 1756460804077926259,
      "q" : "1.9",
      "p" : "0.6195",
      "s" : "sell",
      "i" : "FET_USD",
      "m" : "4611686018433871160"
    }, {
      "d" : "1756460749428816438",
      "t" : 1756460749428,
      "tn" : 1756460749428816438,
      "q" : "1.8",
      "p" : "0.6187",
      "s" : "buy",
      "i" : "FET_USD",
      "m" : "4611686018433871159"
    }, {
      "d" : "1756460736453481793",
      "t" : 1756460736453,
      "tn" : 1756460736453481793,
      "q" : "88.3",
      "p" : "0.6182",
      "s" : "buy",
      "i" : "FET_USD",
      "m" : "4611686018433871158"
    }, {
      "d" : "1756460736453411176",
      "t" : 1756460736453,
      "tn" : 1756460736453411176,
      "q" : "78.5",
      "p" : "0.6182",
      "s" : "buy",
      "i" : "FET_USD",
      "m" : "4611686018433871157"
    }, {
      "d" : "1756460736452798338",
      "t" : 1756460736452,
      "tn" : 1756460736452798338,
      "q" : "78.5",
      "p" : "0.6182",
      "s" : "buy",
      "i" : "FET_USD",
      "m" : "4611686018433871156"
    }, {
      "d" : "1756460678172316695",
      "t" : 1756460678172,
      "tn" : 1756460678172316695,
      "q" : "1.9",
      "p" : "0.6183",
      "s" : "sell",
      "i" : "FET_USD",
      "m" : "4611686018433871155"
    }, {
      "d" : "1756460590280106419",
      "t" : 1756460590280,
      "tn" : 1756460590280106419,
      "q" : "1.8",
      "p" : "0.6177",
      "s" : "buy",
      "i" : "FET_USD",
      "m" : "4611686018433871154"
    }, {
      "d" : "1756460561892457273",
      "t" : 1756460561892,
      "tn" : 1756460561892457273,
      "q" : "1.8",
      "p" : "0.6180",
      "s" : "sell",
      "i" : "FET_USD",
      "m" : "4611686018433871153"
    }, {
      "d" : "1756460525441747255",
      "t" : 1756460525441,
      "tn" : 1756460525441747255,
      "q" : "78.4",
      "p" : "0.6182",
      "s" : "buy",
      "i" : "FET_USD",
      "m" : "4611686018433871152"
    }, {
      "d" : "1756460525435488154",
      "t" : 1756460525435,
      "tn" : 1756460525435488154,
      "q" : "78.5",
      "p" : "0.6182",
      "s" : "buy",
      "i" : "FET_USD",
      "m" : "4611686018433871151"
    }, {
      "d" : "1756460444645938135",
      "t" : 1756460444645,
      "tn" : 1756460444645938135,
      "q" : "218.7",
      "p" : "0.6181",
      "s" : "buy",
      "i" : "FET_USD",
      "m" : "4611686018433871150"
    }, {
      "d" : "1756460444046492224",
      "t" : 1756460444046,
      "tn" : 1756460444046492224,
      "q" : "78.5",
      "p" : "0.6181",
      "s" : "buy",
      "i" : "FET_USD",
      "m" : "4611686018433871149"
    }, {
      "d" : "1756460444045885759",
      "t" : 1756460444045,
      "tn" : 1756460444045885759,
      "q" : "78.3",
      "p" : "0.6181",
      "s" : "buy",
      "i" : "FET_USD",
      "m" : "4611686018433871148"
    }, {
      "d" : "1756460382754370666",
      "t" : 1756460382754,
      "tn" : 1756460382754370666,
      "q" : "229.7",
      "p" : "0.6182",
      "s" : "buy",
      "i" : "FET_USD",
      "m" : "4611686018433871147"
    }, {
      "d" : "1756460363810722222",
      "t" : 1756460363810,
      "tn" : 1756460363810722222,
      "q" : "1.8",
      "p" : "0.6182",
      "s" : "sell",
      "i" : "FET_USD",
      "m" : "4611686018433871146"
    }, {
      "d" : "1756460317145161787",
      "t" : 1756460317145,
      "tn" : 1756460317145161786,
      "q" : "1.9",
      "p" : "0.6185",
      "s" : "sell",
      "i" : "FET_USD",
      "m" : "4611686018433871145"
    }, {
      "d" : "1756460317145161786",
      "t" : 1756460317145,
      "tn" : 1756460317145161786,
      "q" : "449.7",
      "p" : "0.6185",
      "s" : "sell",
      "i" : "FET_USD",
      "m" : "4611686018433871145"
    }, {
      "d" : "1756460301996183861",
      "t" : 1756460301996,
      "tn" : 1756460301996183861,
      "q" : "78.4",
      "p" : "0.6186",
      "s" : "sell",
      "i" : "FET_USD",
      "m" : "4611686018433871144"
    }, {
      "d" : "1756460208099619803",
      "t" : 1756460208099,
      "tn" : 1756460208099619803,
      "q" : "1.9",
      "p" : "0.6184",
      "s" : "sell",
      "i" : "FET_USD",
      "m" : "4611686018433871143"
    }, {
      "d" : "1756460208038073225",
      "t" : 1756460208038,
      "tn" : 1756460208038073225,
      "q" : "1.9",
      "p" : "0.6184",
      "s" : "sell",
      "i" : "FET_USD",
      "m" : "4611686018433871142"
    }, {
      "d" : "1756460206921946199",
      "t" : 1756460206921,
      "tn" : 1756460206921946199,
      "q" : "1.9",
      "p" : "0.6185",
      "s" : "sell",
      "i" : "FET_USD",
      "m" : "4611686018433871141"
    }, {
      "d" : "1756460175865219284",
      "t" : 1756460175865,
      "tn" : 1756460175865219284,
      "q" : "1.9",
      "p" : "0.6178",
      "s" : "buy",
      "i" : "FET_USD",
      "m" : "4611686018433871140"
    }, {
      "d" : "1756460175840406299",
      "t" : 1756460175840,
      "tn" : 1756460175840406299,
      "q" : "1.9",
      "p" : "0.6180",
      "s" : "sell",
      "i" : "FET_USD",
      "m" : "4611686018433871139"
    }, {
      "d" : "1756460167175562150",
      "t" : 1756460167175,
      "tn" : 1756460167175562150,
      "q" : "1.9",
      "p" : "0.6184",
      "s" : "sell",
      "i" : "FET_USD",
      "m" : "4611686018433871138"
    }, {
      "d" : "1756460167126595769",
      "t" : 1756460167126,
      "tn" : 1756460167126595769,
      "q" : "1.9",
      "p" : "0.6185",
      "s" : "sell",
      "i" : "FET_USD",
      "m" : "4611686018433871137"
    }, {
      "d" : "1756460053169316796",
      "t" : 1756460053169,
      "tn" : 1756460053169316796,
      "q" : "1.9",
      "p" : "0.6183",
      "s" : "sell",
      "i" : "FET_USD",
      "m" : "4611686018433871136"
    }, {
      "d" : "1756460053057842808",
      "t" : 1756460053057,
      "tn" : 1756460053057842808,
      "q" : "1.9",
      "p" : "0.6183",
      "s" : "sell",
      "i" : "FET_USD",
      "m" : "4611686018433871135"
    }, {
      "d" : "1756460043883057122",
      "t" : 1756460043883,
      "tn" : 1756460043883057122,
      "q" : "0.1",
      "p" : "0.6185",
      "s" : "sell",
      "i" : "FET_USD",
      "m" : "4611686018433871134"
    }, {
      "d" : "1756460043834875839",
      "t" : 1756460043834,
      "tn" : 1756460043834875839,
      "q" : "1.8",
      "p" : "0.6185",
      "s" : "sell",
      "i" : "FET_USD",
      "m" : "4611686018433871133"
    }, {
      "d" : "1756460043786913334",
      "t" : 1756460043786,
      "tn" : 1756460043786913334,
      "q" : "1.9",
      "p" : "0.6185",
      "s" : "sell",
      "i" : "FET_USD",
      "m" : "4611686018433871132"
    }, {
      "d" : "1756460043784637752",
      "t" : 1756460043784,
      "tn" : 1756460043784637752,
      "q" : "0.1",
      "p" : "0.6185",
      "s" : "sell",
      "i" : "FET_USD",
      "m" : "4611686018433871131"
    }, {
      "d" : "1756460043784511407",
      "t" : 1756460043784,
      "tn" : 1756460043784511407,
      "q" : "1.8",
      "p" : "0.6185",
      "s" : "sell",
      "i" : "FET_USD",
      "m" : "4611686018433871130"
    }, {
      "d" : "1756459940722309195",
      "t" : 1756459940722,
      "tn" : 1756459940722309195,
      "q" : "1.9",
      "p" : "0.6190",
      "s" : "sell",
      "i" : "FET_USD",
      "m" : "4611686018433871129"
    }, {
      "d" : "1756459905189981217",
      "t" : 1756459905189,
      "tn" : 1756459905189981217,
      "q" : "1.9",
      "p" : "0.6190",
      "s" : "sell",
      "i" : "FET_USD",
      "m" : "4611686018433871128"
    }, {
      "d" : "1756459900246580440",
      "t" : 1756459900246,
      "tn" : 1756459900246580440,
      "q" : "78.4",
      "p" : "0.6189",
      "s" : "sell",
      "i" : "FET_USD",
      "m" : "4611686018433871127"
    }, {
      "d" : "1756459900245334758",
      "t" : 1756459900245,
      "tn" : 1756459900245334757,
      "q" : "1.9",
      "p" : "0.6193",
      "s" : "sell",
      "i" : "FET_USD",
      "m" : "4611686018433871126"
    }, {
      "d" : "1756459900245334757",
      "t" : 1756459900245,
      "tn" : 1756459900245334757,
      "q" : "782.1",
      "p" : "0.6193",
      "s" : "sell",
      "i" : "FET_USD",
      "m" : "4611686018433871126"
    }, {
      "d" : "1756459885217048668",
      "t" : 1756459885217,
      "tn" : 1756459885217048668,
      "q" : "1.9",
      "p" : "0.6194",
      "s" : "sell",
      "i" : "FET_USD",
      "m" : "4611686018433871125"
    }, {
      "d" : "1756459881034327887",
      "t" : 1756459881034,
      "tn" : 1756459881034327887,
      "q" : "16.2",
      "p" : "0.6189",
      "s" : "buy",
      "i" : "FET_USD",
      "m" : "4611686018433871124"
    }, {
      "d" : "1756459881034325182",
      "t" : 1756459881034,
      "tn" : 1756459881034325182,
      "q" : "1.9",
      "p" : "0.6186",
      "s" : "buy",
      "i" : "FET_USD",
      "m" : "4611686018433871123"
    }, {
      "d" : "1756459877343250688",
      "t" : 1756459877343,
      "tn" : 1756459877343250688,
      "q" : "1.9",
      "p" : "0.6191",
      "s" : "sell",
      "i" : "FET_USD",
      "m" : "4611686018433871122"
    }, {
      "d" : "1756459877273996150",
      "t" : 1756459877273,
      "tn" : 1756459877273996150,
      "q" : "1.9",
      "p" : "0.6192",
      "s" : "sell",
      "i" : "FET_USD",
      "m" : "4611686018433871121"
    }, {
      "d" : "1756459876243205827",
      "t" : 1756459876243,
      "tn" : 1756459876243205827,
      "q" : "1.9",
      "p" : "0.6195",
      "s" : "sell",
      "i" : "FET_USD",
      "m" : "4611686018433871120"
    }, {
      "d" : "1756459873908155491",
      "t" : 1756459873908,
      "tn" : 1756459873908155491,
      "q" : "42.5",
      "p" : "0.6195",
      "s" : "sell",
      "i" : "FET_USD",
      "m" : "4611686018433871119"
    }, {
      "d" : "1756459873908153430",
      "t" : 1756459873908,
      "tn" : 1756459873908153430,
      "q" : "78.4",
      "p" : "0.6196",
      "s" : "sell",
      "i" : "FET_USD",
      "m" : "4611686018433871118"
    }, {
      "d" : "1756459867816874249",
      "t" : 1756459867816,
      "tn" : 1756459867816874248,
      "q" : "1.9",
      "p" : "0.6201",
      "s" : "sell",
      "i" : "FET_USD",
      "m" : "4611686018433871117"
    }, {
      "d" : "1756459867816874248",
      "t" : 1756459867816,
      "tn" : 1756459867816874248,
      "q" : "245.9",
      "p" : "0.6201",
      "s" : "sell",
      "i" : "FET_USD",
      "m" : "4611686018433871117"
    }, {
      "d" : "1756459624778402083",
      "t" : 1756459624778,
      "tn" : 1756459624778402083,
      "q" : "1.9",
      "p" : "0.6184",
      "s" : "sell",
      "i" : "FET_USD",
      "m" : "4611686018433871116"
    }, {
      "d" : "1756459601894380947",
      "t" : 1756459601894,
      "tn" : 1756459601894380947,
      "q" : "78.4",
      "p" : "0.6185",
      "s" : "sell",
      "i" : "FET_USD",
      "m" : "4611686018433871115"
    }, {
      "d" : "1756459601756417767",
      "t" : 1756459601756,
      "tn" : 1756459601756417766,
      "q" : "1.8",
      "p" : "0.6185",
      "s" : "sell",
      "i" : "FET_USD",
      "m" : "4611686018433871114"
    }, {
      "d" : "1756459601756417766",
      "t" : 1756459601756,
      "tn" : 1756459601756417766,
      "q" : "78.4",
      "p" : "0.6185",
      "s" : "sell",
      "i" : "FET_USD",
      "m" : "4611686018433871114"
    }, {
      "d" : "1756459601406934996",
      "t" : 1756459601406,
      "tn" : 1756459601406934996,
      "q" : "1.9",
      "p" : "0.6191",
      "s" : "sell",
      "i" : "FET_USD",
      "m" : "4611686018433871113"
    }, {
      "d" : "1756459600272122081",
      "t" : 1756459600272,
      "tn" : 1756459600272122081,
      "q" : "1.9",
      "p" : "0.6192",
      "s" : "sell",
      "i" : "FET_USD",
      "m" : "4611686018433871112"
    }, {
      "d" : "1756459515152489373",
      "t" : 1756459515152,
      "tn" : 1756459515152489372,
      "q" : "510.9",
      "p" : "0.6183",
      "s" : "sell",
      "i" : "FET_USD",
      "m" : "4611686018433871111"
    }, {
      "d" : "1756459515152489372",
      "t" : 1756459515152,
      "tn" : 1756459515152489372,
      "q" : "1.9",
      "p" : "0.6183",
      "s" : "sell",
      "i" : "FET_USD",
      "m" : "4611686018433871111"
    }, {
      "d" : "1756459510204171340",
      "t" : 1756459510204,
      "tn" : 1756459510204171340,
      "q" : "159.0",
      "p" : "0.6180",
      "s" : "buy",
      "i" : "FET_USD",
      "m" : "4611686018433871110"
    }, {
      "d" : "1756459507638250183",
      "t" : 1756459507638,
      "tn" : 1756459507638250183,
      "q" : "1.9",
      "p" : "0.6181",
      "s" : "sell",
      "i" : "FET_USD",
      "m" : "4611686018433871109"
    }, {
      "d" : "1756459507365621009",
      "t" : 1756459507365,
      "tn" : 1756459507365621009,
      "q" : "1.9",
      "p" : "0.6183",
      "s" : "sell",
      "i" : "FET_USD",
      "m" : "4611686018433871108"
    }, {
      "d" : "1756459505933003430",
      "t" : 1756459505933,
      "tn" : 1756459505933003430,
      "q" : "1.9",
      "p" : "0.6184",
      "s" : "sell",
      "i" : "FET_USD",
      "m" : "4611686018433871107"
    }, {
      "d" : "1756459505269711077",
      "t" : 1756459505269,
      "tn" : 1756459505269711076,
      "q" : "1.9",
      "p" : "0.6185",
      "s" : "sell",
      "i" : "FET_USD",
      "m" : "4611686018433871106"
    }, {
      "d" : "1756459505269711076",
      "t" : 1756459505269,
      "tn" : 1756459505269711076,
      "q" : "157.2",
      "p" : "0.6185",
      "s" : "sell",
      "i" : "FET_USD",
      "m" : "4611686018433871106"
    }, {
      "d" : "1756459505262579131",
      "t" : 1756459505262,
      "tn" : 1756459505262579131,
      "q" : "18.0",
      "p" : "0.6185",
      "s" : "sell",
      "i" : "FET_USD",
      "m" : "4611686018433871105"
    }, {
      "d" : "1756459504055898840",
      "t" : 1756459504055,
      "tn" : 1756459504055898839,
      "q" : "52.5",
      "p" : "0.6185",
      "s" : "sell",
      "i" : "FET_USD",
      "m" : "4611686018433871104"
    }, {
      "d" : "1756459504055898839",
      "t" : 1756459504055,
      "tn" : 1756459504055898839,
      "q" : "1.9",
      "p" : "0.6185",
      "s" : "sell",
      "i" : "FET_USD",
      "m" : "4611686018433871104"
    }, {
      "d" : "1756459475265844678",
      "t" : 1756459475265,
      "tn" : 1756459475265844678,
      "q" : "1.9",
      "p" : "0.6184",
      "s" : "sell",
      "i" : "FET_USD",
      "m" : "4611686018433871103"
    }, {
      "d" : "1756459425816428996",
      "t" : 1756459425816,
      "tn" : 1756459425816428996,
      "q" : "1.9",
      "p" : "0.6185",
      "s" : "sell",
      "i" : "FET_USD",
      "m" : "4611686018433871102"
    }, {
      "d" : "1756459421806536806",
      "t" : 1756459421806,
      "tn" : 1756459421806536806,
      "q" : "1.9",
      "p" : "0.6185",
      "s" : "sell",
      "i" : "FET_USD",
      "m" : "4611686018433871101"
    }, {
      "d" : "1756459421757900201",
      "t" : 1756459421757,
      "tn" : 1756459421757900201,
      "q" : "1.9",
      "p" : "0.6185",
      "s" : "sell",
      "i" : "FET_USD",
      "m" : "4611686018433871100"
    }, {
      "d" : "1756459421686351252",
      "t" : 1756459421686,
      "tn" : 1756459421686351252,
      "q" : "1.9",
      "p" : "0.6185",
      "s" : "sell",
      "i" : "FET_USD",
      "m" : "4611686018433871099"
    }, {
      "d" : "1756459398692602732",
      "t" : 1756459398692,
      "tn" : 1756459398692602732,
      "q" : "1.9",
      "p" : "0.6192",
      "s" : "sell",
      "i" : "FET_USD",
      "m" : "4611686018433871098"
    }, {
      "d" : "1756459398623770072",
      "t" : 1756459398623,
      "tn" : 1756459398623770072,
      "q" : "1.9",
      "p" : "0.6192",
      "s" : "sell",
      "i" : "FET_USD",
      "m" : "4611686018433871097"
    }, {
      "d" : "1756459396335201889",
      "t" : 1756459396335,
      "tn" : 1756459396335201889,
      "q" : "1.9",
      "p" : "0.6192",
      "s" : "sell",
      "i" : "FET_USD",
      "m" : "4611686018433871096"
    }, {
      "d" : "1756459380483927794",
      "t" : 1756459380483,
      "tn" : 1756459380483927794,
      "q" : "1.9",
      "p" : "0.6192",
      "s" : "sell",
      "i" : "FET_USD",
      "m" : "4611686018433871095"
    }, {
      "d" : "1756459365148243674",
      "t" : 1756459365148,
      "tn" : 1756459365148243674,
      "q" : "1.9",
      "p" : "0.6192",
      "s" : "sell",
      "i" : "FET_USD",
      "m" : "4611686018433871094"
    }, {
      "d" : "1756459351076897987",
      "t" : 1756459351076,
      "tn" : 1756459351076897987,
      "q" : "1.9",
      "p" : "0.6192",
      "s" : "sell",
      "i" : "FET_USD",
      "m" : "4611686018433871093"
    }, {
      "d" : "1756459344069118098",
      "t" : 1756459344069,
      "tn" : 1756459344069118098,
      "q" : "1.9",
      "p" : "0.6191",
      "s" : "sell",
      "i" : "FET_USD",
      "m" : "4611686018433871092"
    }, {
      "d" : "1756459341663052081",
      "t" : 1756459341663,
      "tn" : 1756459341663052081,
      "q" : "1.9",
      "p" : "0.6192",
      "s" : "sell",
      "i" : "FET_USD",
      "m" : "4611686018433871091"
    }, {
      "d" : "1756459341634859318",
      "t" : 1756459341634,
      "tn" : 1756459341634859318,
      "q" : "1.9",
      "p" : "0.6192",
      "s" : "sell",
      "i" : "FET_USD",
      "m" : "4611686018433871090"
    }, {
      "d" : "1756459335478098311",
      "t" : 1756459335478,
      "tn" : 1756459335478098311,
      "q" : "1.9",
      "p" : "0.6190",
      "s" : "sell",
      "i" : "FET_USD",
      "m" : "4611686018433871089"
    }, {
      "d" : "1756459335285090295",
      "t" : 1756459335285,
      "tn" : 1756459335285090295,
      "q" : "1.9",
      "p" : "0.6190",
      "s" : "sell",
      "i" : "FET_USD",
      "m" : "4611686018433871088"
    }, {
      "d" : "1756459335194787758",
      "t" : 1756459335194,
      "tn" : 1756459335194787758,
      "q" : "1.9",
      "p" : "0.6190",
      "s" : "sell",
      "i" : "FET_USD",
      "m" : "4611686018433871087"
    }, {
      "d" : "1756459334369782593",
      "t" : 1756459334369,
      "tn" : 1756459334369782593,
      "q" : "1.9",
      "p" : "0.6190",
      "s" : "sell",
      "i" : "FET_USD",
      "m" : "4611686018433871086"
    }, {
      "d" : "1756459332718440331",
      "t" : 1756459332718,
      "tn" : 1756459332718440331,
      "q" : "1.9",
      "p" : "0.6190",
      "s" : "sell",
      "i" : "FET_USD",
      "m" : "4611686018433871085"
    }, {
      "d" : "1756459332393735763",
      "t" : 1756459332393,
      "tn" : 1756459332393735763,
      "q" : "1.9",
      "p" : "0.6191",
      "s" : "sell",
      "i" : "FET_USD",
      "m" : "4611686018433871084"
    }, {
      "d" : "1756459332341218408",
      "t" : 1756459332341,
      "tn" : 1756459332341218408,
      "q" : "1.9",
      "p" : "0.6192",
      "s" : "sell",
      "i" : "FET_USD",
      "m" : "4611686018433871083"
    }, {
      "d" : "1756459332196724725",
      "t" : 1756459332196,
      "tn" : 1756459332196724725,
      "q" : "1.9",
      "p" : "0.6192",
      "s" : "sell",
      "i" : "FET_USD",
      "m" : "4611686018433871082"
    }, {
      "d" : "1756459324870410930",
      "t" : 1756459324870,
      "tn" : 1756459324870410930,
      "q" : "1.9",
      "p" : "0.6194",
      "s" : "sell",
      "i" : "FET_USD",
      "m" : "4611686018433871081"
    }, {
      "d" : "1756459282795348651",
      "t" : 1756459282795,
      "tn" : 1756459282795348651,
      "q" : "1.9",
      "p" : "0.6185",
      "s" : "sell",
      "i" : "FET_USD",
      "m" : "4611686018433871080"
    }, {
      "d" : "1756459278523990760",
      "t" : 1756459278523,
      "tn" : 1756459278523990760,
      "q" : "1.9",
      "p" : "0.6185",
      "s" : "sell",
      "i" : "FET_USD",
      "m" : "4611686018433871079"
    }, {
      "d" : "1756459277668863498",
      "t" : 1756459277668,
      "tn" : 1756459277668863498,
      "q" : "1.9",
      "p" : "0.6185",
      "s" : "sell",
      "i" : "FET_USD",
      "m" : "4611686018433871078"
    }, {
      "d" : "1756459269690154401",
      "t" : 1756459269690,
      "tn" : 1756459269690154401,
      "q" : "1.9",
      "p" : "0.6185",
      "s" : "sell",
      "i" : "FET_USD",
      "m" : "4611686018433871077"
    }, {
      "d" : "1756459263436129445",
      "t" : 1756459263436,
      "tn" : 1756459263436129445,
      "q" : "1.9",
      "p" : "0.6184",
      "s" : "sell",
      "i" : "FET_USD",
      "m" : "4611686018433871076"
    }, {
      "d" : "1756459262604121682",
      "t" : 1756459262604,
      "tn" : 1756459262604121682,
      "q" : "1.9",
      "p" : "0.6185",
      "s" : "sell",
      "i" : "FET_USD",
      "m" : "4611686018433871075"
    }, {
      "d" : "1756459247536212602",
      "t" : 1756459247536,
      "tn" : 1756459247536212602,
      "q" : "1.9",
      "p" : "0.6190",
      "s" : "sell",
      "i" : "FET_USD",
      "m" : "4611686018433871074"
    }, {
      "d" : "1756459247464244140",
      "t" : 1756459247464,
      "tn" : 1756459247464244140,
      "q" : "1.9",
      "p" : "0.6191",
      "s" : "sell",
      "i" : "FET_USD",
      "m" : "4611686018433871073"
    }, {
      "d" : "1756459247392572388",
      "t" : 1756459247392,
      "tn" : 1756459247392572388,
      "q" : "1.9",
      "p" : "0.6191",
      "s" : "sell",
      "i" : "FET_USD",
      "m" : "4611686018433871072"
    }, {
      "d" : "1756459245008295526",
      "t" : 1756459245008,
      "tn" : 1756459245008295526,
      "q" : "1.9",
      "p" : "0.6192",
      "s" : "sell",
      "i" : "FET_USD",
      "m" : "4611686018433871071"
    }, {
      "d" : "1756459183998114090",
      "t" : 1756459183998,
      "tn" : 1756459183998114089,
      "q" : "16.2",
      "p" : "0.6186",
      "s" : "buy",
      "i" : "FET_USD",
      "m" : "4611686018433871070"
    }, {
      "d" : "1756459183998114089",
      "t" : 1756459183998,
      "tn" : 1756459183998114089,
      "q" : "1.9",
      "p" : "0.6186",
      "s" : "buy",
      "i" : "FET_USD",
      "m" : "4611686018433871070"
    }, {
      "d" : "1756459182527444416",
      "t" : 1756459182527,
      "tn" : 1756459182527444415,
      "q" : "0.1",
      "p" : "0.6184",
      "s" : "sell",
      "i" : "FET_USD",
      "m" : "4611686018433871069"
    }, {
      "d" : "1756459182527444415",
      "t" : 1756459182527,
      "tn" : 1756459182527444415,
      "q" : "1.9",
      "p" : "0.6184",
      "s" : "sell",
      "i" : "FET_USD",
      "m" : "4611686018433871069"
    }, {
      "d" : "1756459182364319301",
      "t" : 1756459182364,
      "tn" : 1756459182364319301,
      "q" : "29.2",
      "p" : "0.6184",
      "s" : "buy",
      "i" : "FET_USD",
      "m" : "4611686018433871068"
    }, {
      "d" : "1756459182000315766",
      "t" : 1756459182000,
      "tn" : 1756459182000315765,
      "q" : "78.3",
      "p" : "0.6183",
      "s" : "sell",
      "i" : "FET_USD",
      "m" : "4611686018433871067"
    }, {
      "d" : "1756459182000315765",
      "t" : 1756459182000,
      "tn" : 1756459182000315765,
      "q" : "1.9",
      "p" : "0.6183",
      "s" : "sell",
      "i" : "FET_USD",
      "m" : "4611686018433871067"
    }, {
      "d" : "1756459180638656602",
      "t" : 1756459180638,
      "tn" : 1756459180638656602,
      "q" : "1.8",
      "p" : "0.6183",
      "s" : "sell",
      "i" : "FET_USD",
      "m" : "4611686018433871066"
    }, {
      "d" : "1756459180436296210",
      "t" : 1756459180436,
      "tn" : 1756459180436296210,
      "q" : "1.8",
      "p" : "0.6182",
      "s" : "sell",
      "i" : "FET_USD",
      "m" : "4611686018433871065"
    }, {
      "d" : "1756459178465892702",
      "t" : 1756459178465,
      "tn" : 1756459178465892702,
      "q" : "0.1",
      "p" : "0.6182",
      "s" : "sell",
      "i" : "FET_USD",
      "m" : "4611686018433871064"
    }, {
      "d" : "1756459177735512511",
      "t" : 1756459177735,
      "tn" : 1756459177735512511,
      "q" : "1.8",
      "p" : "0.6182",
      "s" : "sell",
      "i" : "FET_USD",
      "m" : "4611686018433871063"
    }, {
      "d" : "1756459177361549502",
      "t" : 1756459177361,
      "tn" : 1756459177361549502,
      "q" : "1.8",
      "p" : "0.6183",
      "s" : "sell",
      "i" : "FET_USD",
      "m" : "4611686018433871062"
    }, {
      "d" : "1756459177159946280",
      "t" : 1756459177159,
      "tn" : 1756459177159946280,
      "q" : "1.8",
      "p" : "0.6182",
      "s" : "sell",
      "i" : "FET_USD",
      "m" : "4611686018433871061"
    }, {
      "d" : "1756459175710350773",
      "t" : 1756459175710,
      "tn" : 1756459175710350773,
      "q" : "1.8",
      "p" : "0.6182",
      "s" : "sell",
      "i" : "FET_USD",
      "m" : "4611686018433871060"
    }, {
      "d" : "1756459175394524893",
      "t" : 1756459175394,
      "tn" : 1756459175394524893,
      "q" : "1.8",
      "p" : "0.6182",
      "s" : "sell",
      "i" : "FET_USD",
      "m" : "4611686018433871059"
    }, {
      "d" : "1756459174958757898",
      "t" : 1756459174958,
      "tn" : 1756459174958757898,
      "q" : "1.8",
      "p" : "0.6181",
      "s" : "sell",
      "i" : "FET_USD",
      "m" : "4611686018433871058"
    }, {
      "d" : "1756459173519405324",
      "t" : 1756459173519,
      "tn" : 1756459173519405324,
      "q" : "1.8",
      "p" : "0.6181",
      "s" : "sell",
      "i" : "FET_USD",
      "m" : "4611686018433871057"
    }, {
      "d" : "1756459173317438440",
      "t" : 1756459173317,
      "tn" : 1756459173317438440,
      "q" : "1.8",
      "p" : "0.6181",
      "s" : "sell",
      "i" : "FET_USD",
      "m" : "4611686018433871056"
    }, {
      "d" : "1756459172958154345",
      "t" : 1756459172958,
      "tn" : 1756459172958154345,
      "q" : "1.8",
      "p" : "0.6180",
      "s" : "sell",
      "i" : "FET_USD",
      "m" : "4611686018433871055"
    }, {
      "d" : "1756459167947398111",
      "t" : 1756459167947,
      "tn" : 1756459167947398111,
      "q" : "1.8",
      "p" : "0.6180",
      "s" : "sell",
      "i" : "FET_USD",
      "m" : "4611686018433871054"
    }, {
      "d" : "1756459166905611139",
      "t" : 1756459166905,
      "tn" : 1756459166905611139,
      "q" : "1.8",
      "p" : "0.6181",
      "s" : "sell",
      "i" : "FET_USD",
      "m" : "4611686018433871053"
    }, {
      "d" : "1756459116468698350",
      "t" : 1756459116468,
      "tn" : 1756459116468698349,
      "q" : "184.2",
      "p" : "0.6180",
      "s" : "sell",
      "i" : "FET_USD",
      "m" : "4611686018433871052"
    }, {
      "d" : "1756459116468698349",
      "t" : 1756459116468,
      "tn" : 1756459116468698349,
      "q" : "1.9",
      "p" : "0.6180",
      "s" : "sell",
      "i" : "FET_USD",
      "m" : "4611686018433871052"
    }, {
      "d" : "1756459113908120657",
      "t" : 1756459113908,
      "tn" : 1756459113908120657,
      "q" : "1.8",
      "p" : "0.6179",
      "s" : "sell",
      "i" : "FET_USD",
      "m" : "4611686018433871051"
    }, {
      "d" : "1756459113244731320",
      "t" : 1756459113244,
      "tn" : 1756459113244731320,
      "q" : "0.1",
      "p" : "0.6176",
      "s" : "buy",
      "i" : "FET_USD",
      "m" : "4611686018433871050"
    }, {
      "d" : "1756459113236746709",
      "t" : 1756459113236,
      "tn" : 1756459113236746709,
      "q" : "1.8",
      "p" : "0.6176",
      "s" : "buy",
      "i" : "FET_USD",
      "m" : "4611686018433871049"
    }, {
      "d" : "1756459107016455256",
      "t" : 1756459107016,
      "tn" : 1756459107016455255,
      "q" : "1.9",
      "p" : "0.6176",
      "s" : "buy",
      "i" : "FET_USD",
      "m" : "4611686018433871048"
    } ]
  }
}