{
  "id" : -1,
  "method" : "public/get-trades",
  "code" : 0,
  "result" : {
    "data" : [ {
      "d" : "1756460946324169938",
      "t" : 1756460946324,
      "tn" : 1756460946324169938,
      "q" : "1.9",
      "p" : "0.6204",
      "s" : "sell",
      "i" : "FET_USDT",
      "m" : "4611686018432802863"
    }, {
      "d" : "1756460946293958995",
      "t" : 1756460946293,
      "tn" : 1756460946293958995,
      "q" : "1.9",
      "p" : "0.6204",
      "s" : "sell",
      "i" : "FET_USDT",
      "m" : "4611686018432802862"
    }, {
      "d" : "1756460946224019796",
      "t" : 1756460946224,
      "tn" : 1756460946224019796,
      "q" : "1.9",
      "p" : "0.6204",
      "s" : "sell",
      "i" : "FET_USDT",
      "m" : "4611686018432802861"
    }, {
      "d" : "1756460946193902777",
      "t" : 1756460946193,
      "tn" : 1756460946193902777,
      "q" : "1.9",
      "p" : "0.6204",
      "s" : "sell",
      "i" : "FET_USDT",
      "m" : "4611686018432802860"
    }, {
      "d" : "1756460946158035326",
      "t" : 1756460946158,
      "tn" : 1756460946158035326,
      "q" : "1.9",
      "p" : "0.6204",
      "s" : "sell",
      "i" : "FET_USDT",
      "m" : "4611686018432802859"
    }, {
      "d" : "1756460946092212094",
      "t" : 1756460946092,
      "tn" : 1756460946092212094,
      "q" : "1.9",
      "p" : "0.6204",
      "s" : "sell",
      "i" : "FET_USDT",
      "m" : "4611686018432802858"
    }, {
      "d" : "1756460945792037743",
      "t" : 1756460945792,
      "tn" : 1756460945792037743,
      "q" : "1.9",
      "p" : "0.6204",
      "s" : "sell",
      "i" : "FET_USDT",
      "m" : "4611686018432802857"
    }, {
      "d" : "1756460945726209663",
      "t" : 1756460945726,
      "tn" : 1756460945726209663,
      "q" : "1.9",
      "p" : "0.6204",
      "s" : "sell",
      "i" : "FET_USDT",
      "m" : "4611686018432802856"
    }, {
      "d" : "1756460945516540885",
      "t" : 1756460945516,
      "tn" : 1756460945516540885,
      "q" : "1.9",
      "p" : "0.6204",
      "s" : "sell",
      "i" : "FET_USDT",
      "m" : "4611686018432802855"
    }, {
      "d" : "1756460945476708250",
      "t" : 1756460945476,
      "tn" : 1756460945476708250,
      "q" : "1.9",
      "p" : "0.6204",
      "s" : "sell",
      "i" : "FET_USDT",
      "m" : "4611686018432802854"
    }, {
      "d" : "1756460945401620993",
      "t" : 1756460945401,
      "tn" : 1756460945401620993,
      "q" : "1.9",
      "p" : "0.6204",
      "s" : "sell",
      "i" : "FET_USDT",
      "m" : "4611686018432802853"
    }, {
      "d" : "1756460945361578180",
      "t" : 1756460945361,
      "tn" : 1756460945361578180,
      "q" : "1.9",
      "p" : "0.6204",
      "s" : "sell",
      "i" : "FET_USDT",
      "m" : "4611686018432802852"
    }, {
      "d" : "1756460945346427316",
      "t" : 1756460945346,
      "tn" : 1756460945346427316,
      "q" : "1.9",
      "p" : "0.6204",
      "s" : "sell",
      "i" : "FET_USDT",
      "m" : "4611686018432802851"
    }, {
      "d" : "1756460945321451152",
      "t" : 1756460945321,
      "tn" : 1756460945321451152,
      "q" : "1.9",
      "p" : "0.6204",
      "s" : "sell",
      "i" : "FET_USDT",
      "m" : "4611686018432802850"
    }, {
      "d" : "1756460945301418995",
      "t" : 1756460945301,
      "tn" : 1756460945301418995,
      "q" : "1.9",
      "p" : "0.6204",
      "s" : "sell",
      "i" : "FET_USDT",
      "m" : "4611686018432802849"
    }, {
      "d" : "1756460945281260056",
      "t" : 1756460945281,
      "tn" : 1756460945281260056,
      "q" : "1.9",
      "p" : "0.6204",
      "s" : "sell",
      "i" : "FET_USDT",
      "m" : "4611686018432802848"
    }, {
      "d" : "1756460945271209672",
      "t" : 1756460945271,
      "tn" : 1756460945271209672,
      "q" : "1.9",
      "p" : "0.6204",
      "s" : "sell",
      "i" : "FET_USDT",
      "m" : "4611686018432802847"
    }, {
      "d" : "1756460945180972782",
      "t" : 1756460945180,
      "tn" : 1756460945180972782,
      "q" : "1.9",
      "p" : "0.6204",
      "s" : "sell",
      "i" : "FET_USDT",
      "m" : "4611686018432802846"
    }, {
      "d" : "1756460945110879763",
      "t" : 1756460945110,
      "tn" : 1756460945110879763,
      "q" : "1.9",
      "p" : "0.6204",
      "s" : "sell",
      "i" : "FET_USDT",
      "m" : "4611686018432802845"
    }, {
      "d" : "1756460945035454344",
      "t" : 1756460945035,
      "tn" : 1756460945035454344,
      "q" : "1.9",
      "p" : "0.6204",
      "s" : "sell",
      "i" : "FET_USDT",
      "m" : "4611686018432802844"
    }, {
      "d" : "1756460944990201102",
      "t" : 1756460944990,
      "tn" : 1756460944990201102,
      "q" : "1.9",
      "p" : "0.6204",
      "s" : "sell",
      "i" : "FET_USDT",
      "m" : "4611686018432802843"
    }, {
      "d" : "1756460944970344093",
      "t" : 1756460944970,
      "tn" : 1756460944970344093,
      "q" : "1.9",
      "p" : "0.6204",
      "s" : "sell",
      "i" : "FET_USDT",
      "m" : "4611686018432802842"
    }, {
      "d" : "1756460944889811801",
      "t" : 1756460944889,
      "tn" : 1756460944889811801,
      "q" : "1.9",
      "p" : "0.6204",
      "s" : "sell",
      "i" : "FET_USDT",
      "m" : "4611686018432802841"
    }, {
      "d" : "1756460944844727561",
      "t" : 1756460944844,
      "tn" : 1756460944844727561,
      "q" : "1.9",
      "p" : "0.6204",
      "s" : "sell",
      "i" : "FET_USDT",
      "m" : "4611686018432802840"
    }, {
      "d" : "1756460944712011207",
      "t" : 1756460944712,
      "tn" : 1756460944712011207,
      "q" : "1.9",
      "p" : "0.6204",
      "s" : "sell",
      "i" : "FET_USDT",
      "m" : "4611686018432802839"
    }, {
      "d" : "1756460944643220912",
      "t" : 1756460944643,
      "tn" : 1756460944643220912,
      "q" : "1.9",
      "p" : "0.6204",
      "s" : "sell",
      "i" : "FET_USDT",
      "m" : "4611686018432802838"
    }, {
      "d" : "1756460944603033128",
      "t" : 1756460944603,
      "tn" : 1756460944603033128,
      "q" : "1.9",
      "p" : "0.6204",
      "s" : "sell",
      "i" : "FET_USDT",
      "m" : "4611686018432802837"
    }, {
      "d" : "1756460944583056845",
      "t" : 1756460944583,
      "tn" : 1756460944583056845,
      "q" : "1.9",
      "p" : "0.6204",
      "s" : "sell",
      "i" : "FET_USDT",
      "m" : "4611686018432802836"
    }, {
      "d" : "1756460944562075039",
      "t" : 1756460944562,
      "tn" : 1756460944562075039,
      "q" : "1.9",
      "p" : "0.6204",
      "s" : "sell",
      "i" : "FET_USDT",
      "m" : "4611686018432802835"
    }, {
      "d" : "1756460944522938107",
      "t" : 1756460944522,
      "tn" : 1756460944522938107,
      "q" : "1.9",
      "p" : "0.6204",
      "s" : "sell",
      "i" : "FET_USDT",
      "m" : "4611686018432802834"
    }, {
      "d" : "1756460944492917469",
      "t" : 1756460944492,
      "tn" : 1756460944492917469,
      "q" : "1.9",
      "p" : "0.6204",
      "s" : "sell",
      "i" : "FET_USDT",
      "m" : "4611686018432802833"
    }, {
      "d" : "1756460944462653593",
      "t" : 1756460944462,
      "tn" : 1756460944462653593,
      "q" : "1.9",
      "p" : "0.6204",
      "s" : "sell",
      "i" : "FET_USDT",
      "m" : "4611686018432802832"
    }, {
      "d" : "1756460944442236665",
      "t" : 1756460944442,
      "tn" : 1756460944442236665,
      "q" : "1.9",
      "p" : "0.6204",
      "s" : "sell",
      "i" : "FET_USDT",
      "m" : "4611686018432802831"
    }, {
      "d" : "1756460944395856710",
      "t" : 1756460944395,
      "tn" : 1756460944395856710,
      "q" : "1.9",
      "p" : "0.6204",
      "s" : "sell",
      "i" : "FET_USDT",
      "m" : "4611686018432802830"
    }, {
      "d" : "1756460944357232102",
      "t" : 1756460944357,
      "tn" : 1756460944357232102,
      "q" : "1.9",
      "p" : "0.6204",
      "s" : "sell",
      "i" : "FET_USDT",
      "m" : "4611686018432802829"
    }, {
      "d" : "1756460944327102034",
      "t" : 1756460944327,
      "tn" : 1756460944327102034,
      "q" : "1.9",
      "p" : "0.6204",
      "s" : "sell",
      "i" : "FET_USDT",
      "m" : "4611686018432802828"
    }, {
      "d" : "1756460944301670362",
      "t" : 1756460944301,
      "tn" : 1756460944301670362,
      "q" : "1.9",
      "p" : "0.6204",
      "s" : "sell",
      "i" : "FET_USDT",
      "m" : "4611686018432802827"
    }, {
      "d" : "1756460944270950414",
      "t" : 1756460944270,
      "tn" : 1756460944270950414,
      "q" : "1.9",
      "p" : "0.6204",
      "s" : "sell",
      "i" : "FET_USDT",
      "m" : "4611686018432802826"
    }, {
      "d" : "1756460941789964094",
      "t" : 1756460941789,
      "tn" : 1756460941789964094,
      "q" : "1.9",
      "p" : "0.6204",
      "s" : "sell",
      "i" : "FET_USDT",
      "m" : "4611686018432802825"
    }, {
      "d" : "1756460941637989328",
      "t" : 1756460941637,
      "tn" : 1756460941637989328,
      "q" : "1.9",
      "p" : "0.6204",
      "s" : "sell",
      "i" : "FET_USDT",
      "m" : "4611686018432802824"
    }, {
      "d" : "1756460941091324859",
      "t" : 1756460941091,
      "tn" : 1756460941091324859,
      "q" : "1.9",
      "p" : "0.6204",
      "s" : "sell",
      "i" : "FET_USDT",
      "m" : "4611686018432802823"
    }, {
      "d" : "1756460940789848085",
      "t" : 1756460940789,
      "tn" : 1756460940789848085,
      "q" : "1.9",
      "p" : "0.6204",
      "s" : "sell",
      "i" : "FET_USDT",
      "m" : "4611686018432802822"
    }, {
      "d" : "1756460940699884511",
      "t" : 1756460940699,
      "tn" : 1756460940699884511,
      "q" : "1.9",
      "p" : "0.6204",
      "s" : "sell",
      "i" : "FET_USDT",
      "m" : "4611686018432802821"
    }, {
      "d" : "1756460940690904211",
      "t" : 1756460940690,
      "tn" : 1756460940690904211,
      "q" : "1.9",
      "p" : "0.6204",
      "s" : "sell",
      "i" : "FET_USDT",
      "m" : "4611686018432802820"
    }, {
      "d" : "1756460940649755955",
      "t" : 1756460940649,
      "tn" : 1756460940649755955,
      "q" : "1.9",
      "p" : "0.6204",
      "s" : "sell",
      "i" : "FET_USDT",
      "m" : "4611686018432802819"
    }, {
      "d" : "1756460940632776852",
      "t" : 1756460940632,
      "tn" : 1756460940632776852,
      "q" : "1.9",
      "p" : "0.6204",
      "s" : "sell",
      "i" : "FET_USDT",
      "m" : "4611686018432802818"
    }, {
      "d" : "1756460938521390092",
      "t" : 1756460938521,
      "tn" : 1756460938521390092,
      "q" : "1.9",
      "p" : "0.6204",
      "s" : "sell",
      "i" : "FET_USDT",
      "m" : "4611686018432802817"
    }, {
      "d" : "1756460937340615946",
      "t" : 1756460937340,
      "tn" : 1756460937340615946,
      "q" : "1.9",
      "p" : "0.6204",
      "s" : "sell",
      "i" : "FET_USDT",
      "m" : "4611686018432802816"
    }, {
      "d" : "1756460937326323941",
      "t" : 1756460937326,
      "tn" : 1756460937326323941,
      "q" : "1.9",
      "p" : "0.6204",
      "s" : "sell",
      "i" : "FET_USDT",
      "m" : "4611686018432802815"
    }, {
      "d" : "1756460927520016501",
      "t" : 1756460927520,
      "tn" : 1756460927520016501,
      "q" : "864.9",
      "p" : "0.6196",
      "s" : "sell",
      "i" : "FET_USDT",
      "m" : "4611686018432802814"
    }, {
      "d" : "1756460927514522612",
      "t" : 1756460927514,
      "tn" : 1756460927514522612,
      "q" : "1.9",
      "p" : "0.6204",
      "s" : "sell",
      "i" : "FET_USDT",
      "m" : "4611686018432802813"
    }, {
      "d" : "1756460833514528113",
      "t" : 1756460833514,
      "tn" : 1756460833514528113,
      "q" : "1.9",
      "p" : "0.6194",
      "s" : "sell",
      "i" : "FET_USDT",
      "m" : "4611686018432802812"
    }, {
      "d" : "1756460833003025245",
      "t" : 1756460833003,
      "tn" : 1756460833003025245,
      "q" : "1.8",
      "p" : "0.6194",
      "s" : "sell",
      "i" : "FET_USDT",
      "m" : "4611686018432802811"
    }, {
      "d" : "1756460821154505147",
      "t" : 1756460821154,
      "tn" : 1756460821154505147,
      "q" : "0.1",
      "p" : "0.6194",
      "s" : "sell",
      "i" : "FET_USDT",
      "m" : "4611686018432802810"
    }, {
      "d" : "1756460821154323992",
      "t" : 1756460821154,
      "tn" : 1756460821154323992,
      "q" : "1.8",
      "p" : "0.6194",
      "s" : "sell",
      "i" : "FET_USDT",
      "m" : "4611686018432802809"
    }, {
      "d" : "1756460819679262154",
      "t" : 1756460819679,
      "tn" : 1756460819679262154,
      "q" : "1.8",
      "p" : "0.6194",
      "s" : "sell",
      "i" : "FET_USDT",
      "m" : "4611686018432802808"
    }, {
      "d" : "1756460810215685392",
      "t" : 1756460810215,
      "tn" : 1756460810215685392,
      "q" : "1.9",
      "p" : "0.6193",
      "s" : "sell",
      "i" : "FET_USDT",
      "m" : "4611686018432802807"
    }, {
      "d" : "1756460807667871074",
      "t" : 1756460807667,
      "tn" : 1756460807667871074,
      "q" : "1.8",
      "p" : "0.6194",
      "s" : "sell",
      "i" : "FET_USDT",
      "m" : "4611686018432802806"
    }, {
      "d" : "1756460561915860105",
      "t" : 1756460561915,
      "tn" : 1756460561915860105,
      "q" : "1.9",
      "p" : "0.6184",
      "s" : "sell",
      "i" : "FET_USDT",
      "m" : "4611686018432802805"
    }, {
      "d" : "1756460561892547669",
      "t" : 1756460561892,
      "tn" : 1756460561892547669,
      "q" : "16.0",
      "p" : "0.6178",
      "s" : "sell",
      "i" : "FET_USDT",
      "m" : "4611686018432802804"
    }, {
      "d" : "1756460561892545765",
      "t" : 1756460561892,
      "tn" : 1756460561892545765,
      "q" : "0.1",
      "p" : "0.6184",
      "s" : "sell",
      "i" : "FET_USDT",
      "m" : "4611686018432802803"
    }, {
      "d" : "1756460561858783366",
      "t" : 1756460561858,
      "tn" : 1756460561858783366,
      "q" : "1.8",
      "p" : "0.6184",
      "s" : "sell",
      "i" : "FET_USDT",
      "m" : "4611686018432802802"
    }, {
      "d" : "1756460561800323225",
      "t" : 1756460561800,
      "tn" : 1756460561800323225,
      "q" : "0.1",
      "p" : "0.6184",
      "s" : "sell",
      "i" : "FET_USDT",
      "m" : "4611686018432802801"
    }, {
      "d" : "1756460561750334585",
      "t" : 1756460561750,
      "tn" : 1756460561750334585,
      "q" : "1.8",
      "p" : "0.6184",
      "s" : "sell",
      "i" : "FET_USDT",
      "m" : "4611686018432802800"
    }, {
      "d" : "1756460561664998369",
      "t" : 1756460561664,
      "tn" : 1756460561664998369,
      "q" : "1.9",
      "p" : "0.6184",
      "s" : "sell",
      "i" : "FET_USDT",
      "m" : "4611686018432802799"
    }, {
      "d" : "1756460561659350596",
      "t" : 1756460561659,
      "tn" : 1756460561659350596,
      "q" : "0.1",
      "p" : "0.6184",
      "s" : "sell",
      "i" : "FET_USDT",
      "m" : "4611686018432802798"
    }, {
      "d" : "1756460560952941579",
      "t" : 1756460560952,
      "tn" : 1756460560952941579,
      "q" : "1.8",
      "p" : "0.6184",
      "s" : "sell",
      "i" : "FET_USDT",
      "m" : "4611686018432802797"
    }, {
      "d" : "1756460426039788561",
      "t" : 1756460426039,
      "tn" : 1756460426039788561,
      "q" : "1.8",
      "p" : "0.6184",
      "s" : "sell",
      "i" : "FET_USDT",
      "m" : "4611686018432802796"
    }, {
      "d" : "1756460363810803495",
      "t" : 1756460363810,
      "tn" : 1756460363810803495,
      "q" : "1.8",
      "p" : "0.6184",
      "s" : "sell",
      "i" : "FET_USDT",
      "m" : "4611686018432802795"
    }, {
      "d" : "1756460317145228914",
      "t" : 1756460317145,
      "tn" : 1756460317145228914,
      "q" : "1.8",
      "p" : "0.6184",
      "s" : "sell",
      "i" : "FET_USDT",
      "m" : "4611686018432802794"
    }, {
      "d" : "1756460301854601493",
      "t" : 1756460301854,
      "tn" : 1756460301854601493,
      "q" : "1.8",
      "p" : "0.6194",
      "s" : "sell",
      "i" : "FET_USDT",
      "m" : "4611686018432802793"
    }, {
      "d" : "1756460175863823583",
      "t" : 1756460175863,
      "tn" : 1756460175863823583,
      "q" : "1.9",
      "p" : "0.6184",
      "s" : "sell",
      "i" : "FET_USDT",
      "m" : "4611686018432802792"
    }, {
      "d" : "1756460046656646862",
      "t" : 1756460046656,
      "tn" : 1756460046656646862,
      "q" : "1.9",
      "p" : "0.6184",
      "s" : "sell",
      "i" : "FET_USDT",
      "m" : "4611686018432802791"
    }, {
      "d" : "1756460043834797721",
      "t" : 1756460043834,
      "tn" : 1756460043834797721,
      "q" : "1.8",
      "p" : "0.6184",
      "s" : "sell",
      "i" : "FET_USDT",
      "m" : "4611686018432802790"
    }, {
      "d" : "1756460043784536329",
      "t" : 1756460043784,
      "tn" : 1756460043784536329,
      "q" : "0.1",
      "p" : "0.6184",
      "s" : "sell",
      "i" : "FET_USDT",
      "m" : "4611686018432802789"
    }, {
      "d" : "1756460043784526808",
      "t" : 1756460043784,
      "tn" : 1756460043784526808,
      "q" : "1.8",
      "p" : "0.6184",
      "s" : "sell",
      "i" : "FET_USDT",
      "m" : "4611686018432802788"
    }, {
      "d" : "1756459900295425220",
      "t" : 1756459900295,
      "tn" : 1756459900295425220,
      "q" : "0.1",
      "p" : "0.6194",
      "s" : "sell",
      "i" : "FET_USDT",
      "m" : "4611686018432802787"
    }, {
      "d" : "1756459900245607458",
      "t" : 1756459900245,
      "tn" : 1756459900245607458,
      "q" : "1.8",
      "p" : "0.6194",
      "s" : "sell",
      "i" : "FET_USDT",
      "m" : "4611686018432802786"
    }, {
      "d" : "1756459515152399044",
      "t" : 1756459515152,
      "tn" : 1756459515152399044,
      "q" : "1.8",
      "p" : "0.6184",
      "s" : "sell",
      "i" : "FET_USDT",
      "m" : "4611686018432802785"
    }, {
      "d" : "1756459238840868736",
      "t" : 1756459238840,
      "tn" : 1756459238840868736,
      "q" : "1.9",
      "p" : "0.6193",
      "s" : "sell",
      "i" : "FET_USDT",
      "m" : "4611686018432802784"
    }, {
      "d" : "1756459183294600398",
      "t" : 1756459183294,
      "tn" : 1756459183294600398,
      "q" : "0.1",
      "p" : "0.6184",
      "s" : "sell",
      "i" : "FET_USDT",
      "m" : "4611686018432802783"
    }, {
      "d" : "1756459182527463109",
      "t" : 1756459182527,
      "tn" : 1756459182527463109,
      "q" : "1.8",
      "p" : "0.6184",
      "s" : "sell",
      "i" : "FET_USDT",
      "m" : "4611686018432802782"
    }, {
      "d" : "1756459182000268868",
      "t" : 1756459182000,
      "tn" : 1756459182000268868,
      "q" : "1.8",
      "p" : "0.6184",
      "s" : "sell",
      "i" : "FET_USDT",
      "m" : "4611686018432802781"
    }, {
      "d" : "1756459180638568478",
      "t" : 1756459180638,
      "tn" : 1756459180638568478,
      "q" : "1.8",
      "p" : "0.6184",
      "s" : "sell",
      "i" : "FET_USDT",
      "m" : "4611686018432802780"
    }, {
      "d" : "1756459180436309894",
      "t" : 1756459180436,
      "tn" : 1756459180436309894,
      "q" : "1.8",
      "p" : "0.6184",
      "s" : "sell",
      "i" : "FET_USDT",
      "m" : "4611686018432802779"
    }, {
      "d" : "1756459178465830332",
      "t" : 1756459178465,
      "tn" : 1756459178465830332,
      "q" : "0.1",
      "p" : "0.6184",
      "s" : "sell",
      "i" : "FET_USDT",
      "m" : "4611686018432802778"
    }, {
      "d" : "1756459177735506996",
      "t" : 1756459177735,
      "tn" : 1756459177735506996,
      "q" : "1.8",
      "p" : "0.6184",
      "s" : "sell",
      "i" : "FET_USDT",
      "m" : "4611686018432802777"
    }, {
      "d" : "1756459177361605199",
      "t" : 1756459177361,
      "tn" : 1756459177361605199,
      "q" : "0.1",
      "p" : "0.6184",
      "s" : "sell",
      "i" : "FET_USDT",
      "m" : "4611686018432802776"
    }, {
      "d" : "1756459177159964856",
      "t" : 1756459177159,
      "tn" : 1756459177159964856,
      "q" : "1.8",
      "p" : "0.6184",
      "s" : "sell",
      "i" : "FET_USDT",
      "m" : "4611686018432802775"
    }, {
      "d" : "1756459175710281728",
      "t" : 1756459175710,
      "tn" : 1756459175710281728,
      "q" : "1.8",
      "p" : "0.6184",
      "s" : "sell",
      "i" : "FET_USDT",
      "m" : "4611686018432802774"
    }, {
      "d" : "1756459174958872752",
      "t" : 1756459174958,
      "tn" : 1756459174958872752,
      "q" : "1.8",
      "p" : "0.6184",
      "s" : "sell",
      "i" : "FET_USDT",
      "m" : "4611686018432802773"
    }, {
      "d" : "1756459173519476211",
      "t" : 1756459173519,
      "tn" : 1756459173519476211,
      "q" : "1.7",
      "p" : "0.6184",
      "s" : "sell",
      "i" : "FET_USDT",
      "m" : "4611686018432802772"
    }, {
      "d" : "1756459173317412209",
      "t" : 1756459173317,
      "tn" : 1756459173317412209,
      "q" : "1.8",
      "p" : "0.6184",
      "s" : "sell",
      "i" : "FET_USDT",
      "m" : "4611686018432802771"
    }, {
      "d" : "1756459172958077427",
      "t" : 1756459172958,
      "tn" : 1756459172958077427,
      "q" : "0.1",
      "p" : "0.6184",
      "s" : "sell",
      "i" : "FET_USDT",
      "m" : "4611686018432802770"
    }, {
      "d" : "1756459172756570969",
      "t" : 1756459172756,
      "tn" : 1756459172756570969,
      "q" : "1.8",
      "p" : "0.6184",
      "s" : "sell",
      "i" : "FET_USDT",
      "m" : "4611686018432802769"
    }, {
      "d" : "1756459170520005427",
      "t" : 1756459170520,
      "tn" : 1756459170520005427,
      "q" : "1.9",
      "p" : "0.6184",
      "s" : "sell",
      "i" : "FET_USDT",
      "m" : "4611686018432802768"
    }, {
      "d" : "1756459170257268317",
      "t" : 1756459170257,
      "tn" : 1756459170257268317,
      "q" : "1.8",
      "p" : "0.6184",
      "s" : "sell",
      "i" : "FET_USDT",
      "m" : "4611686018432802767"
    }, {
      "d" : "1756459167947312526",
      "t" : 1756459167947,
      "tn" : 1756459167947312526,
      "q" : "1.8",
      "p" : "0.6184",
      "s" : "sell",
      "i" : "FET_USDT",
      "m" : "4611686018432802766"
    }, {
      "d" : "1756459166905570980",
      "t" : 1756459166905,
      "tn" : 1756459166905570980,
      "q" : "1.8",
      "p" : "0.6184",
      "s" : "sell",
      "i" : "FET_USDT",
      "m" : "4611686018432802765"
    }, {
      "d" : "1756459113908210004",
      "t" : 1756459113908,
      "tn" : 1756459113908210004,
      "q" : "1.8",
      "p" : "0.6178",
      "s" : "sell",
      "i" : "FET_USDT",
      "m" : "4611686018432802764"
    }, {
      "d" : "1756459083369222523",
      "t" : 1756459083369,
      "tn" : 1756459083369222523,
      "q" : "1.9",
      "p" : "0.6174",
      "s" : "sell",
      "i" : "FET_USDT",
      "m" : "4611686018432802763"
    }, {
      "d" : "1756459042442249827",
      "t" : 1756459042442,
      "tn" : 1756459042442249827,
      "q" : "16.3",
      "p" : "0.6167",
      "s" : "sell",
      "i" : "FET_USDT",
      "m" : "4611686018432802762"
    }, {
      "d" : "1756458821325155495",
      "t" : 1756458821325,
      "tn" : 1756458821325155495,
      "q" : "1.8",
      "p" : "0.6174",
      "s" : "sell",
      "i" : "FET_USDT",
      "m" : "4611686018432802761"
    }, {
      "d" : "1756458781100675688",
      "t" : 1756458781100,
      "tn" : 1756458781100675688,
      "q" : "1.8",
      "p" : "0.6174",
      "s" : "sell",
      "i" : "FET_USDT",
      "m" : "4611686018432802760"
    }, {
      "d" : "1756458738304280003",
      "t" : 1756458738304,
      "tn" : 1756458738304280003,
      "q" : "1.8",
      "p" : "0.6174",
      "s" : "sell",
      "i" : "FET_USDT",
      "m" : "4611686018432802759"
    }, {
      "d" : "1756458734926999734",
      "t" : 1756458734926,
      "tn" : 1756458734926999734,
      "q" : "1.9",
      "p" : "0.6174",
      "s" : "sell",
      "i" : "FET_USDT",
      "m" : "4611686018432802758"
    }, {
      "d" : "1756458734905844114",
      "t" : 1756458734905,
      "tn" : 1756458734905844114,
      "q" : "1.9",
      "p" : "0.6174",
      "s" : "sell",
      "i" : "FET_USDT",
      "m" : "4611686018432802757"
    }, {
      "d" : "1756458734520609829",
      "t" : 1756458734520,
      "tn" : 1756458734520609829,
      "q" : "1.9",
      "p" : "0.6174",
      "s" : "sell",
      "i" : "FET_USDT",
      "m" : "4611686018432802756"
    }, {
      "d" : "1756458733991787897",
      "t" : 1756458733991,
      "tn" : 1756458733991787897,
      "q" : "1.9",
      "p" : "0.6174",
      "s" : "sell",
      "i" : "FET_USDT",
      "m" : "4611686018432802755"
    }, {
      "d" : "1756458733790427858",
      "t" : 1756458733790,
      "tn" : 1756458733790427858,
      "q" : "1.9",
      "p" : "0.6174",
      "s" : "sell",
      "i" : "FET_USDT",
      "m" : "4611686018432802754"
    }, {
      "d" : "1756458733680558758",
      "t" : 1756458733680,
      "tn" : 1756458733680558758,
      "q" : "1.9",
      "p" : "0.6174",
      "s" : "sell",
      "i" : "FET_USDT",
      "m" : "4611686018432802753"
    }, {
      "d" : "1756458733520125148",
      "t" : 1756458733520,
      "tn" : 1756458733520125148,
      "q" : "1.9",
      "p" : "0.6174",
      "s" : "sell",
      "i" : "FET_USDT",
      "m" : "4611686018432802752"
    }, {
      "d" : "1756458733092745144",
      "t" : 1756458733092,
      "tn" : 1756458733092745144,
      "q" : "1.9",
      "p" : "0.6174",
      "s" : "sell",
      "i" : "FET_USDT",
      "m" : "4611686018432802751"
    }, {
      "d" : "1756458732982325386",
      "t" : 1756458732982,
      "tn" : 1756458732982325386,
      "q" : "1.9",
      "p" : "0.6174",
      "s" : "sell",
      "i" : "FET_USDT",
      "m" : "4611686018432802750"
    }, {
      "d" : "1756458732521031396",
      "t" : 1756458732521,
      "tn" : 1756458732521031396,
      "q" : "1.9",
      "p" : "0.6174",
      "s" : "sell",
      "i" : "FET_USDT",
      "m" : "4611686018432802749"
    }, {
      "d" : "1756458732490896655",
      "t" : 1756458732490,
      "tn" : 1756458732490896655,
      "q" : "1.9",
      "p" : "0.6174",
      "s" : "sell",
      "i" : "FET_USDT",
      "m" : "4611686018432802748"
    }, {
      "d" : "1756458732190662829",
      "t" : 1756458732190,
      "tn" : 1756458732190662829,
      "q" : "1.9",
      "p" : "0.6174",
      "s" : "sell",
      "i" : "FET_USDT",
      "m" : "4611686018432802747"
    }, {
      "d" : "1756458732060355399",
      "t" : 1756458732060,
      "tn" : 1756458732060355399,
      "q" : "1.9",
      "p" : "0.6174",
      "s" : "sell",
      "i" : "FET_USDT",
      "m" : "4611686018432802746"
    }, {
      "d" : "1756458731730851883",
      "t" : 1756458731730,
      "tn" : 1756458731730851883,
      "q" : "1.9",
      "p" : "0.6174",
      "s" : "sell",
      "i" : "FET_USDT",
      "m" : "4611686018432802745"
    }, {
      "d" : "1756458731685878817",
      "t" : 1756458731685,
      "tn" : 1756458731685878817,
      "q" : "1.9",
      "p" : "0.6174",
      "s" : "sell",
      "i" : "FET_USDT",
      "m" : "4611686018432802744"
    }, {
      "d" : "1756458731520602952",
      "t" : 1756458731520,
      "tn" : 1756458731520602952,
      "q" : "1.9",
      "p" : "0.6174",
      "s" : "sell",
      "i" : "FET_USDT",
      "m" : "4611686018432802743"
    }, {
      "d" : "1756458731490270699",
      "t" : 1756458731490,
      "tn" : 1756458731490270699,
      "q" : "1.9",
      "p" : "0.6174",
      "s" : "sell",
      "i" : "FET_USDT",
      "m" : "4611686018432802742"
    }, {
      "d" : "1756458731460271800",
      "t" : 1756458731460,
      "tn" : 1756458731460271800,
      "q" : "1.9",
      "p" : "0.6174",
      "s" : "sell",
      "i" : "FET_USDT",
      "m" : "4611686018432802741"
    }, {
      "d" : "1756458731290153638",
      "t" : 1756458731290,
      "tn" : 1756458731290153638,
      "q" : "1.9",
      "p" : "0.6174",
      "s" : "sell",
      "i" : "FET_USDT",
      "m" : "4611686018432802740"
    }, {
      "d" : "1756458731089888234",
      "t" : 1756458731089,
      "tn" : 1756458731089888234,
      "q" : "1.9",
      "p" : "0.6174",
      "s" : "sell",
      "i" : "FET_USDT",
      "m" : "4611686018432802739"
    }, {
      "d" : "1756458731044800987",
      "t" : 1756458731044,
      "tn" : 1756458731044800987,
      "q" : "1.9",
      "p" : "0.6174",
      "s" : "sell",
      "i" : "FET_USDT",
      "m" : "4611686018432802738"
    }, {
      "d" : "1756458731019815311",
      "t" : 1756458731019,
      "tn" : 1756458731019815311,
      "q" : "1.9",
      "p" : "0.6174",
      "s" : "sell",
      "i" : "FET_USDT",
      "m" : "4611686018432802737"
    }, {
      "d" : "1756458730989851673",
      "t" : 1756458730989,
      "tn" : 1756458730989851673,
      "q" : "1.9",
      "p" : "0.6174",
      "s" : "sell",
      "i" : "FET_USDT",
      "m" : "4611686018432802736"
    }, {
      "d" : "1756458730691314421",
      "t" : 1756458730691,
      "tn" : 1756458730691314421,
      "q" : "1.9",
      "p" : "0.6174",
      "s" : "sell",
      "i" : "FET_USDT",
      "m" : "4611686018432802735"
    }, {
      "d" : "1756458730615893209",
      "t" : 1756458730615,
      "tn" : 1756458730615893209,
      "q" : "1.9",
      "p" : "0.6174",
      "s" : "sell",
      "i" : "FET_USDT",
      "m" : "4611686018432802734"
    }, {
      "d" : "1756458730607867123",
      "t" : 1756458730607,
      "tn" : 1756458730607867123,
      "q" : "1.9",
      "p" : "0.6174",
      "s" : "sell",
      "i" : "FET_USDT",
      "m" : "4611686018432802733"
    }, {
      "d" : "1756458690938662585",
      "t" : 1756458690938,
      "tn" : 1756458690938662585,
      "q" : "456.8",
      "p" : "0.6172",
      "s" : "buy",
      "i" : "FET_USDT",
      "m" : "4611686018432802732"
    }, {
      "d" : "1756458690938661192",
      "t" : 1756458690938,
      "tn" : 1756458690938661192,
      "q" : "16.3",
      "p" : "0.6171",
      "s" : "buy",
      "i" : "FET_USDT",
      "m" : "4611686018432802731"
    }, {
      "d" : "1756458690938342601",
      "t" : 1756458690938,
      "tn" : 1756458690938342601,
      "q" : "1.9",
      "p" : "0.6165",
      "s" : "buy",
      "i" : "FET_USDT",
      "m" : "4611686018432802730"
    }, {
      "d" : "1756458622960524793",
      "t" : 1756458622960,
      "tn" : 1756458622960524793,
      "q" : "1.9",
      "p" : "0.6164",
      "s" : "sell",
      "i" : "FET_USDT",
      "m" : "4611686018432802729"
    }, {
      "d" : "1756458622953410397",
      "t" : 1756458622953,
      "tn" : 1756458622953410397,
      "q" : "0.1",
      "p" : "0.6164",
      "s" : "sell",
      "i" : "FET_USDT",
      "m" : "4611686018432802728"
    }, {
      "d" : "1756458622849735584",
      "t" : 1756458622849,
      "tn" : 1756458622849735584,
      "q" : "1.8",
      "p" : "0.6164",
      "s" : "sell",
      "i" : "FET_USDT",
      "m" : "4611686018432802727"
    }, {
      "d" : "1756458317936636714",
      "t" : 1756458317936,
      "tn" : 1756458317936636714,
      "q" : "1.9",
      "p" : "0.6163",
      "s" : "sell",
      "i" : "FET_USDT",
      "m" : "4611686018432802726"
    }, {
      "d" : "1756458275849061992",
      "t" : 1756458275849,
      "tn" : 1756458275849061992,
      "q" : "1.8",
      "p" : "0.6154",
      "s" : "sell",
      "i" : "FET_USDT",
      "m" : "4611686018432802725"
    }, {
      "d" : "1756458180634929643",
      "t" : 1756458180634,
      "tn" : 1756458180634929643,
      "q" : "0.1",
      "p" : "0.6151",
      "s" : "sell",
      "i" : "FET_USDT",
      "m" : "4611686018432802724"
    }, {
      "d" : "1756458180634927592",
      "t" : 1756458180634,
      "tn" : 1756458180634927592,
      "q" : "1.9",
      "p" : "0.6154",
      "s" : "sell",
      "i" : "FET_USDT",
      "m" : "4611686018432802723"
    }, {
      "d" : "1756458178629991225",
      "t" : 1756458178629,
      "tn" : 1756458178629991225,
      "q" : "1.9",
      "p" : "0.6154",
      "s" : "sell",
      "i" : "FET_USDT",
      "m" : "4611686018432802722"
    }, {
      "d" : "1756458178581640229",
      "t" : 1756458178581,
      "tn" : 1756458178581640229,
      "q" : "15.1",
      "p" : "0.6151",
      "s" : "sell",
      "i" : "FET_USDT",
      "m" : "4611686018432802721"
    }, {
      "d" : "1756458178581638848",
      "t" : 1756458178581,
      "tn" : 1756458178581638848,
      "q" : "0.1",
      "p" : "0.6154",
      "s" : "sell",
      "i" : "FET_USDT",
      "m" : "4611686018432802720"
    }, {
      "d" : "1756458177980714703",
      "t" : 1756458177980,
      "tn" : 1756458177980714703,
      "q" : "1.8",
      "p" : "0.6154",
      "s" : "sell",
      "i" : "FET_USDT",
      "m" : "4611686018432802719"
    }, {
      "d" : "1756458143311951795",
      "t" : 1756458143311,
      "tn" : 1756458143311951795,
      "q" : "1.8",
      "p" : "0.6164",
      "s" : "sell",
      "i" : "FET_USDT",
      "m" : "4611686018432802718"
    }, {
      "d" : "1756458107647960145",
      "t" : 1756458107647,
      "tn" : 1756458107647960145,
      "q" : "0.1",
      "p" : "0.6174",
      "s" : "sell",
      "i" : "FET_USDT",
      "m" : "4611686018432802717"
    }, {
      "d" : "1756458107610286578",
      "t" : 1756458107610,
      "tn" : 1756458107610286578,
      "q" : "1.8",
      "p" : "0.6174",
      "s" : "sell",
      "i" : "FET_USDT",
      "m" : "4611686018432802716"
    }, {
      "d" : "1756458105850199037",
      "t" : 1756458105850,
      "tn" : 1756458105850199037,
      "q" : "0.1",
      "p" : "0.6174",
      "s" : "sell",
      "i" : "FET_USDT",
      "m" : "4611686018432802715"
    }, {
      "d" : "1756458105850012667",
      "t" : 1756458105850,
      "tn" : 1756458105850012667,
      "q" : "1.8",
      "p" : "0.6174",
      "s" : "sell",
      "i" : "FET_USDT",
      "m" : "4611686018432802714"
    } ]
  }
}