{
  "id" : -1,
  "method" : "public/get-trades",
  "code" : 0,
  "result" : {
    "data" : [ {
      "d" : "1756460938725054913",
      "t" : 1756460938725,
      "tn" : 1756460938725054913,
      "q" : "1",
      "p" : "0.6204",
      "s" : "buy",
      "i" : "FETUSD-PERP",
      "m" : "4611686018429502178"
    }, {
      "d" : "1756460937301576686",
      "t" : 1756460937301,
      "tn" : 1756460937301576686,
      "q" : "1",
      "p" : "0.6199",
      "s" : "buy",
      "i" : "FETUSD-PERP",
      "m" : "4611686018429502177"
    }, {
      "d" : "1756460043786896886",
      "t" : 1756460043786,
      "tn" : 1756460043786896886,
      "q" : "1",
      "p" : "0.6186",
      "s" : "sell",
      "i" : "FETUSD-PERP",
      "m" : "4611686018429502176"
    }, {
      "d" : "1756459088042781419",
      "t" : 1756459088042,
      "tn" : 1756459088042781419,
      "q" : "1",
      "p" : "0.6174",
      "s" : "sell",
      "i" : "FETUSD-PERP",
      "m" : "4611686018429502175"
    }, {
      "d" : "1756457713289107009",
      "t" : 1756457713289,
      "tn" : 1756457713289107009,
      "q" : "1",
      "p" : "0.6179",
      "s" : "buy",
      "i" : "FETUSD-PERP",
      "m" : "4611686018429502174"
    }, {
      "d" : "1756457689258797841",
      "t" : 1756457689258,
      "tn" : 1756457689258797841,
      "q" : "1",
      "p" : "0.6179",
      "s" : "sell",
      "i" : "FETUSD-PERP",
      "m" : "4611686018429502173"
    }, {
      "d" : "1756455872001061959",
      "t" : 1756455872001,
      "tn" : 1756455872001061959,
      "q" : "1",
      "p" : "0.6200",
      "s" : "buy",
      "i" : "FETUSD-PERP",
      "m" : "4611686018429502172"
    }, {
      "d" : "1756455872001059219",
      "t" : 1756455872001,
      "tn" : 1756455872001059219,
      "q" : "1",
      "p" : "0.6198",
      "s" : "buy",
      "i" : "FETUSD-PERP",
      "m" : "4611686018429502171"
    }, {
      "d" : "1756455845917717984",
      "t" : 1756455845917,
      "tn" : 1756455845917717984,
      "q" : "967",
      "p" : "0.6203",
      "s" : "sell",
      "i" : "FETUSD-PERP",
      "m" : "4611686018429502170"
    }, {
      "d" : "1756455845915769765",
      "t" : 1756455845915,
      "tn" : 1756455845915769765,
      "q" : "1",
      "p" : "0.6206",
      "s" : "sell",
      "i" : "FETUSD-PERP",
      "m" : "4611686018429502169"
    }, {
      "d" : "1756455845915513849",
      "t" : 1756455845915,
      "tn" : 1756455845915513849,
      "q" : "1",
      "p" : "0.6207",
      "s" : "sell",
      "i" : "FETUSD-PERP",
      "m" : "4611686018429502168"
    }, {
      "d" : "1756454729123426568",
      "t" : 1756454729123,
      "tn" : 1756454729123426566,
      "q" : "160",
      "p" : "0.6229",
      "s" : "buy",
      "i" : "FETUSD-PERP",
      "m" : "4611686018429502167"
    }, {
      "d" : "1756454729123426567",
      "t" : 1756454729123,
      "tn" : 1756454729123426566,
      "q" : "160",
      "p" : "0.6229",
      "s" : "buy",
      "i" : "FETUSD-PERP",
      "m" : "4611686018429502167"
    }, {
      "d" : "1756454729123426566",
      "t" : 1756454729123,
      "tn" : 1756454729123426566,
      "q" : "1",
      "p" : "0.6229",
      "s" : "buy",
      "i" : "FETUSD-PERP",
      "m" : "4611686018429502167"
    }, {
      "d" : "1756454728785001883",
      "t" : 1756454728785,
      "tn" : 1756454728785001882,
      "q" : "160",
      "p" : "0.6228",
      "s" : "buy",
      "i" : "FETUSD-PERP",
      "m" : "4611686018429502166"
    }, {
      "d" : "1756454728785001882",
      "t" : 1756454728785,
      "tn" : 1756454728785001882,
      "q" : "160",
      "p" : "0.6228",
      "s" : "buy",
      "i" : "FETUSD-PERP",
      "m" : "4611686018429502166"
    }, {
      "d" : "1756454410472105088",
      "t" : 1756454410472,
      "tn" : 1756454410472105088,
      "q" : "1",
      "p" : "0.6228",
      "s" : "buy",
      "i" : "FETUSD-PERP",
      "m" : "4611686018429502165"
    }, {
      "d" : "1756454410472072069",
      "t" : 1756454410472,
      "tn" : 1756454410472072069,
      "q" : "1",
      "p" : "0.6226",
      "s" : "buy",
      "i" : "FETUSD-PERP",
      "m" : "4611686018429502164"
    }, {
      "d" : "1756453035101749146",
      "t" : 1756453035101,
      "tn" : 1756453035101749146,
      "q" : "1",
      "p" : "0.6231",
      "s" : "sell",
      "i" : "FETUSD-PERP",
      "m" : "4611686018429502163"
    }, {
      "d" : "1756451663718581096",
      "t" : 1756451663718,
      "tn" : 1756451663718581095,
      "q" : "180",
      "p" : "0.6244",
      "s" : "sell",
      "i" : "FETUSD-PERP",
      "m" : "4611686018429502162"
    }, {
      "d" : "1756451663718581095",
      "t" : 1756451663718,
      "tn" : 1756451663718581095,
      "q" : "320",
      "p" : "0.6244",
      "s" : "sell",
      "i" : "FETUSD-PERP",
      "m" : "4611686018429502162"
    }, {
      "d" : "1756451663245130620",
      "t" : 1756451663245,
      "tn" : 1756451663245130620,
      "q" : "320",
      "p" : "0.6244",
      "s" : "sell",
      "i" : "FETUSD-PERP",
      "m" : "4611686018429502161"
    }, {
      "d" : "1756451663034931909",
      "t" : 1756451663034,
      "tn" : 1756451663034931908,
      "q" : "320",
      "p" : "0.6244",
      "s" : "sell",
      "i" : "FETUSD-PERP",
      "m" : "4611686018429502160"
    }, {
      "d" : "1756451663034931908",
      "t" : 1756451663034,
      "tn" : 1756451663034931908,
      "q" : "320",
      "p" : "0.6244",
      "s" : "sell",
      "i" : "FETUSD-PERP",
      "m" : "4611686018429502160"
    }, {
      "d" : "1756451660219925930",
      "t" : 1756451660219,
      "tn" : 1756451660219925930,
      "q" : "320",
      "p" : "0.6245",
      "s" : "sell",
      "i" : "FETUSD-PERP",
      "m" : "4611686018429502159"
    }, {
      "d" : "1756451660165643031",
      "t" : 1756451660165,
      "tn" : 1756451660165643031,
      "q" : "80",
      "p" : "0.6247",
      "s" : "sell",
      "i" : "FETUSD-PERP",
      "m" : "4611686018429502158"
    }, {
      "d" : "1756451624145623928",
      "t" : 1756451624145,
      "tn" : 1756451624145623928,
      "q" : "80",
      "p" : "0.6247",
      "s" : "sell",
      "i" : "FETUSD-PERP",
      "m" : "4611686018429502157"
    }, {
      "d" : "1756451624053373791",
      "t" : 1756451624053,
      "tn" : 1756451624053373791,
      "q" : "1",
      "p" : "0.6248",
      "s" : "sell",
      "i" : "FETUSD-PERP",
      "m" : "4611686018429502156"
    }, {
      "d" : "1756451552973553415",
      "t" : 1756451552973,
      "tn" : 1756451552973553415,
      "q" : "1",
      "p" : "0.6272",
      "s" : "buy",
      "i" : "FETUSD-PERP",
      "m" : "4611686018429502155"
    }, {
      "d" : "1756451431468992916",
      "t" : 1756451431468,
      "tn" : 1756451431468992916,
      "q" : "141",
      "p" : "0.6289",
      "s" : "sell",
      "i" : "FETUSD-PERP",
      "m" : "4611686018429502154"
    }, {
      "d" : "1756451431468459872",
      "t" : 1756451431468,
      "tn" : 1756451431468459872,
      "q" : "500",
      "p" : "0.6289",
      "s" : "sell",
      "i" : "FETUSD-PERP",
      "m" : "4611686018429502153"
    }, {
      "d" : "1756451331192610190",
      "t" : 1756451331192,
      "tn" : 1756451331192610189,
      "q" : "499",
      "p" : "0.6282",
      "s" : "buy",
      "i" : "FETUSD-PERP",
      "m" : "4611686018429502152"
    }, {
      "d" : "1756451331192610189",
      "t" : 1756451331192,
      "tn" : 1756451331192610189,
      "q" : "1",
      "p" : "0.6282",
      "s" : "buy",
      "i" : "FETUSD-PERP",
      "m" : "4611686018429502152"
    }, {
      "d" : "1756451331179910709",
      "t" : 1756451331179,
      "tn" : 1756451331179910709,
      "q" : "1",
      "p" : "0.6278",
      "s" : "buy",
      "i" : "FETUSD-PERP",
      "m" : "4611686018429502151"
    }, {
      "d" : "1756451292397747975",
      "t" : 1756451292397,
      "tn" : 1756451292397747975,
      "q" : "456",
      "p" : "0.6277",
      "s" : "sell",
      "i" : "FETUSD-PERP",
      "m" : "4611686018429502150"
    }, {
      "d" : "1756451292397012017",
      "t" : 1756451292397,
      "tn" : 1756451292397012017,
      "q" : "499",
      "p" : "0.6277",
      "s" : "sell",
      "i" : "FETUSD-PERP",
      "m" : "4611686018429502149"
    }, {
      "d" : "1756451292397010570",
      "t" : 1756451292397,
      "tn" : 1756451292397010570,
      "q" : "1",
      "p" : "0.6278",
      "s" : "sell",
      "i" : "FETUSD-PERP",
      "m" : "4611686018429502148"
    }, {
      "d" : "1756451249232107461",
      "t" : 1756451249232,
      "tn" : 1756451249232107461,
      "q" : "952",
      "p" : "0.6284",
      "s" : "sell",
      "i" : "FETUSD-PERP",
      "m" : "4611686018429502147"
    }, {
      "d" : "1756451249232105618",
      "t" : 1756451249232,
      "tn" : 1756451249232105618,
      "q" : "1",
      "p" : "0.6285",
      "s" : "sell",
      "i" : "FETUSD-PERP",
      "m" : "4611686018429502146"
    }, {
      "d" : "1756451249232099978",
      "t" : 1756451249232,
      "tn" : 1756451249232099978,
      "q" : "1",
      "p" : "0.6286",
      "s" : "sell",
      "i" : "FETUSD-PERP",
      "m" : "4611686018429502145"
    }, {
      "d" : "1756451169425607511",
      "t" : 1756451169425,
      "tn" : 1756451169425607511,
      "q" : "499",
      "p" : "0.6313",
      "s" : "buy",
      "i" : "FETUSD-PERP",
      "m" : "4611686018429502144"
    }, {
      "d" : "1756451169425604933",
      "t" : 1756451169425,
      "tn" : 1756451169425604933,
      "q" : "1",
      "p" : "0.6312",
      "s" : "buy",
      "i" : "FETUSD-PERP",
      "m" : "4611686018429502143"
    }, {
      "d" : "1756449468401506191",
      "t" : 1756449468401,
      "tn" : 1756449468401506191,
      "q" : "311",
      "p" : "0.6350",
      "s" : "sell",
      "i" : "FETUSD-PERP",
      "m" : "4611686018429502142"
    }, {
      "d" : "1756449468401503097",
      "t" : 1756449468401,
      "tn" : 1756449468401503097,
      "q" : "1",
      "p" : "0.6351",
      "s" : "sell",
      "i" : "FETUSD-PERP",
      "m" : "4611686018429502141"
    }, {
      "d" : "1756448205899891590",
      "t" : 1756448205899,
      "tn" : 1756448205899891590,
      "q" : "1",
      "p" : "0.6363",
      "s" : "sell",
      "i" : "FETUSD-PERP",
      "m" : "4611686018429502140"
    }, {
      "d" : "1756448075030963932",
      "t" : 1756448075030,
      "tn" : 1756448075030963932,
      "q" : "940",
      "p" : "0.6378",
      "s" : "sell",
      "i" : "FETUSD-PERP",
      "m" : "4611686018429502139"
    }, {
      "d" : "1756448075030721166",
      "t" : 1756448075030,
      "tn" : 1756448075030721166,
      "q" : "1",
      "p" : "0.6381",
      "s" : "sell",
      "i" : "FETUSD-PERP",
      "m" : "4611686018429502138"
    }, {
      "d" : "1756448075030506606",
      "t" : 1756448075030,
      "tn" : 1756448075030506606,
      "q" : "1",
      "p" : "0.6382",
      "s" : "sell",
      "i" : "FETUSD-PERP",
      "m" : "4611686018429502137"
    }, {
      "d" : "1756447738832348209",
      "t" : 1756447738832,
      "tn" : 1756447738832348209,
      "q" : "1",
      "p" : "0.6396",
      "s" : "buy",
      "i" : "FETUSD-PERP",
      "m" : "4611686018429502136"
    }, {
      "d" : "1756444234180889916",
      "t" : 1756444234180,
      "tn" : 1756444234180889916,
      "q" : "1",
      "p" : "0.6407",
      "s" : "sell",
      "i" : "FETUSD-PERP",
      "m" : "4611686018429502135"
    }, {
      "d" : "1756444234180887311",
      "t" : 1756444234180,
      "tn" : 1756444234180887311,
      "q" : "1",
      "p" : "0.6408",
      "s" : "sell",
      "i" : "FETUSD-PERP",
      "m" : "4611686018429502134"
    }, {
      "d" : "1756443199257926583",
      "t" : 1756443199257,
      "tn" : 1756443199257926583,
      "q" : "1",
      "p" : "0.6432",
      "s" : "sell",
      "i" : "FETUSD-PERP",
      "m" : "4611686018429502133"
    }, {
      "d" : "1756443142553601653",
      "t" : 1756443142553,
      "tn" : 1756443142553601653,
      "q" : "1",
      "p" : "0.6442",
      "s" : "sell",
      "i" : "FETUSD-PERP",
      "m" : "4611686018429502132"
    }, {
      "d" : "1756441030964273598",
      "t" : 1756441030964,
      "tn" : 1756441030964273598,
      "q" : "1",
      "p" : "0.6449",
      "s" : "sell",
      "i" : "FETUSD-PERP",
      "m" : "4611686018429502131"
    }, {
      "d" : "1756436530897967698",
      "t" : 1756436530897,
      "tn" : 1756436530897967698,
      "q" : "929",
      "p" : "0.6450",
      "s" : "sell",
      "i" : "FETUSD-PERP",
      "m" : "4611686018429502130"
    }, {
      "d" : "1756436530897965731",
      "t" : 1756436530897,
      "tn" : 1756436530897965731,
      "q" : "1",
      "p" : "0.6451",
      "s" : "sell",
      "i" : "FETUSD-PERP",
      "m" : "4611686018429502129"
    }, {
      "d" : "1756436483636400810",
      "t" : 1756436483636,
      "tn" : 1756436483636400810,
      "q" : "431",
      "p" : "0.6442",
      "s" : "buy",
      "i" : "FETUSD-PERP",
      "m" : "4611686018429502128"
    }, {
      "d" : "1756436483636166450",
      "t" : 1756436483636,
      "tn" : 1756436483636166450,
      "q" : "500",
      "p" : "0.6442",
      "s" : "buy",
      "i" : "FETUSD-PERP",
      "m" : "4611686018429502127"
    }, {
      "d" : "1756436483633684482",
      "t" : 1756436483633,
      "tn" : 1756436483633684482,
      "q" : "1",
      "p" : "0.6440",
      "s" : "buy",
      "i" : "FETUSD-PERP",
      "m" : "4611686018429502126"
    }, {
      "d" : "1756436483633657007",
      "t" : 1756436483633,
      "tn" : 1756436483633657007,
      "q" : "1",
      "p" : "0.6439",
      "s" : "buy",
      "i" : "FETUSD-PERP",
      "m" : "4611686018429502125"
    }, {
      "d" : "1756432361219902878",
      "t" : 1756432361219,
      "tn" : 1756432361219902878,
      "q" : "1",
      "p" : "0.6412",
      "s" : "sell",
      "i" : "FETUSD-PERP",
      "m" : "4611686018429502124"
    }, {
      "d" : "1756428766499868230",
      "t" : 1756428766499,
      "tn" : 1756428766499868230,
      "q" : "1",
      "p" : "0.6468",
      "s" : "sell",
      "i" : "FETUSD-PERP",
      "m" : "4611686018429502123"
    }, {
      "d" : "1756428766499453248",
      "t" : 1756428766499,
      "tn" : 1756428766499453248,
      "q" : "1",
      "p" : "0.6471",
      "s" : "sell",
      "i" : "FETUSD-PERP",
      "m" : "4611686018429502122"
    }, {
      "d" : "1756428721797456881",
      "t" : 1756428721797,
      "tn" : 1756428721797456881,
      "q" : "1",
      "p" : "0.6473",
      "s" : "sell",
      "i" : "FETUSD-PERP",
      "m" : "4611686018429502121"
    }, {
      "d" : "1756425715230774656",
      "t" : 1756425715230,
      "tn" : 1756425715230774656,
      "q" : "1",
      "p" : "0.6505",
      "s" : "buy",
      "i" : "FETUSD-PERP",
      "m" : "4611686018429502120"
    }, {
      "d" : "1756424302460300143",
      "t" : 1756424302460,
      "tn" : 1756424302460300143,
      "q" : "1",
      "p" : "0.6483",
      "s" : "sell",
      "i" : "FETUSD-PERP",
      "m" : "4611686018429502119"
    }, {
      "d" : "1756423093736336778",
      "t" : 1756423093736,
      "tn" : 1756423093736336778,
      "q" : "1",
      "p" : "0.6499",
      "s" : "sell",
      "i" : "FETUSD-PERP",
      "m" : "4611686018429502118"
    }, {
      "d" : "1756422404968905315",
      "t" : 1756422404968,
      "tn" : 1756422404968905315,
      "q" : "1",
      "p" : "0.6506",
      "s" : "buy",
      "i" : "FETUSD-PERP",
      "m" : "4611686018429502117"
    }, {
      "d" : "1756419646405304079",
      "t" : 1756419646405,
      "tn" : 1756419646405304079,
      "q" : "1",
      "p" : "0.6483",
      "s" : "sell",
      "i" : "FETUSD-PERP",
      "m" : "4611686018429502116"
    }, {
      "d" : "1756419646405301200",
      "t" : 1756419646405,
      "tn" : 1756419646405301200,
      "q" : "1",
      "p" : "0.6485",
      "s" : "sell",
      "i" : "FETUSD-PERP",
      "m" : "4611686018429502115"
    }, {
      "d" : "1756419219258766562",
      "t" : 1756419219258,
      "tn" : 1756419219258766562,
      "q" : "1",
      "p" : "0.6465",
      "s" : "buy",
      "i" : "FETUSD-PERP",
      "m" : "4611686018429502114"
    }, {
      "d" : "1756415836041703611",
      "t" : 1756415836041,
      "tn" : 1756415836041703611,
      "q" : "1",
      "p" : "0.6414",
      "s" : "sell",
      "i" : "FETUSD-PERP",
      "m" : "4611686018429502113"
    }, {
      "d" : "1756415836041700830",
      "t" : 1756415836041,
      "tn" : 1756415836041700830,
      "q" : "1",
      "p" : "0.6415",
      "s" : "sell",
      "i" : "FETUSD-PERP",
      "m" : "4611686018429502112"
    }, {
      "d" : "1756414323871039226",
      "t" : 1756414323871,
      "tn" : 1756414323871039226,
      "q" : "1",
      "p" : "0.6403",
      "s" : "sell",
      "i" : "FETUSD-PERP",
      "m" : "4611686018429502111"
    }, {
      "d" : "1756411934489351630",
      "t" : 1756411934489,
      "tn" : 1756411934489351630,
      "q" : "1",
      "p" : "0.6383",
      "s" : "buy",
      "i" : "FETUSD-PERP",
      "m" : "4611686018429502110"
    }, {
      "d" : "1756410945036894507",
      "t" : 1756410945036,
      "tn" : 1756410945036894507,
      "q" : "941",
      "p" : "0.6374",
      "s" : "sell",
      "i" : "FETUSD-PERP",
      "m" : "4611686018429502109"
    }, {
      "d" : "1756410945036892488",
      "t" : 1756410945036,
      "tn" : 1756410945036892488,
      "q" : "1",
      "p" : "0.6376",
      "s" : "sell",
      "i" : "FETUSD-PERP",
      "m" : "4611686018429502108"
    }, {
      "d" : "1756410945034453175",
      "t" : 1756410945034,
      "tn" : 1756410945034453175,
      "q" : "1",
      "p" : "0.6378",
      "s" : "sell",
      "i" : "FETUSD-PERP",
      "m" : "4611686018429502107"
    }, {
      "d" : "1756410905336229916",
      "t" : 1756410905336,
      "tn" : 1756410905336229916,
      "q" : "500",
      "p" : "0.6384",
      "s" : "buy",
      "i" : "FETUSD-PERP",
      "m" : "4611686018429502106"
    }, {
      "d" : "1756410284434170468",
      "t" : 1756410284434,
      "tn" : 1756410284434170468,
      "q" : "1",
      "p" : "0.6382",
      "s" : "sell",
      "i" : "FETUSD-PERP",
      "m" : "4611686018429502105"
    }, {
      "d" : "1756408206484331581",
      "t" : 1756408206484,
      "tn" : 1756408206484331581,
      "q" : "1",
      "p" : "0.6456",
      "s" : "sell",
      "i" : "FETUSD-PERP",
      "m" : "4611686018429502104"
    }, {
      "d" : "1756407990160903346",
      "t" : 1756407990160,
      "tn" : 1756407990160903346,
      "q" : "1",
      "p" : "0.6444",
      "s" : "sell",
      "i" : "FETUSD-PERP",
      "m" : "4611686018429502103"
    }, {
      "d" : "1756407789087098510",
      "t" : 1756407789087,
      "tn" : 1756407789087098510,
      "q" : "1",
      "p" : "0.6463",
      "s" : "buy",
      "i" : "FETUSD-PERP",
      "m" : "4611686018429502102"
    }, {
      "d" : "1756407770949003492",
      "t" : 1756407770949,
      "tn" : 1756407770949003492,
      "q" : "1",
      "p" : "0.6462",
      "s" : "sell",
      "i" : "FETUSD-PERP",
      "m" : "4611686018429502101"
    }, {
      "d" : "1756406822577191192",
      "t" : 1756406822577,
      "tn" : 1756406822577191192,
      "q" : "500",
      "p" : "0.6444",
      "s" : "buy",
      "i" : "FETUSD-PERP",
      "m" : "4611686018429502100"
    }, {
      "d" : "1756403838678002607",
      "t" : 1756403838678,
      "tn" : 1756403838678002607,
      "q" : "500",
      "p" : "0.6453",
      "s" : "buy",
      "i" : "FETUSD-PERP",
      "m" : "4611686018429502099"
    }, {
      "d" : "1756401954293768752",
      "t" : 1756401954293,
      "tn" : 1756401954293768752,
      "q" : "1",
      "p" : "0.6432",
      "s" : "sell",
      "i" : "FETUSD-PERP",
      "m" : "4611686018429502098"
    }, {
      "d" : "1756400442619671677",
      "t" : 1756400442619,
      "tn" : 1756400442619671677,
      "q" : "1",
      "p" : "0.6408",
      "s" : "buy",
      "i" : "FETUSD-PERP",
      "m" : "4611686018429502097"
    }, {
      "d" : "1756400358488018432",
      "t" : 1756400358488,
      "tn" : 1756400358488018432,
      "q" : "1",
      "p" : "0.6408",
      "s" : "sell",
      "i" : "FETUSD-PERP",
      "m" : "4611686018429502096"
    }, {
      "d" : "1756400358487930644",
      "t" : 1756400358487,
      "tn" : 1756400358487930644,
      "q" : "1",
      "p" : "0.6410",
      "s" : "sell",
      "i" : "FETUSD-PERP",
      "m" : "4611686018429502095"
    }, {
      "d" : "1756400342037259048",
      "t" : 1756400342037,
      "tn" : 1756400342037259048,
      "q" : "50",
      "p" : "0.6422",
      "s" : "sell",
      "i" : "FETUSD-PERP",
      "m" : "4611686018429502094"
    }, {
      "d" : "1756399767141647181",
      "t" : 1756399767141,
      "tn" : 1756399767141647181,
      "q" : "412",
      "p" : "0.6463",
      "s" : "buy",
      "i" : "FETUSD-PERP",
      "m" : "4611686018429502093"
    }, {
      "d" : "1756399767123621215",
      "t" : 1756399767123,
      "tn" : 1756399767123621213,
      "q" : "235",
      "p" : "0.6463",
      "s" : "buy",
      "i" : "FETUSD-PERP",
      "m" : "4611686018429502092"
    }, {
      "d" : "1756399767123621214",
      "t" : 1756399767123,
      "tn" : 1756399767123621213,
      "q" : "1",
      "p" : "0.6463",
      "s" : "buy",
      "i" : "FETUSD-PERP",
      "m" : "4611686018429502092"
    }, {
      "d" : "1756399767123621213",
      "t" : 1756399767123,
      "tn" : 1756399767123621213,
      "q" : "1",
      "p" : "0.6463",
      "s" : "buy",
      "i" : "FETUSD-PERP",
      "m" : "4611686018429502092"
    }, {
      "d" : "1756399766033066051",
      "t" : 1756399766033,
      "tn" : 1756399766033066051,
      "q" : "4",
      "p" : "0.6473",
      "s" : "sell",
      "i" : "FETUSD-PERP",
      "m" : "4611686018429502091"
    }, {
      "d" : "1756399657472809191",
      "t" : 1756399657472,
      "tn" : 1756399657472809191,
      "q" : "1",
      "p" : "0.6473",
      "s" : "sell",
      "i" : "FETUSD-PERP",
      "m" : "4611686018429502090"
    }, {
      "d" : "1756399657472757359",
      "t" : 1756399657472,
      "tn" : 1756399657472757359,
      "q" : "1",
      "p" : "0.6473",
      "s" : "sell",
      "i" : "FETUSD-PERP",
      "m" : "4611686018429502089"
    }, {
      "d" : "1756399657464102450",
      "t" : 1756399657464,
      "tn" : 1756399657464102450,
      "q" : "924",
      "p" : "0.6473",
      "s" : "sell",
      "i" : "FETUSD-PERP",
      "m" : "4611686018429502088"
    }, {
      "d" : "1756399657463850352",
      "t" : 1756399657463,
      "tn" : 1756399657463850352,
      "q" : "500",
      "p" : "0.6473",
      "s" : "sell",
      "i" : "FETUSD-PERP",
      "m" : "4611686018429502087"
    }, {
      "d" : "1756399642854832336",
      "t" : 1756399642854,
      "tn" : 1756399642854832336,
      "q" : "500",
      "p" : "0.6473",
      "s" : "sell",
      "i" : "FETUSD-PERP",
      "m" : "4611686018429502086"
    }, {
      "d" : "1756399595715803345",
      "t" : 1756399595715,
      "tn" : 1756399595715803343,
      "q" : "308",
      "p" : "0.6474",
      "s" : "buy",
      "i" : "FETUSD-PERP",
      "m" : "4611686018429502085"
    }, {
      "d" : "1756399595715803344",
      "t" : 1756399595715,
      "tn" : 1756399595715803343,
      "q" : "1",
      "p" : "0.6474",
      "s" : "buy",
      "i" : "FETUSD-PERP",
      "m" : "4611686018429502085"
    }, {
      "d" : "1756399595715803343",
      "t" : 1756399595715,
      "tn" : 1756399595715803343,
      "q" : "1",
      "p" : "0.6474",
      "s" : "buy",
      "i" : "FETUSD-PERP",
      "m" : "4611686018429502085"
    }, {
      "d" : "1756398880332124550",
      "t" : 1756398880332,
      "tn" : 1756398880332124550,
      "q" : "500",
      "p" : "0.6473",
      "s" : "sell",
      "i" : "FETUSD-PERP",
      "m" : "4611686018429502084"
    }, {
      "d" : "1756398804580976090",
      "t" : 1756398804580,
      "tn" : 1756398804580976090,
      "q" : "49",
      "p" : "0.6473",
      "s" : "sell",
      "i" : "FETUSD-PERP",
      "m" : "4611686018429502083"
    }, {
      "d" : "1756396632459076483",
      "t" : 1756396632459,
      "tn" : 1756396632459076483,
      "q" : "1",
      "p" : "0.6481",
      "s" : "sell",
      "i" : "FETUSD-PERP",
      "m" : "4611686018429502082"
    }, {
      "d" : "1756396588837540790",
      "t" : 1756396588837,
      "tn" : 1756396588837540790,
      "q" : "1",
      "p" : "0.6477",
      "s" : "buy",
      "i" : "FETUSD-PERP",
      "m" : "4611686018429502081"
    }, {
      "d" : "1756396588837467574",
      "t" : 1756396588837,
      "tn" : 1756396588837467574,
      "q" : "1",
      "p" : "0.6476",
      "s" : "buy",
      "i" : "FETUSD-PERP",
      "m" : "4611686018429502080"
    }, {
      "d" : "1756396580701124827",
      "t" : 1756396580701,
      "tn" : 1756396580701124827,
      "q" : "49",
      "p" : "0.6474",
      "s" : "buy",
      "i" : "FETUSD-PERP",
      "m" : "4611686018429502079"
    }, {
      "d" : "1756396580700140592",
      "t" : 1756396580700,
      "tn" : 1756396580700140592,
      "q" : "500",
      "p" : "0.6474",
      "s" : "buy",
      "i" : "FETUSD-PERP",
      "m" : "4611686018429502078"
    }, {
      "d" : "1756396515167281849",
      "t" : 1756396515167,
      "tn" : 1756396515167281849,
      "q" : "500",
      "p" : "0.6473",
      "s" : "sell",
      "i" : "FETUSD-PERP",
      "m" : "4611686018429502077"
    }, {
      "d" : "1756396410991926371",
      "t" : 1756396410991,
      "tn" : 1756396410991926371,
      "q" : "64",
      "p" : "0.6473",
      "s" : "sell",
      "i" : "FETUSD-PERP",
      "m" : "4611686018429502076"
    }, {
      "d" : "1756396400455792071",
      "t" : 1756396400455,
      "tn" : 1756396400455792071,
      "q" : "64",
      "p" : "0.6474",
      "s" : "buy",
      "i" : "FETUSD-PERP",
      "m" : "4611686018429502075"
    }, {
      "d" : "1756396400453238648",
      "t" : 1756396400453,
      "tn" : 1756396400453238648,
      "q" : "1000",
      "p" : "0.6474",
      "s" : "buy",
      "i" : "FETUSD-PERP",
      "m" : "4611686018429502074"
    }, {
      "d" : "1756396287002954634",
      "t" : 1756396287002,
      "tn" : 1756396287002954634,
      "q" : "500",
      "p" : "0.6473",
      "s" : "sell",
      "i" : "FETUSD-PERP",
      "m" : "4611686018429502073"
    }, {
      "d" : "1756396252066431860",
      "t" : 1756396252066,
      "tn" : 1756396252066431860,
      "q" : "500",
      "p" : "0.6473",
      "s" : "sell",
      "i" : "FETUSD-PERP",
      "m" : "4611686018429502072"
    }, {
      "d" : "1756396190914904962",
      "t" : 1756396190914,
      "tn" : 1756396190914904962,
      "q" : "267",
      "p" : "0.6474",
      "s" : "buy",
      "i" : "FETUSD-PERP",
      "m" : "4611686018429502071"
    }, {
      "d" : "1756396190731811539",
      "t" : 1756396190731,
      "tn" : 1756396190731811539,
      "q" : "628",
      "p" : "0.6474",
      "s" : "buy",
      "i" : "FETUSD-PERP",
      "m" : "4611686018429502070"
    }, {
      "d" : "1756396190731430397",
      "t" : 1756396190731,
      "tn" : 1756396190731430395,
      "q" : "498",
      "p" : "0.6474",
      "s" : "buy",
      "i" : "FETUSD-PERP",
      "m" : "4611686018429502069"
    }, {
      "d" : "1756396190731430396",
      "t" : 1756396190731,
      "tn" : 1756396190731430395,
      "q" : "1",
      "p" : "0.6474",
      "s" : "buy",
      "i" : "FETUSD-PERP",
      "m" : "4611686018429502069"
    }, {
      "d" : "1756396190731430395",
      "t" : 1756396190731,
      "tn" : 1756396190731430395,
      "q" : "1",
      "p" : "0.6474",
      "s" : "buy",
      "i" : "FETUSD-PERP",
      "m" : "4611686018429502069"
    }, {
      "d" : "1756396181919000717",
      "t" : 1756396181919,
      "tn" : 1756396181919000717,
      "q" : "500",
      "p" : "0.6473",
      "s" : "sell",
      "i" : "FETUSD-PERP",
      "m" : "4611686018429502068"
    }, {
      "d" : "1756396180368283316",
      "t" : 1756396180368,
      "tn" : 1756396180368283316,
      "q" : "500",
      "p" : "0.6473",
      "s" : "sell",
      "i" : "FETUSD-PERP",
      "m" : "4611686018429502067"
    }, {
      "d" : "1756396174858914995",
      "t" : 1756396174858,
      "tn" : 1756396174858914995,
      "q" : "605",
      "p" : "0.6474",
      "s" : "buy",
      "i" : "FETUSD-PERP",
      "m" : "4611686018429502066"
    }, {
      "d" : "1756396174840738467",
      "t" : 1756396174840,
      "tn" : 1756396174840738465,
      "q" : "498",
      "p" : "0.6474",
      "s" : "buy",
      "i" : "FETUSD-PERP",
      "m" : "4611686018429502065"
    }, {
      "d" : "1756396174840738466",
      "t" : 1756396174840,
      "tn" : 1756396174840738465,
      "q" : "1",
      "p" : "0.6474",
      "s" : "buy",
      "i" : "FETUSD-PERP",
      "m" : "4611686018429502065"
    }, {
      "d" : "1756396174840738465",
      "t" : 1756396174840,
      "tn" : 1756396174840738465,
      "q" : "1",
      "p" : "0.6474",
      "s" : "buy",
      "i" : "FETUSD-PERP",
      "m" : "4611686018429502065"
    }, {
      "d" : "1756396170099915011",
      "t" : 1756396170099,
      "tn" : 1756396170099915011,
      "q" : "501",
      "p" : "0.6473",
      "s" : "sell",
      "i" : "FETUSD-PERP",
      "m" : "4611686018429502064"
    }, {
      "d" : "1756396165230442951",
      "t" : 1756396165230,
      "tn" : 1756396165230442951,
      "q" : "1",
      "p" : "0.6474",
      "s" : "buy",
      "i" : "FETUSD-PERP",
      "m" : "4611686018429502063"
    }, {
      "d" : "1756396160583449066",
      "t" : 1756396160583,
      "tn" : 1756396160583449066,
      "q" : "500",
      "p" : "0.6473",
      "s" : "sell",
      "i" : "FETUSD-PERP",
      "m" : "4611686018429502062"
    }, {
      "d" : "1756396160515349794",
      "t" : 1756396160515,
      "tn" : 1756396160515349794,
      "q" : "500",
      "p" : "0.6473",
      "s" : "sell",
      "i" : "FETUSD-PERP",
      "m" : "4611686018429502061"
    }, {
      "d" : "1756396160444755263",
      "t" : 1756396160444,
      "tn" : 1756396160444755263,
      "q" : "456",
      "p" : "0.6473",
      "s" : "sell",
      "i" : "FETUSD-PERP",
      "m" : "4611686018429502060"
    }, {
      "d" : "1756396101765622111",
      "t" : 1756396101765,
      "tn" : 1756396101765622111,
      "q" : "1",
      "p" : "0.6490",
      "s" : "sell",
      "i" : "FETUSD-PERP",
      "m" : "4611686018429502059"
    }, {
      "d" : "1756395848009623887",
      "t" : 1756395848009,
      "tn" : 1756395848009623887,
      "q" : "1",
      "p" : "0.6513",
      "s" : "sell",
      "i" : "FETUSD-PERP",
      "m" : "4611686018429502058"
    }, {
      "d" : "1756395697140636500",
      "t" : 1756395697140,
      "tn" : 1756395697140636500,
      "q" : "922",
      "p" : "0.6503",
      "s" : "sell",
      "i" : "FETUSD-PERP",
      "m" : "4611686018429502057"
    }, {
      "d" : "1756395697140634626",
      "t" : 1756395697140,
      "tn" : 1756395697140634626,
      "q" : "1",
      "p" : "0.6504",
      "s" : "sell",
      "i" : "FETUSD-PERP",
      "m" : "4611686018429502056"
    }, {
      "d" : "1756395697140631563",
      "t" : 1756395697140,
      "tn" : 1756395697140631563,
      "q" : "1",
      "p" : "0.6506",
      "s" : "sell",
      "i" : "FETUSD-PERP",
      "m" : "4611686018429502055"
    }, {
      "d" : "1756394452547240521",
      "t" : 1756394452547,
      "tn" : 1756394452547240521,
      "q" : "918",
      "p" : "0.6534",
      "s" : "sell",
      "i" : "FETUSD-PERP",
      "m" : "4611686018429502054"
    }, {
      "d" : "1756394452547239173",
      "t" : 1756394452547,
      "tn" : 1756394452547239173,
      "q" : "1",
      "p" : "0.6535",
      "s" : "sell",
      "i" : "FETUSD-PERP",
      "m" : "4611686018429502053"
    }, {
      "d" : "1756394452547236813",
      "t" : 1756394452547,
      "tn" : 1756394452547236813,
      "q" : "1",
      "p" : "0.6537",
      "s" : "sell",
      "i" : "FETUSD-PERP",
      "m" : "4611686018429502052"
    }, {
      "d" : "1756393448831455420",
      "t" : 1756393448831,
      "tn" : 1756393448831455420,
      "q" : "69",
      "p" : "0.6563",
      "s" : "buy",
      "i" : "FETUSD-PERP",
      "m" : "4611686018429502051"
    }, {
      "d" : "1756393444936929325",
      "t" : 1756393444936,
      "tn" : 1756393444936929324,
      "q" : "71",
      "p" : "0.6566",
      "s" : "sell",
      "i" : "FETUSD-PERP",
      "m" : "4611686018429502050"
    }, {
      "d" : "1756393444936929324",
      "t" : 1756393444936,
      "tn" : 1756393444936929324,
      "q" : "71",
      "p" : "0.6566",
      "s" : "sell",
      "i" : "FETUSD-PERP",
      "m" : "4611686018429502050"
    }, {
      "d" : "1756392561989095514",
      "t" : 1756392561989,
      "tn" : 1756392561989095514,
      "q" : "1",
      "p" : "0.6544",
      "s" : "buy",
      "i" : "FETUSD-PERP",
      "m" : "4611686018429502049"
    }, {
      "d" : "1756392183229840549",
      "t" : 1756392183229,
      "tn" : 1756392183229840549,
      "q" : "1",
      "p" : "0.6533",
      "s" : "buy",
      "i" : "FETUSD-PERP",
      "m" : "4611686018429502048"
    }, {
      "d" : "1756392088630998670",
      "t" : 1756392088630,
      "tn" : 1756392088630998670,
      "q" : "1",
      "p" : "0.6529",
      "s" : "buy",
      "i" : "FETUSD-PERP",
      "m" : "4611686018429502047"
    }, {
      "d" : "1756392088630148558",
      "t" : 1756392088630,
      "tn" : 1756392088630148558,
      "q" : "1",
      "p" : "0.6528",
      "s" : "buy",
      "i" : "FETUSD-PERP",
      "m" : "4611686018429502046"
    }, {
      "d" : "1756391819232149056",
      "t" : 1756391819232,
      "tn" : 1756391819232149056,
      "q" : "133",
      "p" : "0.6503",
      "s" : "sell",
      "i" : "FETUSD-PERP",
      "m" : "4611686018429502045"
    }, {
      "d" : "1756391819232147259",
      "t" : 1756391819232,
      "tn" : 1756391819232147259,
      "q" : "1",
      "p" : "0.6506",
      "s" : "sell",
      "i" : "FETUSD-PERP",
      "m" : "4611686018429502044"
    } ]
  }
}