{
  "id" : -1,
  "method" : "public/get-trades",
  "code" : 0,
  "result" : {
    "data" : [ {
      "d" : "1756460777821675274",
      "t" : 1756460777821,
      "tn" : 1756460777821675274,
      "q" : "3.63",
      "p" : "2.2809",
      "s" : "buy",
      "i" : "FIL_USD",
      "m" : "4611686018431117222"
    }, {
      "d" : "1756460564127946753",
      "t" : 1756460564127,
      "tn" : 1756460564127946753,
      "q" : "3.59",
      "p" : "2.2798",
      "s" : "sell",
      "i" : "FIL_USD",
      "m" : "4611686018431117221"
    }, {
      "d" : "1756460556838623560",
      "t" : 1756460556838,
      "tn" : 1756460556838623560,
      "q" : "5.04",
      "p" : "2.2798",
      "s" : "sell",
      "i" : "FIL_USD",
      "m" : "4611686018431117220"
    }, {
      "d" : "1756460479964706821",
      "t" : 1756460479964,
      "tn" : 1756460479964706821,
      "q" : "0.52",
      "p" : "2.2818",
      "s" : "sell",
      "i" : "FIL_USD",
      "m" : "4611686018431117219"
    }, {
      "d" : "1756460222828459052",
      "t" : 1756460222828,
      "tn" : 1756460222828459052,
      "q" : "2.33",
      "p" : "2.2769",
      "s" : "buy",
      "i" : "FIL_USD",
      "m" : "4611686018431117218"
    }, {
      "d" : "1756460012528840318",
      "t" : 1756460012528,
      "tn" : 1756460012528840318,
      "q" : "0.52",
      "p" : "2.2768",
      "s" : "sell",
      "i" : "FIL_USD",
      "m" : "4611686018431117217"
    }, {
      "d" : "1756459875065342239",
      "t" : 1756459875065,
      "tn" : 1756459875065342239,
      "q" : "0.52",
      "p" : "2.2818",
      "s" : "sell",
      "i" : "FIL_USD",
      "m" : "4611686018431117216"
    }, {
      "d" : "1756459738645621346",
      "t" : 1756459738645,
      "tn" : 1756459738645621346,
      "q" : "0.52",
      "p" : "2.2788",
      "s" : "sell",
      "i" : "FIL_USD",
      "m" : "4611686018431117215"
    }, {
      "d" : "1756459603143034911",
      "t" : 1756459603143,
      "tn" : 1756459603143034911,
      "q" : "0.52",
      "p" : "2.2788",
      "s" : "sell",
      "i" : "FIL_USD",
      "m" : "4611686018431117214"
    }, {
      "d" : "1756459505763971274",
      "t" : 1756459505763,
      "tn" : 1756459505763971274,
      "q" : "0.52",
      "p" : "2.2748",
      "s" : "sell",
      "i" : "FIL_USD",
      "m" : "4611686018431117213"
    }, {
      "d" : "1756459419532042336",
      "t" : 1756459419532,
      "tn" : 1756459419532042336,
      "q" : "0.52",
      "p" : "2.2768",
      "s" : "sell",
      "i" : "FIL_USD",
      "m" : "4611686018431117212"
    }, {
      "d" : "1756459413862732400",
      "t" : 1756459413862,
      "tn" : 1756459413862732400,
      "q" : "0.52",
      "p" : "2.2778",
      "s" : "sell",
      "i" : "FIL_USD",
      "m" : "4611686018431117211"
    }, {
      "d" : "1756459364812852521",
      "t" : 1756459364812,
      "tn" : 1756459364812852521,
      "q" : "0.52",
      "p" : "2.2793",
      "s" : "sell",
      "i" : "FIL_USD",
      "m" : "4611686018431117210"
    }, {
      "d" : "1756459363763173551",
      "t" : 1756459363763,
      "tn" : 1756459363763173551,
      "q" : "0.52",
      "p" : "2.2803",
      "s" : "sell",
      "i" : "FIL_USD",
      "m" : "4611686018431117209"
    }, {
      "d" : "1756459362800765902",
      "t" : 1756459362800,
      "tn" : 1756459362800765902,
      "q" : "0.52",
      "p" : "2.2808",
      "s" : "sell",
      "i" : "FIL_USD",
      "m" : "4611686018431117208"
    }, {
      "d" : "1756459335635643521",
      "t" : 1756459335635,
      "tn" : 1756459335635643521,
      "q" : "0.52",
      "p" : "2.2778",
      "s" : "sell",
      "i" : "FIL_USD",
      "m" : "4611686018431117207"
    }, {
      "d" : "1756459324361908444",
      "t" : 1756459324361,
      "tn" : 1756459324361908444,
      "q" : "319.95",
      "p" : "2.2802",
      "s" : "buy",
      "i" : "FIL_USD",
      "m" : "4611686018431117206"
    }, {
      "d" : "1756459324361905276",
      "t" : 1756459324361,
      "tn" : 1756459324361905276,
      "q" : "15.79",
      "p" : "2.2801",
      "s" : "buy",
      "i" : "FIL_USD",
      "m" : "4611686018431117205"
    }, {
      "d" : "1756459262740847734",
      "t" : 1756459262740,
      "tn" : 1756459262740847734,
      "q" : "0.52",
      "p" : "2.2768",
      "s" : "sell",
      "i" : "FIL_USD",
      "m" : "4611686018431117204"
    }, {
      "d" : "1756459247905917899",
      "t" : 1756459247905,
      "tn" : 1756459247905917899,
      "q" : "0.52",
      "p" : "2.2788",
      "s" : "sell",
      "i" : "FIL_USD",
      "m" : "4611686018431117203"
    }, {
      "d" : "1756459242589375641",
      "t" : 1756459242589,
      "tn" : 1756459242589375641,
      "q" : "2.74",
      "p" : "2.2792",
      "s" : "sell",
      "i" : "FIL_USD",
      "m" : "4611686018431117202"
    }, {
      "d" : "1756459242589373009",
      "t" : 1756459242589,
      "tn" : 1756459242589373009,
      "q" : "0.52",
      "p" : "2.2798",
      "s" : "sell",
      "i" : "FIL_USD",
      "m" : "4611686018431117201"
    }, {
      "d" : "1756459234912023576",
      "t" : 1756459234912,
      "tn" : 1756459234912023576,
      "q" : "0.52",
      "p" : "2.2798",
      "s" : "sell",
      "i" : "FIL_USD",
      "m" : "4611686018431117200"
    }, {
      "d" : "1756459234608427429",
      "t" : 1756459234608,
      "tn" : 1756459234608427429,
      "q" : "0.52",
      "p" : "2.2798",
      "s" : "sell",
      "i" : "FIL_USD",
      "m" : "4611686018431117199"
    }, {
      "d" : "1756459231675160453",
      "t" : 1756459231675,
      "tn" : 1756459231675160453,
      "q" : "0.52",
      "p" : "2.2788",
      "s" : "sell",
      "i" : "FIL_USD",
      "m" : "4611686018431117198"
    }, {
      "d" : "1756459230140117833",
      "t" : 1756459230140,
      "tn" : 1756459230140117833,
      "q" : "0.52",
      "p" : "2.2798",
      "s" : "sell",
      "i" : "FIL_USD",
      "m" : "4611686018431117197"
    }, {
      "d" : "1756459200137751941",
      "t" : 1756459200137,
      "tn" : 1756459200137751941,
      "q" : "0.52",
      "p" : "2.2788",
      "s" : "sell",
      "i" : "FIL_USD",
      "m" : "4611686018431117196"
    }, {
      "d" : "1756459200065896310",
      "t" : 1756459200065,
      "tn" : 1756459200065896310,
      "q" : "0.52",
      "p" : "2.2788",
      "s" : "sell",
      "i" : "FIL_USD",
      "m" : "4611686018431117195"
    }, {
      "d" : "1756459200037004202",
      "t" : 1756459200037,
      "tn" : 1756459200037004202,
      "q" : "0.52",
      "p" : "2.2788",
      "s" : "sell",
      "i" : "FIL_USD",
      "m" : "4611686018431117194"
    }, {
      "d" : "1756459188864436588",
      "t" : 1756459188864,
      "tn" : 1756459188864436588,
      "q" : "0.52",
      "p" : "2.2785",
      "s" : "sell",
      "i" : "FIL_USD",
      "m" : "4611686018431117193"
    }, {
      "d" : "1756459183538213421",
      "t" : 1756459183538,
      "tn" : 1756459183538213421,
      "q" : "0.52",
      "p" : "2.2769",
      "s" : "buy",
      "i" : "FIL_USD",
      "m" : "4611686018431117192"
    }, {
      "d" : "1756459183132942811",
      "t" : 1756459183132,
      "tn" : 1756459183132942811,
      "q" : "0.52",
      "p" : "2.2769",
      "s" : "buy",
      "i" : "FIL_USD",
      "m" : "4611686018431117191"
    }, {
      "d" : "1756459177841570026",
      "t" : 1756459177841,
      "tn" : 1756459177841570026,
      "q" : "0.52",
      "p" : "2.2768",
      "s" : "sell",
      "i" : "FIL_USD",
      "m" : "4611686018431117190"
    }, {
      "d" : "1756459158530844548",
      "t" : 1756459158530,
      "tn" : 1756459158530844548,
      "q" : "0.52",
      "p" : "2.2739",
      "s" : "buy",
      "i" : "FIL_USD",
      "m" : "4611686018431117189"
    }, {
      "d" : "1756459156090288512",
      "t" : 1756459156090,
      "tn" : 1756459156090288512,
      "q" : "0.52",
      "p" : "2.2738",
      "s" : "sell",
      "i" : "FIL_USD",
      "m" : "4611686018431117188"
    }, {
      "d" : "1756459130300840034",
      "t" : 1756459130300,
      "tn" : 1756459130300840034,
      "q" : "0.52",
      "p" : "2.2718",
      "s" : "sell",
      "i" : "FIL_USD",
      "m" : "4611686018431117187"
    }, {
      "d" : "1756459122253967531",
      "t" : 1756459122253,
      "tn" : 1756459122253967531,
      "q" : "0.52",
      "p" : "2.2718",
      "s" : "sell",
      "i" : "FIL_USD",
      "m" : "4611686018431117186"
    }, {
      "d" : "1756459085312707579",
      "t" : 1756459085312,
      "tn" : 1756459085312707579,
      "q" : "15.88",
      "p" : "2.2681",
      "s" : "buy",
      "i" : "FIL_USD",
      "m" : "4611686018431117185"
    }, {
      "d" : "1756459052779604762",
      "t" : 1756459052779,
      "tn" : 1756459052779604762,
      "q" : "0.52",
      "p" : "2.2658",
      "s" : "sell",
      "i" : "FIL_USD",
      "m" : "4611686018431117184"
    }, {
      "d" : "1756459039241333369",
      "t" : 1756459039241,
      "tn" : 1756459039241333369,
      "q" : "0.52",
      "p" : "2.2658",
      "s" : "sell",
      "i" : "FIL_USD",
      "m" : "4611686018431117183"
    }, {
      "d" : "1756459039217995833",
      "t" : 1756459039217,
      "tn" : 1756459039217995833,
      "q" : "0.52",
      "p" : "2.2668",
      "s" : "sell",
      "i" : "FIL_USD",
      "m" : "4611686018431117182"
    }, {
      "d" : "1756459029317473103",
      "t" : 1756459029317,
      "tn" : 1756459029317473103,
      "q" : "150.00",
      "p" : "2.2669",
      "s" : "buy",
      "i" : "FIL_USD",
      "m" : "4611686018431117181"
    }, {
      "d" : "1756459020990284587",
      "t" : 1756459020990,
      "tn" : 1756459020990284587,
      "q" : "0.52",
      "p" : "2.2668",
      "s" : "sell",
      "i" : "FIL_USD",
      "m" : "4611686018431117180"
    }, {
      "d" : "1756458917038953147",
      "t" : 1756458917038,
      "tn" : 1756458917038953147,
      "q" : "0.52",
      "p" : "2.2608",
      "s" : "sell",
      "i" : "FIL_USD",
      "m" : "4611686018431117179"
    }, {
      "d" : "1756458914388589363",
      "t" : 1756458914388,
      "tn" : 1756458914388589363,
      "q" : "0.52",
      "p" : "2.2618",
      "s" : "sell",
      "i" : "FIL_USD",
      "m" : "4611686018431117178"
    }, {
      "d" : "1756458874854814558",
      "t" : 1756458874854,
      "tn" : 1756458874854814557,
      "q" : "0.52",
      "p" : "2.2629",
      "s" : "buy",
      "i" : "FIL_USD",
      "m" : "4611686018431117177"
    }, {
      "d" : "1756458874854814557",
      "t" : 1756458874854,
      "tn" : 1756458874854814557,
      "q" : "119.20",
      "p" : "2.2629",
      "s" : "buy",
      "i" : "FIL_USD",
      "m" : "4611686018431117177"
    }, {
      "d" : "1756458847826802251",
      "t" : 1756458847826,
      "tn" : 1756458847826802251,
      "q" : "8.90",
      "p" : "2.2646",
      "s" : "sell",
      "i" : "FIL_USD",
      "m" : "4611686018431117176"
    }, {
      "d" : "1756458838759677323",
      "t" : 1756458838759,
      "tn" : 1756458838759677323,
      "q" : "2.48",
      "p" : "2.2658",
      "s" : "sell",
      "i" : "FIL_USD",
      "m" : "4611686018431117175"
    }, {
      "d" : "1756458821800681511",
      "t" : 1756458821800,
      "tn" : 1756458821800681511,
      "q" : "0.52",
      "p" : "2.2648",
      "s" : "sell",
      "i" : "FIL_USD",
      "m" : "4611686018431117174"
    }, {
      "d" : "1756458688190585714",
      "t" : 1756458688190,
      "tn" : 1756458688190585714,
      "q" : "0.52",
      "p" : "2.2608",
      "s" : "sell",
      "i" : "FIL_USD",
      "m" : "4611686018431117173"
    }, {
      "d" : "1756458685362401956",
      "t" : 1756458685362,
      "tn" : 1756458685362401956,
      "q" : "0.52",
      "p" : "2.2598",
      "s" : "sell",
      "i" : "FIL_USD",
      "m" : "4611686018431117172"
    }, {
      "d" : "1756458679534484819",
      "t" : 1756458679534,
      "tn" : 1756458679534484819,
      "q" : "0.52",
      "p" : "2.2579",
      "s" : "buy",
      "i" : "FIL_USD",
      "m" : "4611686018431117171"
    }, {
      "d" : "1756458616657246633",
      "t" : 1756458616657,
      "tn" : 1756458616657246633,
      "q" : "0.52",
      "p" : "2.2588",
      "s" : "sell",
      "i" : "FIL_USD",
      "m" : "4611686018431117170"
    }, {
      "d" : "1756458589530549150",
      "t" : 1756458589530,
      "tn" : 1756458589530549150,
      "q" : "0.52",
      "p" : "2.2598",
      "s" : "sell",
      "i" : "FIL_USD",
      "m" : "4611686018431117169"
    }, {
      "d" : "1756458508538321810",
      "t" : 1756458508538,
      "tn" : 1756458508538321810,
      "q" : "0.52",
      "p" : "2.2578",
      "s" : "sell",
      "i" : "FIL_USD",
      "m" : "4611686018431117168"
    }, {
      "d" : "1756458396944928381",
      "t" : 1756458396944,
      "tn" : 1756458396944928381,
      "q" : "2.48",
      "p" : "2.2568",
      "s" : "buy",
      "i" : "FIL_USD",
      "m" : "4611686018431117167"
    }, {
      "d" : "1756458396794042442",
      "t" : 1756458396794,
      "tn" : 1756458396794042442,
      "q" : "0.52",
      "p" : "2.2568",
      "s" : "sell",
      "i" : "FIL_USD",
      "m" : "4611686018431117166"
    }, {
      "d" : "1756458164059524100",
      "t" : 1756458164059,
      "tn" : 1756458164059524100,
      "q" : "0.52",
      "p" : "2.2548",
      "s" : "sell",
      "i" : "FIL_USD",
      "m" : "4611686018431117165"
    }, {
      "d" : "1756458151644659555",
      "t" : 1756458151644,
      "tn" : 1756458151644659555,
      "q" : "1.04",
      "p" : "2.2554",
      "s" : "sell",
      "i" : "FIL_USD",
      "m" : "4611686018431117164"
    }, {
      "d" : "1756458124532809083",
      "t" : 1756458124532,
      "tn" : 1756458124532809083,
      "q" : "0.52",
      "p" : "2.2579",
      "s" : "buy",
      "i" : "FIL_USD",
      "m" : "4611686018431117163"
    }, {
      "d" : "1756458110382434179",
      "t" : 1756458110382,
      "tn" : 1756458110382434179,
      "q" : "0.52",
      "p" : "2.2578",
      "s" : "sell",
      "i" : "FIL_USD",
      "m" : "4611686018431117162"
    }, {
      "d" : "1756458089837831953",
      "t" : 1756458089837,
      "tn" : 1756458089837831953,
      "q" : "0.52",
      "p" : "2.2599",
      "s" : "buy",
      "i" : "FIL_USD",
      "m" : "4611686018431117161"
    }, {
      "d" : "1756458053332294041",
      "t" : 1756458053332,
      "tn" : 1756458053332294041,
      "q" : "0.52",
      "p" : "2.2598",
      "s" : "sell",
      "i" : "FIL_USD",
      "m" : "4611686018431117160"
    }, {
      "d" : "1756458003217304511",
      "t" : 1756458003217,
      "tn" : 1756458003217304511,
      "q" : "0.52",
      "p" : "2.2649",
      "s" : "buy",
      "i" : "FIL_USD",
      "m" : "4611686018431117159"
    }, {
      "d" : "1756457940816487753",
      "t" : 1756457940816,
      "tn" : 1756457940816487753,
      "q" : "0.52",
      "p" : "2.2639",
      "s" : "buy",
      "i" : "FIL_USD",
      "m" : "4611686018431117158"
    }, {
      "d" : "1756457904600823697",
      "t" : 1756457904600,
      "tn" : 1756457904600823697,
      "q" : "0.52",
      "p" : "2.2648",
      "s" : "sell",
      "i" : "FIL_USD",
      "m" : "4611686018431117157"
    }, {
      "d" : "1756457865705018868",
      "t" : 1756457865705,
      "tn" : 1756457865705018868,
      "q" : "0.52",
      "p" : "2.2609",
      "s" : "buy",
      "i" : "FIL_USD",
      "m" : "4611686018431117156"
    }, {
      "d" : "1756457852608185323",
      "t" : 1756457852608,
      "tn" : 1756457852608185323,
      "q" : "8.88",
      "p" : "2.2659",
      "s" : "buy",
      "i" : "FIL_USD",
      "m" : "4611686018431117155"
    }, {
      "d" : "1756457852608183477",
      "t" : 1756457852608,
      "tn" : 1756457852608183477,
      "q" : "0.52",
      "p" : "2.2649",
      "s" : "buy",
      "i" : "FIL_USD",
      "m" : "4611686018431117154"
    }, {
      "d" : "1756457850366447219",
      "t" : 1756457850366,
      "tn" : 1756457850366447219,
      "q" : "0.52",
      "p" : "2.2649",
      "s" : "buy",
      "i" : "FIL_USD",
      "m" : "4611686018431117153"
    }, {
      "d" : "1756457839883364244",
      "t" : 1756457839883,
      "tn" : 1756457839883364244,
      "q" : "0.52",
      "p" : "2.2648",
      "s" : "sell",
      "i" : "FIL_USD",
      "m" : "4611686018431117152"
    }, {
      "d" : "1756457829128423478",
      "t" : 1756457829128,
      "tn" : 1756457829128423478,
      "q" : "50.16",
      "p" : "2.2688",
      "s" : "sell",
      "i" : "FIL_USD",
      "m" : "4611686018431117151"
    }, {
      "d" : "1756457793787487052",
      "t" : 1756457793787,
      "tn" : 1756457793787487052,
      "q" : "0.52",
      "p" : "2.2689",
      "s" : "buy",
      "i" : "FIL_USD",
      "m" : "4611686018431117150"
    }, {
      "d" : "1756457776319872968",
      "t" : 1756457776319,
      "tn" : 1756457776319872968,
      "q" : "0.52",
      "p" : "2.2699",
      "s" : "buy",
      "i" : "FIL_USD",
      "m" : "4611686018431117149"
    }, {
      "d" : "1756457758504245653",
      "t" : 1756457758504,
      "tn" : 1756457758504245653,
      "q" : "160.99",
      "p" : "2.2704",
      "s" : "sell",
      "i" : "FIL_USD",
      "m" : "4611686018431117148"
    }, {
      "d" : "1756457746412086094",
      "t" : 1756457746412,
      "tn" : 1756457746412086094,
      "q" : "0.52",
      "p" : "2.2729",
      "s" : "buy",
      "i" : "FIL_USD",
      "m" : "4611686018431117147"
    }, {
      "d" : "1756457746285588900",
      "t" : 1756457746285,
      "tn" : 1756457746285588900,
      "q" : "0.52",
      "p" : "2.2729",
      "s" : "buy",
      "i" : "FIL_USD",
      "m" : "4611686018431117146"
    }, {
      "d" : "1756457736155229033",
      "t" : 1756457736155,
      "tn" : 1756457736155229033,
      "q" : "355.49",
      "p" : "2.2725",
      "s" : "sell",
      "i" : "FIL_USD",
      "m" : "4611686018431117145"
    }, {
      "d" : "1756457735566701431",
      "t" : 1756457735566,
      "tn" : 1756457735566701431,
      "q" : "0.52",
      "p" : "2.2738",
      "s" : "sell",
      "i" : "FIL_USD",
      "m" : "4611686018431117144"
    }, {
      "d" : "1756457672085821646",
      "t" : 1756457672085,
      "tn" : 1756457672085821646,
      "q" : "0.52",
      "p" : "2.2759",
      "s" : "buy",
      "i" : "FIL_USD",
      "m" : "4611686018431117143"
    }, {
      "d" : "1756457655856834864",
      "t" : 1756457655856,
      "tn" : 1756457655856834864,
      "q" : "0.52",
      "p" : "2.2778",
      "s" : "sell",
      "i" : "FIL_USD",
      "m" : "4611686018431117142"
    }, {
      "d" : "1756457632039730921",
      "t" : 1756457632039,
      "tn" : 1756457632039730921,
      "q" : "27.00",
      "p" : "2.2788",
      "s" : "sell",
      "i" : "FIL_USD",
      "m" : "4611686018431117141"
    }, {
      "d" : "1756457621626837165",
      "t" : 1756457621626,
      "tn" : 1756457621626837165,
      "q" : "0.52",
      "p" : "2.2798",
      "s" : "sell",
      "i" : "FIL_USD",
      "m" : "4611686018431117140"
    }, {
      "d" : "1756457550494540274",
      "t" : 1756457550494,
      "tn" : 1756457550494540274,
      "q" : "0.52",
      "p" : "2.2819",
      "s" : "buy",
      "i" : "FIL_USD",
      "m" : "4611686018431117139"
    }, {
      "d" : "1756457493532095081",
      "t" : 1756457493532,
      "tn" : 1756457493532095081,
      "q" : "0.52",
      "p" : "2.2818",
      "s" : "sell",
      "i" : "FIL_USD",
      "m" : "4611686018431117138"
    }, {
      "d" : "1756457198918823722",
      "t" : 1756457198918,
      "tn" : 1756457198918823722,
      "q" : "0.52",
      "p" : "2.2818",
      "s" : "sell",
      "i" : "FIL_USD",
      "m" : "4611686018431117137"
    }, {
      "d" : "1756456981996888414",
      "t" : 1756456981996,
      "tn" : 1756456981996888414,
      "q" : "0.52",
      "p" : "2.2824",
      "s" : "buy",
      "i" : "FIL_USD",
      "m" : "4611686018431117136"
    }, {
      "d" : "1756456869864025292",
      "t" : 1756456869864,
      "tn" : 1756456869864025292,
      "q" : "0.52",
      "p" : "2.2838",
      "s" : "sell",
      "i" : "FIL_USD",
      "m" : "4611686018431117135"
    }, {
      "d" : "1756456811310896802",
      "t" : 1756456811310,
      "tn" : 1756456811310896802,
      "q" : "0.52",
      "p" : "2.2834",
      "s" : "buy",
      "i" : "FIL_USD",
      "m" : "4611686018431117134"
    }, {
      "d" : "1756456808228598280",
      "t" : 1756456808228,
      "tn" : 1756456808228598280,
      "q" : "0.52",
      "p" : "2.2809",
      "s" : "buy",
      "i" : "FIL_USD",
      "m" : "4611686018431117133"
    }, {
      "d" : "1756456759532230716",
      "t" : 1756456759532,
      "tn" : 1756456759532230716,
      "q" : "0.52",
      "p" : "2.2859",
      "s" : "buy",
      "i" : "FIL_USD",
      "m" : "4611686018431117132"
    }, {
      "d" : "1756456657040873972",
      "t" : 1756456657040,
      "tn" : 1756456657040873972,
      "q" : "50.00",
      "p" : "2.2816",
      "s" : "sell",
      "i" : "FIL_USD",
      "m" : "4611686018431117131"
    }, {
      "d" : "1756456638499918208",
      "t" : 1756456638499,
      "tn" : 1756456638499918208,
      "q" : "0.52",
      "p" : "2.2809",
      "s" : "buy",
      "i" : "FIL_USD",
      "m" : "4611686018431117130"
    }, {
      "d" : "1756456627526430396",
      "t" : 1756456627526,
      "tn" : 1756456627526430396,
      "q" : "0.52",
      "p" : "2.2819",
      "s" : "buy",
      "i" : "FIL_USD",
      "m" : "4611686018431117129"
    }, {
      "d" : "1756456618074467302",
      "t" : 1756456618074,
      "tn" : 1756456618074467302,
      "q" : "99.97",
      "p" : "2.2816",
      "s" : "sell",
      "i" : "FIL_USD",
      "m" : "4611686018431117128"
    }, {
      "d" : "1756456536932642372",
      "t" : 1756456536932,
      "tn" : 1756456536932642372,
      "q" : "0.52",
      "p" : "2.2844",
      "s" : "buy",
      "i" : "FIL_USD",
      "m" : "4611686018431117127"
    }, {
      "d" : "1756456427534064771",
      "t" : 1756456427534,
      "tn" : 1756456427534064771,
      "q" : "0.52",
      "p" : "2.2829",
      "s" : "buy",
      "i" : "FIL_USD",
      "m" : "4611686018431117126"
    }, {
      "d" : "1756456005698644134",
      "t" : 1756456005698,
      "tn" : 1756456005698644134,
      "q" : "0.52",
      "p" : "2.2831",
      "s" : "buy",
      "i" : "FIL_USD",
      "m" : "4611686018431117125"
    }, {
      "d" : "1756455920588843901",
      "t" : 1756455920588,
      "tn" : 1756455920588843901,
      "q" : "0.52",
      "p" : "2.2770",
      "s" : "sell",
      "i" : "FIL_USD",
      "m" : "4611686018431117124"
    }, {
      "d" : "1756455895490756782",
      "t" : 1756455895490,
      "tn" : 1756455895490756782,
      "q" : "0.52",
      "p" : "2.2750",
      "s" : "sell",
      "i" : "FIL_USD",
      "m" : "4611686018431117123"
    }, {
      "d" : "1756455891531124994",
      "t" : 1756455891531,
      "tn" : 1756455891531124994,
      "q" : "2.50",
      "p" : "2.2760",
      "s" : "sell",
      "i" : "FIL_USD",
      "m" : "4611686018431117122"
    }, {
      "d" : "1756455761533586288",
      "t" : 1756455761533,
      "tn" : 1756455761533586288,
      "q" : "0.52",
      "p" : "2.2810",
      "s" : "sell",
      "i" : "FIL_USD",
      "m" : "4611686018431117121"
    }, {
      "d" : "1756455641533294663",
      "t" : 1756455641533,
      "tn" : 1756455641533294663,
      "q" : "0.52",
      "p" : "2.2830",
      "s" : "sell",
      "i" : "FIL_USD",
      "m" : "4611686018431117120"
    }, {
      "d" : "1756455633471723044",
      "t" : 1756455633471,
      "tn" : 1756455633471723044,
      "q" : "13.63",
      "p" : "2.2804",
      "s" : "buy",
      "i" : "FIL_USD",
      "m" : "4611686018431117119"
    }, {
      "d" : "1756455627354884613",
      "t" : 1756455627354,
      "tn" : 1756455627354884613,
      "q" : "0.52",
      "p" : "2.2810",
      "s" : "sell",
      "i" : "FIL_USD",
      "m" : "4611686018431117118"
    }, {
      "d" : "1756455543854757172",
      "t" : 1756455543854,
      "tn" : 1756455543854757172,
      "q" : "0.52",
      "p" : "2.2851",
      "s" : "buy",
      "i" : "FIL_USD",
      "m" : "4611686018431117117"
    }, {
      "d" : "1756455528192398777",
      "t" : 1756455528192,
      "tn" : 1756455528192398777,
      "q" : "0.52",
      "p" : "2.2831",
      "s" : "buy",
      "i" : "FIL_USD",
      "m" : "4611686018431117116"
    }, {
      "d" : "1756455438062516963",
      "t" : 1756455438062,
      "tn" : 1756455438062516963,
      "q" : "0.52",
      "p" : "2.2830",
      "s" : "sell",
      "i" : "FIL_USD",
      "m" : "4611686018431117115"
    }, {
      "d" : "1756455246023227392",
      "t" : 1756455246023,
      "tn" : 1756455246023227392,
      "q" : "0.52",
      "p" : "2.2890",
      "s" : "sell",
      "i" : "FIL_USD",
      "m" : "4611686018431117114"
    }, {
      "d" : "1756455237847196065",
      "t" : 1756455237847,
      "tn" : 1756455237847196065,
      "q" : "0.52",
      "p" : "2.2900",
      "s" : "sell",
      "i" : "FIL_USD",
      "m" : "4611686018431117113"
    }, {
      "d" : "1756455232761133499",
      "t" : 1756455232761,
      "tn" : 1756455232761133499,
      "q" : "349.46",
      "p" : "2.2892",
      "s" : "sell",
      "i" : "FIL_USD",
      "m" : "4611686018431117112"
    }, {
      "d" : "1756455232761131519",
      "t" : 1756455232761,
      "tn" : 1756455232761131519,
      "q" : "174.71",
      "p" : "2.2895",
      "s" : "sell",
      "i" : "FIL_USD",
      "m" : "4611686018431117111"
    }, {
      "d" : "1756455232761129568",
      "t" : 1756455232761,
      "tn" : 1756455232761129568,
      "q" : "15.62",
      "p" : "2.2896",
      "s" : "sell",
      "i" : "FIL_USD",
      "m" : "4611686018431117110"
    }, {
      "d" : "1756455232760992568",
      "t" : 1756455232760,
      "tn" : 1756455232760992568,
      "q" : "0.52",
      "p" : "2.2910",
      "s" : "sell",
      "i" : "FIL_USD",
      "m" : "4611686018431117109"
    }, {
      "d" : "1756455229626900196",
      "t" : 1756455229626,
      "tn" : 1756455229626900196,
      "q" : "0.52",
      "p" : "2.2901",
      "s" : "buy",
      "i" : "FIL_USD",
      "m" : "4611686018431117108"
    }, {
      "d" : "1756455079150524012",
      "t" : 1756455079150,
      "tn" : 1756455079150524012,
      "q" : "14.83",
      "p" : "2.2918",
      "s" : "sell",
      "i" : "FIL_USD",
      "m" : "4611686018431117107"
    }, {
      "d" : "1756455079150522097",
      "t" : 1756455079150,
      "tn" : 1756455079150522097,
      "q" : "15.60",
      "p" : "2.2919",
      "s" : "sell",
      "i" : "FIL_USD",
      "m" : "4611686018431117106"
    }, {
      "d" : "1756455037472897722",
      "t" : 1756455037472,
      "tn" : 1756455037472897722,
      "q" : "0.92",
      "p" : "2.2953",
      "s" : "buy",
      "i" : "FIL_USD",
      "m" : "4611686018431117105"
    }, {
      "d" : "1756455032536715632",
      "t" : 1756455032536,
      "tn" : 1756455032536715632,
      "q" : "0.52",
      "p" : "2.2960",
      "s" : "sell",
      "i" : "FIL_USD",
      "m" : "4611686018431117104"
    }, {
      "d" : "1756454922674640818",
      "t" : 1756454922674,
      "tn" : 1756454922674640818,
      "q" : "195.79",
      "p" : "2.3031",
      "s" : "buy",
      "i" : "FIL_USD",
      "m" : "4611686018431117103"
    }, {
      "d" : "1756454895366837981",
      "t" : 1756454895366,
      "tn" : 1756454895366837981,
      "q" : "0.52",
      "p" : "2.3050",
      "s" : "sell",
      "i" : "FIL_USD",
      "m" : "4611686018431117102"
    }, {
      "d" : "1756454719531684626",
      "t" : 1756454719531,
      "tn" : 1756454719531684626,
      "q" : "0.52",
      "p" : "2.3030",
      "s" : "sell",
      "i" : "FIL_USD",
      "m" : "4611686018431117101"
    }, {
      "d" : "1756454360527789803",
      "t" : 1756454360527,
      "tn" : 1756454360527789803,
      "q" : "0.52",
      "p" : "2.3050",
      "s" : "sell",
      "i" : "FIL_USD",
      "m" : "4611686018431117100"
    }, {
      "d" : "1756453810495719159",
      "t" : 1756453810495,
      "tn" : 1756453810495719159,
      "q" : "0.52",
      "p" : "2.3100",
      "s" : "sell",
      "i" : "FIL_USD",
      "m" : "4611686018431117099"
    }, {
      "d" : "1756453802862353682",
      "t" : 1756453802862,
      "tn" : 1756453802862353682,
      "q" : "5.00",
      "p" : "2.3118",
      "s" : "sell",
      "i" : "FIL_USD",
      "m" : "4611686018431117098"
    }, {
      "d" : "1756453640496728772",
      "t" : 1756453640496,
      "tn" : 1756453640496728772,
      "q" : "0.52",
      "p" : "2.3140",
      "s" : "sell",
      "i" : "FIL_USD",
      "m" : "4611686018431117097"
    }, {
      "d" : "1756453554520529880",
      "t" : 1756453554520,
      "tn" : 1756453554520529880,
      "q" : "0.52",
      "p" : "2.3120",
      "s" : "sell",
      "i" : "FIL_USD",
      "m" : "4611686018431117096"
    }, {
      "d" : "1756453200466200583",
      "t" : 1756453200466,
      "tn" : 1756453200466200583,
      "q" : "77.00",
      "p" : "2.3111",
      "s" : "buy",
      "i" : "FIL_USD",
      "m" : "4611686018431117095"
    }, {
      "d" : "1756453088006731986",
      "t" : 1756453088006,
      "tn" : 1756453088006731986,
      "q" : "0.52",
      "p" : "2.3090",
      "s" : "sell",
      "i" : "FIL_USD",
      "m" : "4611686018431117094"
    }, {
      "d" : "1756453082866236833",
      "t" : 1756453082866,
      "tn" : 1756453082866236833,
      "q" : "0.52",
      "p" : "2.3100",
      "s" : "sell",
      "i" : "FIL_USD",
      "m" : "4611686018431117093"
    }, {
      "d" : "1756453033525372915",
      "t" : 1756453033525,
      "tn" : 1756453033525372915,
      "q" : "0.52",
      "p" : "2.3101",
      "s" : "buy",
      "i" : "FIL_USD",
      "m" : "4611686018431117092"
    }, {
      "d" : "1756452952346622559",
      "t" : 1756452952346,
      "tn" : 1756452952346622559,
      "q" : "100.00",
      "p" : "2.3130",
      "s" : "sell",
      "i" : "FIL_USD",
      "m" : "4611686018431117091"
    }, {
      "d" : "1756452858623855360",
      "t" : 1756452858623,
      "tn" : 1756452858623855360,
      "q" : "164.15",
      "p" : "2.3140",
      "s" : "sell",
      "i" : "FIL_USD",
      "m" : "4611686018431117090"
    }, {
      "d" : "1756452379527563138",
      "t" : 1756452379527,
      "tn" : 1756452379527563138,
      "q" : "0.52",
      "p" : "2.3060",
      "s" : "sell",
      "i" : "FIL_USD",
      "m" : "4611686018431117089"
    }, {
      "d" : "1756452156828122203",
      "t" : 1756452156828,
      "tn" : 1756452156828122203,
      "q" : "1.04",
      "p" : "2.3125",
      "s" : "buy",
      "i" : "FIL_USD",
      "m" : "4611686018431117088"
    }, {
      "d" : "1756452049320128240",
      "t" : 1756452049320,
      "tn" : 1756452049320128240,
      "q" : "0.52",
      "p" : "2.3150",
      "s" : "sell",
      "i" : "FIL_USD",
      "m" : "4611686018431117087"
    }, {
      "d" : "1756452001051869405",
      "t" : 1756452001051,
      "tn" : 1756452001051869405,
      "q" : "0.52",
      "p" : "2.3154",
      "s" : "buy",
      "i" : "FIL_USD",
      "m" : "4611686018431117086"
    }, {
      "d" : "1756451953254585570",
      "t" : 1756451953254,
      "tn" : 1756451953254585570,
      "q" : "0.52",
      "p" : "2.3128",
      "s" : "sell",
      "i" : "FIL_USD",
      "m" : "4611686018431117085"
    }, {
      "d" : "1756451943526431031",
      "t" : 1756451943526,
      "tn" : 1756451943526431031,
      "q" : "0.52",
      "p" : "2.3143",
      "s" : "sell",
      "i" : "FIL_USD",
      "m" : "4611686018431117084"
    }, {
      "d" : "1756451780387149873",
      "t" : 1756451780387,
      "tn" : 1756451780387149873,
      "q" : "0.52",
      "p" : "2.3114",
      "s" : "buy",
      "i" : "FIL_USD",
      "m" : "4611686018431117083"
    }, {
      "d" : "1756451762799752779",
      "t" : 1756451762799,
      "tn" : 1756451762799752779,
      "q" : "1.58",
      "p" : "2.3105",
      "s" : "buy",
      "i" : "FIL_USD",
      "m" : "4611686018431117082"
    }, {
      "d" : "1756451757663968320",
      "t" : 1756451757663,
      "tn" : 1756451757663968320,
      "q" : "0.52",
      "p" : "2.3098",
      "s" : "sell",
      "i" : "FIL_USD",
      "m" : "4611686018431117081"
    }, {
      "d" : "1756451730529066753",
      "t" : 1756451730529,
      "tn" : 1756451730529066753,
      "q" : "0.52",
      "p" : "2.3113",
      "s" : "sell",
      "i" : "FIL_USD",
      "m" : "4611686018431117080"
    }, {
      "d" : "1756451724527496033",
      "t" : 1756451724527,
      "tn" : 1756451724527496033,
      "q" : "0.52",
      "p" : "2.3094",
      "s" : "buy",
      "i" : "FIL_USD",
      "m" : "4611686018431117079"
    }, {
      "d" : "1756451719927669106",
      "t" : 1756451719927,
      "tn" : 1756451719927669106,
      "q" : "0.52",
      "p" : "2.3094",
      "s" : "buy",
      "i" : "FIL_USD",
      "m" : "4611686018431117078"
    }, {
      "d" : "1756451552958559921",
      "t" : 1756451552958,
      "tn" : 1756451552958559921,
      "q" : "0.52",
      "p" : "2.3213",
      "s" : "sell",
      "i" : "FIL_USD",
      "m" : "4611686018431117077"
    }, {
      "d" : "1756451349528204172",
      "t" : 1756451349528,
      "tn" : 1756451349528204172,
      "q" : "0.52",
      "p" : "2.3233",
      "s" : "sell",
      "i" : "FIL_USD",
      "m" : "4611686018431117076"
    }, {
      "d" : "1756451221198425935",
      "t" : 1756451221198,
      "tn" : 1756451221198425935,
      "q" : "0.52",
      "p" : "2.3269",
      "s" : "buy",
      "i" : "FIL_USD",
      "m" : "4611686018431117075"
    }, {
      "d" : "1756451137733748234",
      "t" : 1756451137733,
      "tn" : 1756451137733748234,
      "q" : "0.52",
      "p" : "2.3313",
      "s" : "sell",
      "i" : "FIL_USD",
      "m" : "4611686018431117074"
    } ]
  }
}