{
  "id" : -1,
  "method" : "public/get-trades",
  "code" : 0,
  "result" : {
    "data" : [ {
      "d" : "1756460793335020165",
      "t" : 1756460793335,
      "tn" : 1756460793335020165,
      "q" : "4.11",
      "p" : "2.2825",
      "s" : "buy",
      "i" : "FIL_USDT",
      "m" : "4611686018431654457"
    }, {
      "d" : "1756459877194828715",
      "t" : 1756459877194,
      "tn" : 1756459877194828715,
      "q" : "5.05",
      "p" : "2.2800",
      "s" : "buy",
      "i" : "FIL_USDT",
      "m" : "4611686018431654456"
    }, {
      "d" : "1756459875065517739",
      "t" : 1756459875065,
      "tn" : 1756459875065517739,
      "q" : "0.52",
      "p" : "2.2814",
      "s" : "sell",
      "i" : "FIL_USDT",
      "m" : "4611686018431654455"
    }, {
      "d" : "1756459798570622269",
      "t" : 1756459798570,
      "tn" : 1756459798570622269,
      "q" : "23.41",
      "p" : "2.2813",
      "s" : "sell",
      "i" : "FIL_USDT",
      "m" : "4611686018431654454"
    }, {
      "d" : "1756459798570620026",
      "t" : 1756459798570,
      "tn" : 1756459798570620026,
      "q" : "0.52",
      "p" : "2.2814",
      "s" : "sell",
      "i" : "FIL_USDT",
      "m" : "4611686018431654453"
    }, {
      "d" : "1756459738645663993",
      "t" : 1756459738645,
      "tn" : 1756459738645663993,
      "q" : "0.52",
      "p" : "2.2784",
      "s" : "sell",
      "i" : "FIL_USDT",
      "m" : "4611686018431654452"
    }, {
      "d" : "1756459505763995013",
      "t" : 1756459505763,
      "tn" : 1756459505763995013,
      "q" : "0.52",
      "p" : "2.2744",
      "s" : "sell",
      "i" : "FIL_USDT",
      "m" : "4611686018431654451"
    }, {
      "d" : "1756459340104140332",
      "t" : 1756459340104,
      "tn" : 1756459340104140332,
      "q" : "6.02",
      "p" : "2.2804",
      "s" : "buy",
      "i" : "FIL_USDT",
      "m" : "4611686018431654450"
    }, {
      "d" : "1756459335635560702",
      "t" : 1756459335635,
      "tn" : 1756459335635560702,
      "q" : "0.52",
      "p" : "2.2774",
      "s" : "sell",
      "i" : "FIL_USDT",
      "m" : "4611686018431654449"
    }, {
      "d" : "1756459264670477313",
      "t" : 1756459264670,
      "tn" : 1756459264670477313,
      "q" : "5.54",
      "p" : "2.2730",
      "s" : "sell",
      "i" : "FIL_USDT",
      "m" : "4611686018431654448"
    }, {
      "d" : "1756459264670475022",
      "t" : 1756459264670,
      "tn" : 1756459264670475022,
      "q" : "0.52",
      "p" : "2.2774",
      "s" : "sell",
      "i" : "FIL_USDT",
      "m" : "4611686018431654447"
    }, {
      "d" : "1756459262740740525",
      "t" : 1756459262740,
      "tn" : 1756459262740740525,
      "q" : "0.52",
      "p" : "2.2764",
      "s" : "sell",
      "i" : "FIL_USDT",
      "m" : "4611686018431654446"
    }, {
      "d" : "1756459247906146864",
      "t" : 1756459247906,
      "tn" : 1756459247906146864,
      "q" : "0.52",
      "p" : "2.2784",
      "s" : "sell",
      "i" : "FIL_USDT",
      "m" : "4611686018431654445"
    }, {
      "d" : "1756459234911919074",
      "t" : 1756459234911,
      "tn" : 1756459234911919074,
      "q" : "0.52",
      "p" : "2.2794",
      "s" : "sell",
      "i" : "FIL_USDT",
      "m" : "4611686018431654444"
    }, {
      "d" : "1756459234608335870",
      "t" : 1756459234608,
      "tn" : 1756459234608335870,
      "q" : "0.52",
      "p" : "2.2794",
      "s" : "sell",
      "i" : "FIL_USDT",
      "m" : "4611686018431654443"
    }, {
      "d" : "1756459234307853911",
      "t" : 1756459234307,
      "tn" : 1756459234307853911,
      "q" : "0.52",
      "p" : "2.2794",
      "s" : "sell",
      "i" : "FIL_USDT",
      "m" : "4611686018431654442"
    }, {
      "d" : "1756459231675125659",
      "t" : 1756459231675,
      "tn" : 1756459231675125659,
      "q" : "0.52",
      "p" : "2.2784",
      "s" : "sell",
      "i" : "FIL_USDT",
      "m" : "4611686018431654441"
    }, {
      "d" : "1756459200137755683",
      "t" : 1756459200137,
      "tn" : 1756459200137755683,
      "q" : "0.52",
      "p" : "2.2784",
      "s" : "sell",
      "i" : "FIL_USDT",
      "m" : "4611686018431654440"
    }, {
      "d" : "1756459200065924630",
      "t" : 1756459200065,
      "tn" : 1756459200065924630,
      "q" : "0.52",
      "p" : "2.2784",
      "s" : "sell",
      "i" : "FIL_USDT",
      "m" : "4611686018431654439"
    }, {
      "d" : "1756459188864379289",
      "t" : 1756459188864,
      "tn" : 1756459188864379289,
      "q" : "0.52",
      "p" : "2.2784",
      "s" : "sell",
      "i" : "FIL_USDT",
      "m" : "4611686018431654438"
    }, {
      "d" : "1756459177842202779",
      "t" : 1756459177842,
      "tn" : 1756459177842202779,
      "q" : "0.52",
      "p" : "2.2764",
      "s" : "sell",
      "i" : "FIL_USDT",
      "m" : "4611686018431654437"
    }, {
      "d" : "1756459156090175805",
      "t" : 1756459156090,
      "tn" : 1756459156090175805,
      "q" : "0.44",
      "p" : "2.2734",
      "s" : "sell",
      "i" : "FIL_USDT",
      "m" : "4611686018431654436"
    }, {
      "d" : "1756459130300917415",
      "t" : 1756459130300,
      "tn" : 1756459130300917415,
      "q" : "0.52",
      "p" : "2.2714",
      "s" : "sell",
      "i" : "FIL_USDT",
      "m" : "4611686018431654435"
    }, {
      "d" : "1756459122253908109",
      "t" : 1756459122253,
      "tn" : 1756459122253908109,
      "q" : "0.52",
      "p" : "2.2714",
      "s" : "sell",
      "i" : "FIL_USDT",
      "m" : "4611686018431654434"
    }, {
      "d" : "1756458821800712421",
      "t" : 1756458821800,
      "tn" : 1756458821800712421,
      "q" : "0.52",
      "p" : "2.2644",
      "s" : "sell",
      "i" : "FIL_USDT",
      "m" : "4611686018431654433"
    }, {
      "d" : "1756458619720956218",
      "t" : 1756458619720,
      "tn" : 1756458619720956218,
      "q" : "6.08",
      "p" : "2.2593",
      "s" : "buy",
      "i" : "FIL_USDT",
      "m" : "4611686018431654432"
    }, {
      "d" : "1756458616691515527",
      "t" : 1756458616691,
      "tn" : 1756458616691515527,
      "q" : "0.52",
      "p" : "2.2584",
      "s" : "sell",
      "i" : "FIL_USDT",
      "m" : "4611686018431654431"
    }, {
      "d" : "1756458180222231479",
      "t" : 1756458180222,
      "tn" : 1756458180222231479,
      "q" : "4.12",
      "p" : "2.2511",
      "s" : "sell",
      "i" : "FIL_USDT",
      "m" : "4611686018431654430"
    }, {
      "d" : "1756458053332212733",
      "t" : 1756458053332,
      "tn" : 1756458053332212733,
      "q" : "0.52",
      "p" : "2.2594",
      "s" : "sell",
      "i" : "FIL_USDT",
      "m" : "4611686018431654429"
    }, {
      "d" : "1756457839883456413",
      "t" : 1756457839883,
      "tn" : 1756457839883456413,
      "q" : "0.52",
      "p" : "2.2644",
      "s" : "sell",
      "i" : "FIL_USDT",
      "m" : "4611686018431654428"
    }, {
      "d" : "1756455440429335757",
      "t" : 1756455440429,
      "tn" : 1756455440429335757,
      "q" : "4.17",
      "p" : "2.2842",
      "s" : "sell",
      "i" : "FIL_USDT",
      "m" : "4611686018431654427"
    }, {
      "d" : "1756455440353994122",
      "t" : 1756455440353,
      "tn" : 1756455440353994122,
      "q" : "4.06",
      "p" : "2.2825",
      "s" : "sell",
      "i" : "FIL_USDT",
      "m" : "4611686018431654426"
    }, {
      "d" : "1756455237847097728",
      "t" : 1756455237847,
      "tn" : 1756455237847097728,
      "q" : "0.52",
      "p" : "2.2894",
      "s" : "sell",
      "i" : "FIL_USDT",
      "m" : "4611686018431654425"
    }, {
      "d" : "1756454985073135691",
      "t" : 1756454985073,
      "tn" : 1756454985073135691,
      "q" : "1.44",
      "p" : "2.2999",
      "s" : "sell",
      "i" : "FIL_USDT",
      "m" : "4611686018431654424"
    }, {
      "d" : "1756453088006796179",
      "t" : 1756453088006,
      "tn" : 1756453088006796179,
      "q" : "0.52",
      "p" : "2.3094",
      "s" : "sell",
      "i" : "FIL_USDT",
      "m" : "4611686018431654423"
    }, {
      "d" : "1756453082866204124",
      "t" : 1756453082866,
      "tn" : 1756453082866204124,
      "q" : "0.52",
      "p" : "2.3094",
      "s" : "sell",
      "i" : "FIL_USDT",
      "m" : "4611686018431654422"
    }, {
      "d" : "1756451620044466850",
      "t" : 1756451620044,
      "tn" : 1756451620044466850,
      "q" : "4.01",
      "p" : "2.3140",
      "s" : "sell",
      "i" : "FIL_USDT",
      "m" : "4611686018431654421"
    }, {
      "d" : "1756450963086698447",
      "t" : 1756450963086,
      "tn" : 1756450963086698447,
      "q" : "0.52",
      "p" : "2.3264",
      "s" : "sell",
      "i" : "FIL_USDT",
      "m" : "4611686018431654420"
    }, {
      "d" : "1756450958058285709",
      "t" : 1756450958058,
      "tn" : 1756450958058285709,
      "q" : "0.52",
      "p" : "2.3254",
      "s" : "sell",
      "i" : "FIL_USDT",
      "m" : "4611686018431654419"
    }, {
      "d" : "1756450898134268721",
      "t" : 1756450898134,
      "tn" : 1756450898134268721,
      "q" : "0.52",
      "p" : "2.3351",
      "s" : "sell",
      "i" : "FIL_USDT",
      "m" : "4611686018431654418"
    }, {
      "d" : "1756450897337113415",
      "t" : 1756450897337,
      "tn" : 1756450897337113415,
      "q" : "0.52",
      "p" : "2.3384",
      "s" : "sell",
      "i" : "FIL_USDT",
      "m" : "4611686018431654417"
    }, {
      "d" : "1756450897263977849",
      "t" : 1756450897263,
      "tn" : 1756450897263977849,
      "q" : "0.52",
      "p" : "2.3394",
      "s" : "sell",
      "i" : "FIL_USDT",
      "m" : "4611686018431654416"
    }, {
      "d" : "1756450897212068115",
      "t" : 1756450897212,
      "tn" : 1756450897212068115,
      "q" : "0.52",
      "p" : "2.3394",
      "s" : "sell",
      "i" : "FIL_USDT",
      "m" : "4611686018431654415"
    }, {
      "d" : "1756450894200266365",
      "t" : 1756450894200,
      "tn" : 1756450894200266365,
      "q" : "0.52",
      "p" : "2.3404",
      "s" : "sell",
      "i" : "FIL_USDT",
      "m" : "4611686018431654414"
    }, {
      "d" : "1756450882679255537",
      "t" : 1756450882679,
      "tn" : 1756450882679255537,
      "q" : "0.52",
      "p" : "2.3464",
      "s" : "sell",
      "i" : "FIL_USDT",
      "m" : "4611686018431654413"
    }, {
      "d" : "1756450785363140795",
      "t" : 1756450785363,
      "tn" : 1756450785363140795,
      "q" : "0.52",
      "p" : "2.3494",
      "s" : "sell",
      "i" : "FIL_USDT",
      "m" : "4611686018431654412"
    }, {
      "d" : "1756450785339642535",
      "t" : 1756450785339,
      "tn" : 1756450785339642535,
      "q" : "0.52",
      "p" : "2.3494",
      "s" : "sell",
      "i" : "FIL_USDT",
      "m" : "4611686018431654411"
    }, {
      "d" : "1756450458231110525",
      "t" : 1756450458231,
      "tn" : 1756450458231110525,
      "q" : "0.52",
      "p" : "2.3465",
      "s" : "buy",
      "i" : "FIL_USDT",
      "m" : "4611686018431654410"
    }, {
      "d" : "1756450424619451581",
      "t" : 1756450424619,
      "tn" : 1756450424619451581,
      "q" : "9.97",
      "p" : "2.3462",
      "s" : "sell",
      "i" : "FIL_USDT",
      "m" : "4611686018431654409"
    }, {
      "d" : "1756450424619449742",
      "t" : 1756450424619,
      "tn" : 1756450424619449742,
      "q" : "0.52",
      "p" : "2.3464",
      "s" : "sell",
      "i" : "FIL_USDT",
      "m" : "4611686018431654408"
    }, {
      "d" : "1756450306587111915",
      "t" : 1756450306587,
      "tn" : 1756450306587111915,
      "q" : "0.52",
      "p" : "2.3465",
      "s" : "buy",
      "i" : "FIL_USDT",
      "m" : "4611686018431654407"
    }, {
      "d" : "1756450120024624590",
      "t" : 1756450120024,
      "tn" : 1756450120024624590,
      "q" : "0.52",
      "p" : "2.3474",
      "s" : "sell",
      "i" : "FIL_USDT",
      "m" : "4611686018431654406"
    }, {
      "d" : "1756450119728386221",
      "t" : 1756450119728,
      "tn" : 1756450119728386221,
      "q" : "0.52",
      "p" : "2.3474",
      "s" : "sell",
      "i" : "FIL_USDT",
      "m" : "4611686018431654405"
    }, {
      "d" : "1756450099989803941",
      "t" : 1756450099989,
      "tn" : 1756450099989803941,
      "q" : "0.52",
      "p" : "2.3484",
      "s" : "sell",
      "i" : "FIL_USDT",
      "m" : "4611686018431654404"
    }, {
      "d" : "1756449991492602929",
      "t" : 1756449991492,
      "tn" : 1756449991492602929,
      "q" : "0.43",
      "p" : "2.3474",
      "s" : "sell",
      "i" : "FIL_USDT",
      "m" : "4611686018431654403"
    }, {
      "d" : "1756449974431912841",
      "t" : 1756449974431,
      "tn" : 1756449974431912841,
      "q" : "0.52",
      "p" : "2.3484",
      "s" : "sell",
      "i" : "FIL_USDT",
      "m" : "4611686018431654402"
    }, {
      "d" : "1756449934910751734",
      "t" : 1756449934910,
      "tn" : 1756449934910751734,
      "q" : "0.52",
      "p" : "2.3474",
      "s" : "sell",
      "i" : "FIL_USDT",
      "m" : "4611686018431654401"
    }, {
      "d" : "1756449812267770400",
      "t" : 1756449812267,
      "tn" : 1756449812267770400,
      "q" : "0.52",
      "p" : "2.3475",
      "s" : "buy",
      "i" : "FIL_USDT",
      "m" : "4611686018431654400"
    }, {
      "d" : "1756449639653662339",
      "t" : 1756449639653,
      "tn" : 1756449639653662339,
      "q" : "0.43",
      "p" : "2.3374",
      "s" : "sell",
      "i" : "FIL_USDT",
      "m" : "4611686018431654399"
    }, {
      "d" : "1756449628684640253",
      "t" : 1756449628684,
      "tn" : 1756449628684640253,
      "q" : "0.52",
      "p" : "2.3375",
      "s" : "buy",
      "i" : "FIL_USDT",
      "m" : "4611686018431654398"
    }, {
      "d" : "1756449603092187500",
      "t" : 1756449603092,
      "tn" : 1756449603092187500,
      "q" : "0.52",
      "p" : "2.3414",
      "s" : "sell",
      "i" : "FIL_USDT",
      "m" : "4611686018431654397"
    }, {
      "d" : "1756449599674953514",
      "t" : 1756449599674,
      "tn" : 1756449599674953514,
      "q" : "0.52",
      "p" : "2.3424",
      "s" : "sell",
      "i" : "FIL_USDT",
      "m" : "4611686018431654396"
    }, {
      "d" : "1756449101443285553",
      "t" : 1756449101443,
      "tn" : 1756449101443285553,
      "q" : "0.52",
      "p" : "2.3434",
      "s" : "sell",
      "i" : "FIL_USDT",
      "m" : "4611686018431654395"
    }, {
      "d" : "1756448868149764191",
      "t" : 1756448868149,
      "tn" : 1756448868149764191,
      "q" : "0.52",
      "p" : "2.3434",
      "s" : "sell",
      "i" : "FIL_USDT",
      "m" : "4611686018431654394"
    }, {
      "d" : "1756448553821719726",
      "t" : 1756448553821,
      "tn" : 1756448553821719726,
      "q" : "0.52",
      "p" : "2.3434",
      "s" : "sell",
      "i" : "FIL_USDT",
      "m" : "4611686018431654393"
    }, {
      "d" : "1756448303376546985",
      "t" : 1756448303376,
      "tn" : 1756448303376546985,
      "q" : "1.45",
      "p" : "2.3454",
      "s" : "sell",
      "i" : "FIL_USDT",
      "m" : "4611686018431654392"
    }, {
      "d" : "1756448164529810644",
      "t" : 1756448164529,
      "tn" : 1756448164529810644,
      "q" : "0.52",
      "p" : "2.3455",
      "s" : "buy",
      "i" : "FIL_USDT",
      "m" : "4611686018431654391"
    }, {
      "d" : "1756448125246916796",
      "t" : 1756448125246,
      "tn" : 1756448125246916796,
      "q" : "2.50",
      "p" : "2.3454",
      "s" : "sell",
      "i" : "FIL_USDT",
      "m" : "4611686018431654390"
    }, {
      "d" : "1756448014126677147",
      "t" : 1756448014126,
      "tn" : 1756448014126677147,
      "q" : "0.52",
      "p" : "2.3514",
      "s" : "sell",
      "i" : "FIL_USDT",
      "m" : "4611686018431654389"
    }, {
      "d" : "1756448014097553720",
      "t" : 1756448014097,
      "tn" : 1756448014097553720,
      "q" : "0.52",
      "p" : "2.3514",
      "s" : "sell",
      "i" : "FIL_USDT",
      "m" : "4611686018431654388"
    }, {
      "d" : "1756448014049603135",
      "t" : 1756448014049,
      "tn" : 1756448014049603135,
      "q" : "0.52",
      "p" : "2.3514",
      "s" : "sell",
      "i" : "FIL_USDT",
      "m" : "4611686018431654387"
    }, {
      "d" : "1756447891396018596",
      "t" : 1756447891396,
      "tn" : 1756447891396018596,
      "q" : "0.52",
      "p" : "2.3524",
      "s" : "sell",
      "i" : "FIL_USDT",
      "m" : "4611686018431654386"
    }, {
      "d" : "1756447584597912095",
      "t" : 1756447584597,
      "tn" : 1756447584597912095,
      "q" : "0.52",
      "p" : "2.3554",
      "s" : "sell",
      "i" : "FIL_USDT",
      "m" : "4611686018431654385"
    }, {
      "d" : "1756447406198667886",
      "t" : 1756447406198,
      "tn" : 1756447406198667886,
      "q" : "0.52",
      "p" : "2.3604",
      "s" : "sell",
      "i" : "FIL_USDT",
      "m" : "4611686018431654384"
    }, {
      "d" : "1756447393091216681",
      "t" : 1756447393091,
      "tn" : 1756447393091216681,
      "q" : "0.52",
      "p" : "2.3614",
      "s" : "sell",
      "i" : "FIL_USDT",
      "m" : "4611686018431654383"
    }, {
      "d" : "1756447393039976584",
      "t" : 1756447393039,
      "tn" : 1756447393039976584,
      "q" : "0.52",
      "p" : "2.3614",
      "s" : "sell",
      "i" : "FIL_USDT",
      "m" : "4611686018431654382"
    }, {
      "d" : "1756447332614480925",
      "t" : 1756447332614,
      "tn" : 1756447332614480925,
      "q" : "0.52",
      "p" : "2.3634",
      "s" : "sell",
      "i" : "FIL_USDT",
      "m" : "4611686018431654381"
    }, {
      "d" : "1756446833640078476",
      "t" : 1756446833640,
      "tn" : 1756446833640078476,
      "q" : "0.52",
      "p" : "2.3614",
      "s" : "sell",
      "i" : "FIL_USDT",
      "m" : "4611686018431654380"
    }, {
      "d" : "1756446708982230870",
      "t" : 1756446708982,
      "tn" : 1756446708982230870,
      "q" : "0.52",
      "p" : "2.3644",
      "s" : "sell",
      "i" : "FIL_USDT",
      "m" : "4611686018431654379"
    }, {
      "d" : "1756446545743413186",
      "t" : 1756446545743,
      "tn" : 1756446545743413186,
      "q" : "9.48",
      "p" : "2.3685",
      "s" : "sell",
      "i" : "FIL_USDT",
      "m" : "4611686018431654378"
    }, {
      "d" : "1756446545743411868",
      "t" : 1756446545743,
      "tn" : 1756446545743411868,
      "q" : "0.52",
      "p" : "2.3694",
      "s" : "sell",
      "i" : "FIL_USDT",
      "m" : "4611686018431654377"
    }, {
      "d" : "1756446540140476633",
      "t" : 1756446540140,
      "tn" : 1756446540140476633,
      "q" : "0.52",
      "p" : "2.3704",
      "s" : "sell",
      "i" : "FIL_USDT",
      "m" : "4611686018431654376"
    }, {
      "d" : "1756444936715124027",
      "t" : 1756444936715,
      "tn" : 1756444936715124027,
      "q" : "0.52",
      "p" : "2.3624",
      "s" : "sell",
      "i" : "FIL_USDT",
      "m" : "4611686018431654375"
    }, {
      "d" : "1756442725707410957",
      "t" : 1756442725707,
      "tn" : 1756442725707410957,
      "q" : "0.52",
      "p" : "2.3674",
      "s" : "sell",
      "i" : "FIL_USDT",
      "m" : "4611686018431654374"
    }, {
      "d" : "1756442352917808845",
      "t" : 1756442352917,
      "tn" : 1756442352917808845,
      "q" : "0.52",
      "p" : "2.3674",
      "s" : "sell",
      "i" : "FIL_USDT",
      "m" : "4611686018431654373"
    }, {
      "d" : "1756441804862165784",
      "t" : 1756441804862,
      "tn" : 1756441804862165784,
      "q" : "0.52",
      "p" : "2.3694",
      "s" : "sell",
      "i" : "FIL_USDT",
      "m" : "4611686018431654372"
    }, {
      "d" : "1756441779890623675",
      "t" : 1756441779890,
      "tn" : 1756441779890623675,
      "q" : "0.52",
      "p" : "2.3704",
      "s" : "sell",
      "i" : "FIL_USDT",
      "m" : "4611686018431654371"
    }, {
      "d" : "1756441532337011456",
      "t" : 1756441532337,
      "tn" : 1756441532337011456,
      "q" : "0.52",
      "p" : "2.3694",
      "s" : "sell",
      "i" : "FIL_USDT",
      "m" : "4611686018431654370"
    }, {
      "d" : "1756441248689660522",
      "t" : 1756441248689,
      "tn" : 1756441248689660522,
      "q" : "0.52",
      "p" : "2.3665",
      "s" : "buy",
      "i" : "FIL_USDT",
      "m" : "4611686018431654369"
    }, {
      "d" : "1756440315718733044",
      "t" : 1756440315718,
      "tn" : 1756440315718733044,
      "q" : "0.43",
      "p" : "2.3664",
      "s" : "sell",
      "i" : "FIL_USDT",
      "m" : "4611686018431654368"
    }, {
      "d" : "1756439741619930367",
      "t" : 1756439741619,
      "tn" : 1756439741619930367,
      "q" : "0.52",
      "p" : "2.3714",
      "s" : "sell",
      "i" : "FIL_USDT",
      "m" : "4611686018431654367"
    }, {
      "d" : "1756438672343468192",
      "t" : 1756438672343,
      "tn" : 1756438672343468192,
      "q" : "0.52",
      "p" : "2.3705",
      "s" : "buy",
      "i" : "FIL_USDT",
      "m" : "4611686018431654366"
    }, {
      "d" : "1756437989135642199",
      "t" : 1756437989135,
      "tn" : 1756437989135642199,
      "q" : "0.52",
      "p" : "2.3694",
      "s" : "sell",
      "i" : "FIL_USDT",
      "m" : "4611686018431654365"
    }, {
      "d" : "1756437926098590086",
      "t" : 1756437926098,
      "tn" : 1756437926098590086,
      "q" : "0.52",
      "p" : "2.3705",
      "s" : "buy",
      "i" : "FIL_USDT",
      "m" : "4611686018431654364"
    }, {
      "d" : "1756437925960857773",
      "t" : 1756437925960,
      "tn" : 1756437925960857773,
      "q" : "0.52",
      "p" : "2.3704",
      "s" : "sell",
      "i" : "FIL_USDT",
      "m" : "4611686018431654363"
    }, {
      "d" : "1756437710119195094",
      "t" : 1756437710119,
      "tn" : 1756437710119195094,
      "q" : "0.52",
      "p" : "2.3744",
      "s" : "sell",
      "i" : "FIL_USDT",
      "m" : "4611686018431654362"
    }, {
      "d" : "1756436887743246818",
      "t" : 1756436887743,
      "tn" : 1756436887743246818,
      "q" : "0.52",
      "p" : "2.3695",
      "s" : "buy",
      "i" : "FIL_USDT",
      "m" : "4611686018431654361"
    }, {
      "d" : "1756436743030637386",
      "t" : 1756436743030,
      "tn" : 1756436743030637386,
      "q" : "0.52",
      "p" : "2.3634",
      "s" : "sell",
      "i" : "FIL_USDT",
      "m" : "4611686018431654360"
    }, {
      "d" : "1756436588288004904",
      "t" : 1756436588288,
      "tn" : 1756436588288004904,
      "q" : "0.52",
      "p" : "2.3714",
      "s" : "sell",
      "i" : "FIL_USDT",
      "m" : "4611686018431654359"
    }, {
      "d" : "1756436416492217061",
      "t" : 1756436416492,
      "tn" : 1756436416492217061,
      "q" : "0.52",
      "p" : "2.3684",
      "s" : "sell",
      "i" : "FIL_USDT",
      "m" : "4611686018431654358"
    }, {
      "d" : "1756436416444244921",
      "t" : 1756436416444,
      "tn" : 1756436416444244921,
      "q" : "0.52",
      "p" : "2.3684",
      "s" : "sell",
      "i" : "FIL_USDT",
      "m" : "4611686018431654357"
    }, {
      "d" : "1756435896060997567",
      "t" : 1756435896060,
      "tn" : 1756435896060997567,
      "q" : "0.52",
      "p" : "2.3684",
      "s" : "sell",
      "i" : "FIL_USDT",
      "m" : "4611686018431654356"
    }, {
      "d" : "1756434609138530142",
      "t" : 1756434609138,
      "tn" : 1756434609138530142,
      "q" : "0.52",
      "p" : "2.3694",
      "s" : "sell",
      "i" : "FIL_USDT",
      "m" : "4611686018431654355"
    }, {
      "d" : "1756434422612069718",
      "t" : 1756434422612,
      "tn" : 1756434422612069718,
      "q" : "0.52",
      "p" : "2.3714",
      "s" : "sell",
      "i" : "FIL_USDT",
      "m" : "4611686018431654354"
    }, {
      "d" : "1756433606169531013",
      "t" : 1756433606169,
      "tn" : 1756433606169531013,
      "q" : "0.52",
      "p" : "2.3625",
      "s" : "buy",
      "i" : "FIL_USDT",
      "m" : "4611686018431654353"
    }, {
      "d" : "1756433298613715955",
      "t" : 1756433298613,
      "tn" : 1756433298613715955,
      "q" : "0.52",
      "p" : "2.3614",
      "s" : "sell",
      "i" : "FIL_USDT",
      "m" : "4611686018431654352"
    }, {
      "d" : "1756433298530309968",
      "t" : 1756433298530,
      "tn" : 1756433298530309968,
      "q" : "0.52",
      "p" : "2.3624",
      "s" : "sell",
      "i" : "FIL_USDT",
      "m" : "4611686018431654351"
    }, {
      "d" : "1756433260622781031",
      "t" : 1756433260622,
      "tn" : 1756433260622781031,
      "q" : "0.52",
      "p" : "2.3634",
      "s" : "sell",
      "i" : "FIL_USDT",
      "m" : "4611686018431654350"
    }, {
      "d" : "1756432860532470196",
      "t" : 1756432860532,
      "tn" : 1756432860532470196,
      "q" : "0.52",
      "p" : "2.3524",
      "s" : "sell",
      "i" : "FIL_USDT",
      "m" : "4611686018431654349"
    }, {
      "d" : "1756432860467729600",
      "t" : 1756432860467,
      "tn" : 1756432860467729600,
      "q" : "0.52",
      "p" : "2.3524",
      "s" : "sell",
      "i" : "FIL_USDT",
      "m" : "4611686018431654348"
    }, {
      "d" : "1756432361387800572",
      "t" : 1756432361387,
      "tn" : 1756432361387800572,
      "q" : "0.52",
      "p" : "2.3504",
      "s" : "sell",
      "i" : "FIL_USDT",
      "m" : "4611686018431654347"
    }, {
      "d" : "1756431971999700727",
      "t" : 1756431971999,
      "tn" : 1756431971999700727,
      "q" : "0.52",
      "p" : "2.3524",
      "s" : "sell",
      "i" : "FIL_USDT",
      "m" : "4611686018431654346"
    }, {
      "d" : "1756430901573806016",
      "t" : 1756430901573,
      "tn" : 1756430901573806016,
      "q" : "0.52",
      "p" : "2.3524",
      "s" : "sell",
      "i" : "FIL_USDT",
      "m" : "4611686018431654345"
    }, {
      "d" : "1756430718978375241",
      "t" : 1756430718978,
      "tn" : 1756430718978375241,
      "q" : "0.52",
      "p" : "2.3524",
      "s" : "sell",
      "i" : "FIL_USDT",
      "m" : "4611686018431654344"
    }, {
      "d" : "1756430718698668657",
      "t" : 1756430718698,
      "tn" : 1756430718698668657,
      "q" : "0.52",
      "p" : "2.3524",
      "s" : "sell",
      "i" : "FIL_USDT",
      "m" : "4611686018431654343"
    }, {
      "d" : "1756430717814812880",
      "t" : 1756430717814,
      "tn" : 1756430717814812880,
      "q" : "0.52",
      "p" : "2.3535",
      "s" : "buy",
      "i" : "FIL_USDT",
      "m" : "4611686018431654342"
    }, {
      "d" : "1756430624160562689",
      "t" : 1756430624160,
      "tn" : 1756430624160562689,
      "q" : "0.52",
      "p" : "2.3494",
      "s" : "sell",
      "i" : "FIL_USDT",
      "m" : "4611686018431654341"
    }, {
      "d" : "1756430619646374233",
      "t" : 1756430619646,
      "tn" : 1756430619646374233,
      "q" : "0.52",
      "p" : "2.3494",
      "s" : "sell",
      "i" : "FIL_USDT",
      "m" : "4611686018431654340"
    }, {
      "d" : "1756430619540078745",
      "t" : 1756430619540,
      "tn" : 1756430619540078745,
      "q" : "0.52",
      "p" : "2.3494",
      "s" : "sell",
      "i" : "FIL_USDT",
      "m" : "4611686018431654339"
    }, {
      "d" : "1756430360848082322",
      "t" : 1756430360848,
      "tn" : 1756430360848082322,
      "q" : "0.52",
      "p" : "2.3565",
      "s" : "buy",
      "i" : "FIL_USDT",
      "m" : "4611686018431654338"
    }, {
      "d" : "1756430290361240754",
      "t" : 1756430290361,
      "tn" : 1756430290361240754,
      "q" : "0.52",
      "p" : "2.3574",
      "s" : "sell",
      "i" : "FIL_USDT",
      "m" : "4611686018431654337"
    }, {
      "d" : "1756430131423735166",
      "t" : 1756430131423,
      "tn" : 1756430131423735166,
      "q" : "0.52",
      "p" : "2.3604",
      "s" : "sell",
      "i" : "FIL_USDT",
      "m" : "4611686018431654336"
    }, {
      "d" : "1756430034611790955",
      "t" : 1756430034611,
      "tn" : 1756430034611790955,
      "q" : "0.52",
      "p" : "2.3624",
      "s" : "sell",
      "i" : "FIL_USDT",
      "m" : "4611686018431654335"
    }, {
      "d" : "1756429939324709995",
      "t" : 1756429939324,
      "tn" : 1756429939324709995,
      "q" : "0.52",
      "p" : "2.3614",
      "s" : "sell",
      "i" : "FIL_USDT",
      "m" : "4611686018431654334"
    }, {
      "d" : "1756429933970749652",
      "t" : 1756429933970,
      "tn" : 1756429933970749652,
      "q" : "0.52",
      "p" : "2.3624",
      "s" : "sell",
      "i" : "FIL_USDT",
      "m" : "4611686018431654333"
    }, {
      "d" : "1756429921359192885",
      "t" : 1756429921359,
      "tn" : 1756429921359192885,
      "q" : "0.52",
      "p" : "2.3634",
      "s" : "sell",
      "i" : "FIL_USDT",
      "m" : "4611686018431654332"
    }, {
      "d" : "1756429921279885288",
      "t" : 1756429921279,
      "tn" : 1756429921279885288,
      "q" : "0.52",
      "p" : "2.3634",
      "s" : "sell",
      "i" : "FIL_USDT",
      "m" : "4611686018431654331"
    }, {
      "d" : "1756429921207066248",
      "t" : 1756429921207,
      "tn" : 1756429921207066248,
      "q" : "0.52",
      "p" : "2.3634",
      "s" : "sell",
      "i" : "FIL_USDT",
      "m" : "4611686018431654330"
    }, {
      "d" : "1756429883258499861",
      "t" : 1756429883258,
      "tn" : 1756429883258499861,
      "q" : "0.52",
      "p" : "2.3634",
      "s" : "sell",
      "i" : "FIL_USDT",
      "m" : "4611686018431654329"
    }, {
      "d" : "1756429846027803630",
      "t" : 1756429846027,
      "tn" : 1756429846027803630,
      "q" : "0.52",
      "p" : "2.3634",
      "s" : "sell",
      "i" : "FIL_USDT",
      "m" : "4611686018431654328"
    }, {
      "d" : "1756429845863989230",
      "t" : 1756429845863,
      "tn" : 1756429845863989230,
      "q" : "0.52",
      "p" : "2.3634",
      "s" : "sell",
      "i" : "FIL_USDT",
      "m" : "4611686018431654327"
    }, {
      "d" : "1756429707437758787",
      "t" : 1756429707437,
      "tn" : 1756429707437758787,
      "q" : "0.52",
      "p" : "2.3624",
      "s" : "sell",
      "i" : "FIL_USDT",
      "m" : "4611686018431654326"
    }, {
      "d" : "1756429707217732283",
      "t" : 1756429707217,
      "tn" : 1756429707217732283,
      "q" : "0.52",
      "p" : "2.3644",
      "s" : "sell",
      "i" : "FIL_USDT",
      "m" : "4611686018431654325"
    }, {
      "d" : "1756429618567836768",
      "t" : 1756429618567,
      "tn" : 1756429618567836768,
      "q" : "0.52",
      "p" : "2.3664",
      "s" : "sell",
      "i" : "FIL_USDT",
      "m" : "4611686018431654324"
    }, {
      "d" : "1756429478040716826",
      "t" : 1756429478040,
      "tn" : 1756429478040716826,
      "q" : "0.52",
      "p" : "2.3684",
      "s" : "sell",
      "i" : "FIL_USDT",
      "m" : "4611686018431654323"
    }, {
      "d" : "1756429417857276106",
      "t" : 1756429417857,
      "tn" : 1756429417857276106,
      "q" : "0.52",
      "p" : "2.3684",
      "s" : "sell",
      "i" : "FIL_USDT",
      "m" : "4611686018431654322"
    }, {
      "d" : "1756429405112610741",
      "t" : 1756429405112,
      "tn" : 1756429405112610741,
      "q" : "0.52",
      "p" : "2.3704",
      "s" : "sell",
      "i" : "FIL_USDT",
      "m" : "4611686018431654321"
    }, {
      "d" : "1756429344033811941",
      "t" : 1756429344033,
      "tn" : 1756429344033811941,
      "q" : "0.52",
      "p" : "2.3704",
      "s" : "sell",
      "i" : "FIL_USDT",
      "m" : "4611686018431654320"
    }, {
      "d" : "1756429340010709775",
      "t" : 1756429340010,
      "tn" : 1756429340010709775,
      "q" : "0.52",
      "p" : "2.3714",
      "s" : "sell",
      "i" : "FIL_USDT",
      "m" : "4611686018431654319"
    }, {
      "d" : "1756429339944673095",
      "t" : 1756429339944,
      "tn" : 1756429339944673095,
      "q" : "0.52",
      "p" : "2.3724",
      "s" : "sell",
      "i" : "FIL_USDT",
      "m" : "4611686018431654318"
    }, {
      "d" : "1756429120720476970",
      "t" : 1756429120720,
      "tn" : 1756429120720476970,
      "q" : "0.52",
      "p" : "2.3754",
      "s" : "sell",
      "i" : "FIL_USDT",
      "m" : "4611686018431654317"
    }, {
      "d" : "1756429021638049951",
      "t" : 1756429021638,
      "tn" : 1756429021638049951,
      "q" : "0.52",
      "p" : "2.3764",
      "s" : "sell",
      "i" : "FIL_USDT",
      "m" : "4611686018431654316"
    }, {
      "d" : "1756429021531236635",
      "t" : 1756429021531,
      "tn" : 1756429021531236635,
      "q" : "0.52",
      "p" : "2.3764",
      "s" : "sell",
      "i" : "FIL_USDT",
      "m" : "4611686018431654315"
    }, {
      "d" : "1756428657940493504",
      "t" : 1756428657940,
      "tn" : 1756428657940493504,
      "q" : "0.52",
      "p" : "2.3764",
      "s" : "sell",
      "i" : "FIL_USDT",
      "m" : "4611686018431654314"
    }, {
      "d" : "1756428617643480742",
      "t" : 1756428617643,
      "tn" : 1756428617643480742,
      "q" : "0.52",
      "p" : "2.3814",
      "s" : "sell",
      "i" : "FIL_USDT",
      "m" : "4611686018431654313"
    }, {
      "d" : "1756428617535520420",
      "t" : 1756428617535,
      "tn" : 1756428617535520420,
      "q" : "0.52",
      "p" : "2.3824",
      "s" : "sell",
      "i" : "FIL_USDT",
      "m" : "4611686018431654312"
    }, {
      "d" : "1756428617464543107",
      "t" : 1756428617464,
      "tn" : 1756428617464543107,
      "q" : "0.52",
      "p" : "2.3824",
      "s" : "sell",
      "i" : "FIL_USDT",
      "m" : "4611686018431654311"
    }, {
      "d" : "1756428617404517565",
      "t" : 1756428617404,
      "tn" : 1756428617404517565,
      "q" : "0.52",
      "p" : "2.3824",
      "s" : "sell",
      "i" : "FIL_USDT",
      "m" : "4611686018431654310"
    }, {
      "d" : "1756428324245868919",
      "t" : 1756428324245,
      "tn" : 1756428324245868919,
      "q" : "0.52",
      "p" : "2.3764",
      "s" : "sell",
      "i" : "FIL_USDT",
      "m" : "4611686018431654309"
    }, {
      "d" : "1756428324187151222",
      "t" : 1756428324187,
      "tn" : 1756428324187151222,
      "q" : "0.52",
      "p" : "2.3764",
      "s" : "sell",
      "i" : "FIL_USDT",
      "m" : "4611686018431654308"
    } ]
  }
}