{
  "id" : -1,
  "method" : "public/get-trades",
  "code" : 0,
  "result" : {
    "data" : [ {
      "d" : "1756460954159094137",
      "t" : 1756460954159,
      "tn" : 1756460954159094137,
      "q" : "0.1",
      "p" : "2.2855",
      "s" : "sell",
      "i" : "FILUSD-PERP",
      "m" : "4611686018430679469"
    }, {
      "d" : "1756460951405872768",
      "t" : 1756460951405,
      "tn" : 1756460951405872767,
      "q" : "131.2",
      "p" : "2.2846",
      "s" : "buy",
      "i" : "FILUSD-PERP",
      "m" : "4611686018430679468"
    }, {
      "d" : "1756460951405872767",
      "t" : 1756460951405,
      "tn" : 1756460951405872767,
      "q" : "0.1",
      "p" : "2.2846",
      "s" : "buy",
      "i" : "FILUSD-PERP",
      "m" : "4611686018430679468"
    }, {
      "d" : "1756460951405869034",
      "t" : 1756460951405,
      "tn" : 1756460951405869034,
      "q" : "0.1",
      "p" : "2.2843",
      "s" : "buy",
      "i" : "FILUSD-PERP",
      "m" : "4611686018430679467"
    }, {
      "d" : "1756460908374211354",
      "t" : 1756460908374,
      "tn" : 1756460908374211354,
      "q" : "0.1",
      "p" : "2.2845",
      "s" : "sell",
      "i" : "FILUSD-PERP",
      "m" : "4611686018430679466"
    }, {
      "d" : "1756460908250448601",
      "t" : 1756460908250,
      "tn" : 1756460908250448601,
      "q" : "7.0",
      "p" : "2.2846",
      "s" : "buy",
      "i" : "FILUSD-PERP",
      "m" : "4611686018430679465"
    }, {
      "d" : "1756460908250205249",
      "t" : 1756460908250,
      "tn" : 1756460908250205248,
      "q" : "5.1",
      "p" : "2.2846",
      "s" : "buy",
      "i" : "FILUSD-PERP",
      "m" : "4611686018430679464"
    }, {
      "d" : "1756460908250205248",
      "t" : 1756460908250,
      "tn" : 1756460908250205248,
      "q" : "0.1",
      "p" : "2.2846",
      "s" : "buy",
      "i" : "FILUSD-PERP",
      "m" : "4611686018430679464"
    }, {
      "d" : "1756460908250202111",
      "t" : 1756460908250,
      "tn" : 1756460908250202111,
      "q" : "0.1",
      "p" : "2.2843",
      "s" : "buy",
      "i" : "FILUSD-PERP",
      "m" : "4611686018430679463"
    }, {
      "d" : "1756460807598319493",
      "t" : 1756460807598,
      "tn" : 1756460807598319493,
      "q" : "0.1",
      "p" : "2.2815",
      "s" : "sell",
      "i" : "FILUSD-PERP",
      "m" : "4611686018430679462"
    }, {
      "d" : "1756460804825480329",
      "t" : 1756460804825,
      "tn" : 1756460804825480329,
      "q" : "0.1",
      "p" : "2.2825",
      "s" : "sell",
      "i" : "FILUSD-PERP",
      "m" : "4611686018430679461"
    }, {
      "d" : "1756460804037216012",
      "t" : 1756460804037,
      "tn" : 1756460804037216012,
      "q" : "0.1",
      "p" : "2.2825",
      "s" : "sell",
      "i" : "FILUSD-PERP",
      "m" : "4611686018430679460"
    }, {
      "d" : "1756460803458198257",
      "t" : 1756460803458,
      "tn" : 1756460803458198257,
      "q" : "0.1",
      "p" : "2.2835",
      "s" : "sell",
      "i" : "FILUSD-PERP",
      "m" : "4611686018430679459"
    }, {
      "d" : "1756460799222023362",
      "t" : 1756460799222,
      "tn" : 1756460799222023362,
      "q" : "0.1",
      "p" : "2.2835",
      "s" : "sell",
      "i" : "FILUSD-PERP",
      "m" : "4611686018430679458"
    }, {
      "d" : "1756460797451388061",
      "t" : 1756460797451,
      "tn" : 1756460797451388061,
      "q" : "0.1",
      "p" : "2.2835",
      "s" : "sell",
      "i" : "FILUSD-PERP",
      "m" : "4611686018430679457"
    }, {
      "d" : "1756460752994388527",
      "t" : 1756460752994,
      "tn" : 1756460752994388527,
      "q" : "18.8",
      "p" : "2.2804",
      "s" : "buy",
      "i" : "FILUSD-PERP",
      "m" : "4611686018430679456"
    }, {
      "d" : "1756460752994387052",
      "t" : 1756460752994,
      "tn" : 1756460752994387052,
      "q" : "0.1",
      "p" : "2.2803",
      "s" : "buy",
      "i" : "FILUSD-PERP",
      "m" : "4611686018430679455"
    }, {
      "d" : "1756460749984120838",
      "t" : 1756460749984,
      "tn" : 1756460749984120838,
      "q" : "37.8",
      "p" : "2.2804",
      "s" : "buy",
      "i" : "FILUSD-PERP",
      "m" : "4611686018430679454"
    }, {
      "d" : "1756460749984118469",
      "t" : 1756460749984,
      "tn" : 1756460749984118469,
      "q" : "11.8",
      "p" : "2.2804",
      "s" : "buy",
      "i" : "FILUSD-PERP",
      "m" : "4611686018430679453"
    }, {
      "d" : "1756460749984116832",
      "t" : 1756460749984,
      "tn" : 1756460749984116832,
      "q" : "0.1",
      "p" : "2.2803",
      "s" : "buy",
      "i" : "FILUSD-PERP",
      "m" : "4611686018430679452"
    }, {
      "d" : "1756460746973317322",
      "t" : 1756460746973,
      "tn" : 1756460746973317322,
      "q" : "131.5",
      "p" : "2.2794",
      "s" : "buy",
      "i" : "FILUSD-PERP",
      "m" : "4611686018430679451"
    }, {
      "d" : "1756460746973315610",
      "t" : 1756460746973,
      "tn" : 1756460746973315610,
      "q" : "0.1",
      "p" : "2.2793",
      "s" : "buy",
      "i" : "FILUSD-PERP",
      "m" : "4611686018430679450"
    }, {
      "d" : "1756460735660468740",
      "t" : 1756460735660,
      "tn" : 1756460735660468740,
      "q" : "83.6",
      "p" : "2.2784",
      "s" : "buy",
      "i" : "FILUSD-PERP",
      "m" : "4611686018430679449"
    }, {
      "d" : "1756460735660466722",
      "t" : 1756460735660,
      "tn" : 1756460735660466722,
      "q" : "0.1",
      "p" : "2.2783",
      "s" : "buy",
      "i" : "FILUSD-PERP",
      "m" : "4611686018430679448"
    }, {
      "d" : "1756460727222309335",
      "t" : 1756460727222,
      "tn" : 1756460727222309335,
      "q" : "7.9",
      "p" : "2.2774",
      "s" : "buy",
      "i" : "FILUSD-PERP",
      "m" : "4611686018430679447"
    }, {
      "d" : "1756460727222307545",
      "t" : 1756460727222,
      "tn" : 1756460727222307545,
      "q" : "0.1",
      "p" : "2.2773",
      "s" : "buy",
      "i" : "FILUSD-PERP",
      "m" : "4611686018430679446"
    }, {
      "d" : "1756460713055483498",
      "t" : 1756460713055,
      "tn" : 1756460713055483498,
      "q" : "0.1",
      "p" : "2.2766",
      "s" : "buy",
      "i" : "FILUSD-PERP",
      "m" : "4611686018430679445"
    }, {
      "d" : "1756460713046317575",
      "t" : 1756460713046,
      "tn" : 1756460713046317575,
      "q" : "6.6",
      "p" : "2.2764",
      "s" : "buy",
      "i" : "FILUSD-PERP",
      "m" : "4611686018430679444"
    }, {
      "d" : "1756460713046181653",
      "t" : 1756460713046,
      "tn" : 1756460713046181653,
      "q" : "6.2",
      "p" : "2.2764",
      "s" : "buy",
      "i" : "FILUSD-PERP",
      "m" : "4611686018430679443"
    }, {
      "d" : "1756460713046123342",
      "t" : 1756460713046,
      "tn" : 1756460713046123342,
      "q" : "4.6",
      "p" : "2.2764",
      "s" : "buy",
      "i" : "FILUSD-PERP",
      "m" : "4611686018430679442"
    }, {
      "d" : "1756460713046121021",
      "t" : 1756460713046,
      "tn" : 1756460713046121021,
      "q" : "0.1",
      "p" : "2.2763",
      "s" : "buy",
      "i" : "FILUSD-PERP",
      "m" : "4611686018430679441"
    }, {
      "d" : "1756460703442611067",
      "t" : 1756460703442,
      "tn" : 1756460703442611067,
      "q" : "0.1",
      "p" : "2.2765",
      "s" : "sell",
      "i" : "FILUSD-PERP",
      "m" : "4611686018430679440"
    }, {
      "d" : "1756460699270931130",
      "t" : 1756460699270,
      "tn" : 1756460699270931130,
      "q" : "8.6",
      "p" : "2.2764",
      "s" : "buy",
      "i" : "FILUSD-PERP",
      "m" : "4611686018430679439"
    }, {
      "d" : "1756460699270928994",
      "t" : 1756460699270,
      "tn" : 1756460699270928994,
      "q" : "0.1",
      "p" : "2.2763",
      "s" : "buy",
      "i" : "FILUSD-PERP",
      "m" : "4611686018430679438"
    }, {
      "d" : "1756460661064169317",
      "t" : 1756460661064,
      "tn" : 1756460661064169317,
      "q" : "0.1",
      "p" : "2.2765",
      "s" : "sell",
      "i" : "FILUSD-PERP",
      "m" : "4611686018430679437"
    }, {
      "d" : "1756460660098053152",
      "t" : 1756460660098,
      "tn" : 1756460660098053152,
      "q" : "0.1",
      "p" : "2.2765",
      "s" : "sell",
      "i" : "FILUSD-PERP",
      "m" : "4611686018430679436"
    }, {
      "d" : "1756460657416617864",
      "t" : 1756460657416,
      "tn" : 1756460657416617864,
      "q" : "0.1",
      "p" : "2.2763",
      "s" : "buy",
      "i" : "FILUSD-PERP",
      "m" : "4611686018430679435"
    }, {
      "d" : "1756460656234295566",
      "t" : 1756460656234,
      "tn" : 1756460656234295566,
      "q" : "4.5",
      "p" : "2.2764",
      "s" : "buy",
      "i" : "FILUSD-PERP",
      "m" : "4611686018430679434"
    }, {
      "d" : "1756460656234290020",
      "t" : 1756460656234,
      "tn" : 1756460656234290020,
      "q" : "29.2",
      "p" : "2.2764",
      "s" : "buy",
      "i" : "FILUSD-PERP",
      "m" : "4611686018430679433"
    }, {
      "d" : "1756460656234287920",
      "t" : 1756460656234,
      "tn" : 1756460656234287920,
      "q" : "0.1",
      "p" : "2.2763",
      "s" : "buy",
      "i" : "FILUSD-PERP",
      "m" : "4611686018430679432"
    }, {
      "d" : "1756460648443085621",
      "t" : 1756460648443,
      "tn" : 1756460648443085621,
      "q" : "0.1",
      "p" : "2.2765",
      "s" : "sell",
      "i" : "FILUSD-PERP",
      "m" : "4611686018430679431"
    }, {
      "d" : "1756460642809355013",
      "t" : 1756460642809,
      "tn" : 1756460642809355013,
      "q" : "96.5",
      "p" : "2.2774",
      "s" : "buy",
      "i" : "FILUSD-PERP",
      "m" : "4611686018430679430"
    }, {
      "d" : "1756460642808776719",
      "t" : 1756460642808,
      "tn" : 1756460642808776719,
      "q" : "4.4",
      "p" : "2.2774",
      "s" : "buy",
      "i" : "FILUSD-PERP",
      "m" : "4611686018430679429"
    }, {
      "d" : "1756460642808589301",
      "t" : 1756460642808,
      "tn" : 1756460642808589301,
      "q" : "9.5",
      "p" : "2.2774",
      "s" : "buy",
      "i" : "FILUSD-PERP",
      "m" : "4611686018430679428"
    }, {
      "d" : "1756460642808586330",
      "t" : 1756460642808,
      "tn" : 1756460642808586330,
      "q" : "0.1",
      "p" : "2.2773",
      "s" : "buy",
      "i" : "FILUSD-PERP",
      "m" : "4611686018430679427"
    }, {
      "d" : "1756460620326403671",
      "t" : 1756460620326,
      "tn" : 1756460620326403671,
      "q" : "0.1",
      "p" : "2.2768",
      "s" : "buy",
      "i" : "FILUSD-PERP",
      "m" : "4611686018430679426"
    }, {
      "d" : "1756460618830410310",
      "t" : 1756460618830,
      "tn" : 1756460618830410309,
      "q" : "131.7",
      "p" : "2.2774",
      "s" : "sell",
      "i" : "FILUSD-PERP",
      "m" : "4611686018430679425"
    }, {
      "d" : "1756460618830410309",
      "t" : 1756460618830,
      "tn" : 1756460618830410309,
      "q" : "437.4",
      "p" : "2.2774",
      "s" : "sell",
      "i" : "FILUSD-PERP",
      "m" : "4611686018430679425"
    }, {
      "d" : "1756460618830057687",
      "t" : 1756460618830,
      "tn" : 1756460618830057687,
      "q" : "48.5",
      "p" : "2.2774",
      "s" : "sell",
      "i" : "FILUSD-PERP",
      "m" : "4611686018430679424"
    }, {
      "d" : "1756460618829987935",
      "t" : 1756460618829,
      "tn" : 1756460618829987935,
      "q" : "29.9",
      "p" : "2.2774",
      "s" : "sell",
      "i" : "FILUSD-PERP",
      "m" : "4611686018430679423"
    }, {
      "d" : "1756460618829958390",
      "t" : 1756460618829,
      "tn" : 1756460618829958390,
      "q" : "450.2",
      "p" : "2.2774",
      "s" : "sell",
      "i" : "FILUSD-PERP",
      "m" : "4611686018430679422"
    }, {
      "d" : "1756460618829899901",
      "t" : 1756460618829,
      "tn" : 1756460618829899901,
      "q" : "78.5",
      "p" : "2.2777",
      "s" : "sell",
      "i" : "FILUSD-PERP",
      "m" : "4611686018430679421"
    }, {
      "d" : "1756460618829897666",
      "t" : 1756460618829,
      "tn" : 1756460618829897666,
      "q" : "0.1",
      "p" : "2.2778",
      "s" : "sell",
      "i" : "FILUSD-PERP",
      "m" : "4611686018430679420"
    }, {
      "d" : "1756460618829895523",
      "t" : 1756460618829,
      "tn" : 1756460618829895523,
      "q" : "0.1",
      "p" : "2.2780",
      "s" : "sell",
      "i" : "FILUSD-PERP",
      "m" : "4611686018430679419"
    }, {
      "d" : "1756460596301644751",
      "t" : 1756460596301,
      "tn" : 1756460596301644751,
      "q" : "0.1",
      "p" : "2.2778",
      "s" : "buy",
      "i" : "FILUSD-PERP",
      "m" : "4611686018430679418"
    }, {
      "d" : "1756460595419616443",
      "t" : 1756460595419,
      "tn" : 1756460595419616443,
      "q" : "0.1",
      "p" : "2.2790",
      "s" : "sell",
      "i" : "FILUSD-PERP",
      "m" : "4611686018430679417"
    }, {
      "d" : "1756460595419614029",
      "t" : 1756460595419,
      "tn" : 1756460595419614029,
      "q" : "50.0",
      "p" : "2.2792",
      "s" : "sell",
      "i" : "FILUSD-PERP",
      "m" : "4611686018430679416"
    }, {
      "d" : "1756460525929401511",
      "t" : 1756460525929,
      "tn" : 1756460525929401511,
      "q" : "0.1",
      "p" : "2.2805",
      "s" : "sell",
      "i" : "FILUSD-PERP",
      "m" : "4611686018430679415"
    }, {
      "d" : "1756460525437731818",
      "t" : 1756460525437,
      "tn" : 1756460525437731818,
      "q" : "131.6",
      "p" : "2.2794",
      "s" : "buy",
      "i" : "FILUSD-PERP",
      "m" : "4611686018430679414"
    }, {
      "d" : "1756460525437728362",
      "t" : 1756460525437,
      "tn" : 1756460525437728362,
      "q" : "0.1",
      "p" : "2.2793",
      "s" : "buy",
      "i" : "FILUSD-PERP",
      "m" : "4611686018430679413"
    }, {
      "d" : "1756460431492836190",
      "t" : 1756460431492,
      "tn" : 1756460431492836190,
      "q" : "0.1",
      "p" : "2.2768",
      "s" : "buy",
      "i" : "FILUSD-PERP",
      "m" : "4611686018430679412"
    }, {
      "d" : "1756460411807382762",
      "t" : 1756460411807,
      "tn" : 1756460411807382762,
      "q" : "0.1",
      "p" : "2.2788",
      "s" : "buy",
      "i" : "FILUSD-PERP",
      "m" : "4611686018430679411"
    }, {
      "d" : "1756460410774515177",
      "t" : 1756460410774,
      "tn" : 1756460410774515177,
      "q" : "0.1",
      "p" : "2.2778",
      "s" : "buy",
      "i" : "FILUSD-PERP",
      "m" : "4611686018430679410"
    }, {
      "d" : "1756460380420753661",
      "t" : 1756460380420,
      "tn" : 1756460380420753661,
      "q" : "0.1",
      "p" : "2.2768",
      "s" : "buy",
      "i" : "FILUSD-PERP",
      "m" : "4611686018430679409"
    }, {
      "d" : "1756460363409206236",
      "t" : 1756460363409,
      "tn" : 1756460363409206236,
      "q" : "0.1",
      "p" : "2.2758",
      "s" : "buy",
      "i" : "FILUSD-PERP",
      "m" : "4611686018430679408"
    }, {
      "d" : "1756460340445308058",
      "t" : 1756460340445,
      "tn" : 1756460340445308058,
      "q" : "0.1",
      "p" : "2.2768",
      "s" : "buy",
      "i" : "FILUSD-PERP",
      "m" : "4611686018430679407"
    }, {
      "d" : "1756460279420845877",
      "t" : 1756460279420,
      "tn" : 1756460279420845877,
      "q" : "0.1",
      "p" : "2.2788",
      "s" : "buy",
      "i" : "FILUSD-PERP",
      "m" : "4611686018430679406"
    }, {
      "d" : "1756460257549725251",
      "t" : 1756460257549,
      "tn" : 1756460257549725251,
      "q" : "0.1",
      "p" : "2.2787",
      "s" : "buy",
      "i" : "FILUSD-PERP",
      "m" : "4611686018430679405"
    }, {
      "d" : "1756460242906729679",
      "t" : 1756460242906,
      "tn" : 1756460242906729679,
      "q" : "0.1",
      "p" : "2.2777",
      "s" : "buy",
      "i" : "FILUSD-PERP",
      "m" : "4611686018430679404"
    }, {
      "d" : "1756460234683331992",
      "t" : 1756460234683,
      "tn" : 1756460234683331992,
      "q" : "0.1",
      "p" : "2.2767",
      "s" : "buy",
      "i" : "FILUSD-PERP",
      "m" : "4611686018430679403"
    }, {
      "d" : "1756460221867632743",
      "t" : 1756460221867,
      "tn" : 1756460221867632743,
      "q" : "0.1",
      "p" : "2.2757",
      "s" : "buy",
      "i" : "FILUSD-PERP",
      "m" : "4611686018430679402"
    }, {
      "d" : "1756460216333382246",
      "t" : 1756460216333,
      "tn" : 1756460216333382246,
      "q" : "0.1",
      "p" : "2.2760",
      "s" : "sell",
      "i" : "FILUSD-PERP",
      "m" : "4611686018430679401"
    }, {
      "d" : "1756460206930834023",
      "t" : 1756460206930,
      "tn" : 1756460206930834023,
      "q" : "0.1",
      "p" : "2.2768",
      "s" : "sell",
      "i" : "FILUSD-PERP",
      "m" : "4611686018430679400"
    }, {
      "d" : "1756460206914203163",
      "t" : 1756460206914,
      "tn" : 1756460206914203163,
      "q" : "0.1",
      "p" : "2.2770",
      "s" : "sell",
      "i" : "FILUSD-PERP",
      "m" : "4611686018430679399"
    }, {
      "d" : "1756460198452425163",
      "t" : 1756460198452,
      "tn" : 1756460198452425163,
      "q" : "0.1",
      "p" : "2.2767",
      "s" : "buy",
      "i" : "FILUSD-PERP",
      "m" : "4611686018430679398"
    }, {
      "d" : "1756460185774854582",
      "t" : 1756460185774,
      "tn" : 1756460185774854582,
      "q" : "0.1",
      "p" : "2.2767",
      "s" : "buy",
      "i" : "FILUSD-PERP",
      "m" : "4611686018430679397"
    }, {
      "d" : "1756460185393163855",
      "t" : 1756460185393,
      "tn" : 1756460185393163855,
      "q" : "0.1",
      "p" : "2.2757",
      "s" : "buy",
      "i" : "FILUSD-PERP",
      "m" : "4611686018430679396"
    }, {
      "d" : "1756460182413858007",
      "t" : 1756460182413,
      "tn" : 1756460182413858007,
      "q" : "0.1",
      "p" : "2.2747",
      "s" : "buy",
      "i" : "FILUSD-PERP",
      "m" : "4611686018430679395"
    }, {
      "d" : "1756460175257797139",
      "t" : 1756460175257,
      "tn" : 1756460175257797139,
      "q" : "0.1",
      "p" : "2.2748",
      "s" : "sell",
      "i" : "FILUSD-PERP",
      "m" : "4611686018430679394"
    }, {
      "d" : "1756460175257103416",
      "t" : 1756460175257,
      "tn" : 1756460175257103416,
      "q" : "0.1",
      "p" : "2.2749",
      "s" : "sell",
      "i" : "FILUSD-PERP",
      "m" : "4611686018430679393"
    }, {
      "d" : "1756460167069571157",
      "t" : 1756460167069,
      "tn" : 1756460167069571157,
      "q" : "0.1",
      "p" : "2.2760",
      "s" : "sell",
      "i" : "FILUSD-PERP",
      "m" : "4611686018430679392"
    }, {
      "d" : "1756460146809791703",
      "t" : 1756460146809,
      "tn" : 1756460146809791703,
      "q" : "0.1",
      "p" : "2.2770",
      "s" : "sell",
      "i" : "FILUSD-PERP",
      "m" : "4611686018430679391"
    }, {
      "d" : "1756460146256167549",
      "t" : 1756460146256,
      "tn" : 1756460146256167549,
      "q" : "0.1",
      "p" : "2.2770",
      "s" : "sell",
      "i" : "FILUSD-PERP",
      "m" : "4611686018430679390"
    }, {
      "d" : "1756460139276762760",
      "t" : 1756460139276,
      "tn" : 1756460139276762760,
      "q" : "0.1",
      "p" : "2.2780",
      "s" : "sell",
      "i" : "FILUSD-PERP",
      "m" : "4611686018430679389"
    }, {
      "d" : "1756460122312874408",
      "t" : 1756460122312,
      "tn" : 1756460122312874408,
      "q" : "0.1",
      "p" : "2.2777",
      "s" : "buy",
      "i" : "FILUSD-PERP",
      "m" : "4611686018430679388"
    }, {
      "d" : "1756460116793479310",
      "t" : 1756460116793,
      "tn" : 1756460116793479310,
      "q" : "0.1",
      "p" : "2.2767",
      "s" : "buy",
      "i" : "FILUSD-PERP",
      "m" : "4611686018430679387"
    }, {
      "d" : "1756460116670001684",
      "t" : 1756460116670,
      "tn" : 1756460116670001684,
      "q" : "0.1",
      "p" : "2.2770",
      "s" : "sell",
      "i" : "FILUSD-PERP",
      "m" : "4611686018430679386"
    }, {
      "d" : "1756460091180549518",
      "t" : 1756460091180,
      "tn" : 1756460091180549518,
      "q" : "0.1",
      "p" : "2.2757",
      "s" : "buy",
      "i" : "FILUSD-PERP",
      "m" : "4611686018430679385"
    }, {
      "d" : "1756460040390013581",
      "t" : 1756460040390,
      "tn" : 1756460040390013581,
      "q" : "0.1",
      "p" : "2.2750",
      "s" : "sell",
      "i" : "FILUSD-PERP",
      "m" : "4611686018430679384"
    }, {
      "d" : "1756460018804503619",
      "t" : 1756460018804,
      "tn" : 1756460018804503619,
      "q" : "0.1",
      "p" : "2.2747",
      "s" : "buy",
      "i" : "FILUSD-PERP",
      "m" : "4611686018430679383"
    }, {
      "d" : "1756460011271862319",
      "t" : 1756460011271,
      "tn" : 1756460011271862319,
      "q" : "0.1",
      "p" : "2.2760",
      "s" : "sell",
      "i" : "FILUSD-PERP",
      "m" : "4611686018430679382"
    }, {
      "d" : "1756459988409069020",
      "t" : 1756459988409,
      "tn" : 1756459988409069020,
      "q" : "0.1",
      "p" : "2.2767",
      "s" : "buy",
      "i" : "FILUSD-PERP",
      "m" : "4611686018430679381"
    }, {
      "d" : "1756459982002108818",
      "t" : 1756459982002,
      "tn" : 1756459982002108818,
      "q" : "0.1",
      "p" : "2.2757",
      "s" : "buy",
      "i" : "FILUSD-PERP",
      "m" : "4611686018430679380"
    }, {
      "d" : "1756459955078296833",
      "t" : 1756459955078,
      "tn" : 1756459955078296833,
      "q" : "0.1",
      "p" : "2.2747",
      "s" : "buy",
      "i" : "FILUSD-PERP",
      "m" : "4611686018430679379"
    }, {
      "d" : "1756459940799286452",
      "t" : 1756459940799,
      "tn" : 1756459940799286452,
      "q" : "0.1",
      "p" : "2.2760",
      "s" : "sell",
      "i" : "FILUSD-PERP",
      "m" : "4611686018430679378"
    }, {
      "d" : "1756459936564463009",
      "t" : 1756459936564,
      "tn" : 1756459936564463009,
      "q" : "0.1",
      "p" : "2.2770",
      "s" : "sell",
      "i" : "FILUSD-PERP",
      "m" : "4611686018430679377"
    }, {
      "d" : "1756459912977768939",
      "t" : 1756459912977,
      "tn" : 1756459912977768939,
      "q" : "0.1",
      "p" : "2.2777",
      "s" : "buy",
      "i" : "FILUSD-PERP",
      "m" : "4611686018430679376"
    }, {
      "d" : "1756459882749558837",
      "t" : 1756459882749,
      "tn" : 1756459882749558837,
      "q" : "0.1",
      "p" : "2.2797",
      "s" : "buy",
      "i" : "FILUSD-PERP",
      "m" : "4611686018430679375"
    }, {
      "d" : "1756459876440393877",
      "t" : 1756459876440,
      "tn" : 1756459876440393877,
      "q" : "0.1",
      "p" : "2.2790",
      "s" : "sell",
      "i" : "FILUSD-PERP",
      "m" : "4611686018430679374"
    }, {
      "d" : "1756459866297624891",
      "t" : 1756459866297,
      "tn" : 1756459866297624891,
      "q" : "0.1",
      "p" : "2.2827",
      "s" : "buy",
      "i" : "FILUSD-PERP",
      "m" : "4611686018430679373"
    }, {
      "d" : "1756459842120655338",
      "t" : 1756459842120,
      "tn" : 1756459842120655338,
      "q" : "0.1",
      "p" : "2.2807",
      "s" : "buy",
      "i" : "FILUSD-PERP",
      "m" : "4611686018430679372"
    }, {
      "d" : "1756459813334260163",
      "t" : 1756459813334,
      "tn" : 1756459813334260163,
      "q" : "0.1",
      "p" : "2.2800",
      "s" : "sell",
      "i" : "FILUSD-PERP",
      "m" : "4611686018430679371"
    }, {
      "d" : "1756459811949117802",
      "t" : 1756459811949,
      "tn" : 1756459811949117802,
      "q" : "0.1",
      "p" : "2.2797",
      "s" : "buy",
      "i" : "FILUSD-PERP",
      "m" : "4611686018430679370"
    }, {
      "d" : "1756459798315073069",
      "t" : 1756459798315,
      "tn" : 1756459798315073069,
      "q" : "0.1",
      "p" : "2.2807",
      "s" : "buy",
      "i" : "FILUSD-PERP",
      "m" : "4611686018430679369"
    }, {
      "d" : "1756459777215312592",
      "t" : 1756459777215,
      "tn" : 1756459777215312592,
      "q" : "0.1",
      "p" : "2.2797",
      "s" : "buy",
      "i" : "FILUSD-PERP",
      "m" : "4611686018430679368"
    }, {
      "d" : "1756459747605773759",
      "t" : 1756459747605,
      "tn" : 1756459747605773759,
      "q" : "0.1",
      "p" : "2.2787",
      "s" : "buy",
      "i" : "FILUSD-PERP",
      "m" : "4611686018430679367"
    }, {
      "d" : "1756459738513798412",
      "t" : 1756459738513,
      "tn" : 1756459738513798412,
      "q" : "0.1",
      "p" : "2.2778",
      "s" : "sell",
      "i" : "FILUSD-PERP",
      "m" : "4611686018430679366"
    }, {
      "d" : "1756459738494873004",
      "t" : 1756459738494,
      "tn" : 1756459738494873004,
      "q" : "0.1",
      "p" : "2.2779",
      "s" : "sell",
      "i" : "FILUSD-PERP",
      "m" : "4611686018430679365"
    }, {
      "d" : "1756459684511420192",
      "t" : 1756459684511,
      "tn" : 1756459684511420192,
      "q" : "0.1",
      "p" : "2.2777",
      "s" : "buy",
      "i" : "FILUSD-PERP",
      "m" : "4611686018430679364"
    }, {
      "d" : "1756459681608722032",
      "t" : 1756459681608,
      "tn" : 1756459681608722032,
      "q" : "0.1",
      "p" : "2.2767",
      "s" : "buy",
      "i" : "FILUSD-PERP",
      "m" : "4611686018430679363"
    }, {
      "d" : "1756459657739467764",
      "t" : 1756459657739,
      "tn" : 1756459657739467764,
      "q" : "0.1",
      "p" : "2.2757",
      "s" : "buy",
      "i" : "FILUSD-PERP",
      "m" : "4611686018430679362"
    }, {
      "d" : "1756459608433605133",
      "t" : 1756459608433,
      "tn" : 1756459608433605133,
      "q" : "0.1",
      "p" : "2.2767",
      "s" : "buy",
      "i" : "FILUSD-PERP",
      "m" : "4611686018430679361"
    }, {
      "d" : "1756459549656891315",
      "t" : 1756459549656,
      "tn" : 1756459549656891315,
      "q" : "0.1",
      "p" : "2.2777",
      "s" : "buy",
      "i" : "FILUSD-PERP",
      "m" : "4611686018430679360"
    }, {
      "d" : "1756459545391304712",
      "t" : 1756459545391,
      "tn" : 1756459545391304712,
      "q" : "0.1",
      "p" : "2.2767",
      "s" : "buy",
      "i" : "FILUSD-PERP",
      "m" : "4611686018430679359"
    }, {
      "d" : "1756459523077922270",
      "t" : 1756459523077,
      "tn" : 1756459523077922270,
      "q" : "0.1",
      "p" : "2.2747",
      "s" : "buy",
      "i" : "FILUSD-PERP",
      "m" : "4611686018430679358"
    }, {
      "d" : "1756459508281470051",
      "t" : 1756459508281,
      "tn" : 1756459508281470051,
      "q" : "0.1",
      "p" : "2.2718",
      "s" : "sell",
      "i" : "FILUSD-PERP",
      "m" : "4611686018430679357"
    }, {
      "d" : "1756459508280044959",
      "t" : 1756459508280,
      "tn" : 1756459508280044959,
      "q" : "0.1",
      "p" : "2.2719",
      "s" : "sell",
      "i" : "FILUSD-PERP",
      "m" : "4611686018430679356"
    }, {
      "d" : "1756459507364008134",
      "t" : 1756459507364,
      "tn" : 1756459507364008134,
      "q" : "0.1",
      "p" : "2.2728",
      "s" : "sell",
      "i" : "FILUSD-PERP",
      "m" : "4611686018430679355"
    }, {
      "d" : "1756459506779853777",
      "t" : 1756459506779,
      "tn" : 1756459506779853777,
      "q" : "0.1",
      "p" : "2.2728",
      "s" : "sell",
      "i" : "FILUSD-PERP",
      "m" : "4611686018430679354"
    }, {
      "d" : "1756459506681731583",
      "t" : 1756459506681,
      "tn" : 1756459506681731583,
      "q" : "0.1",
      "p" : "2.2729",
      "s" : "sell",
      "i" : "FILUSD-PERP",
      "m" : "4611686018430679353"
    }, {
      "d" : "1756459506505332108",
      "t" : 1756459506505,
      "tn" : 1756459506505332108,
      "q" : "0.1",
      "p" : "2.2729",
      "s" : "sell",
      "i" : "FILUSD-PERP",
      "m" : "4611686018430679352"
    }, {
      "d" : "1756459461142841378",
      "t" : 1756459461142,
      "tn" : 1756459461142841378,
      "q" : "0.1",
      "p" : "2.2737",
      "s" : "buy",
      "i" : "FILUSD-PERP",
      "m" : "4611686018430679351"
    }, {
      "d" : "1756459441179061834",
      "t" : 1756459441179,
      "tn" : 1756459441179061834,
      "q" : "0.1",
      "p" : "2.2757",
      "s" : "buy",
      "i" : "FILUSD-PERP",
      "m" : "4611686018430679350"
    }, {
      "d" : "1756459424893553090",
      "t" : 1756459424893,
      "tn" : 1756459424893553090,
      "q" : "0.1",
      "p" : "2.2747",
      "s" : "buy",
      "i" : "FILUSD-PERP",
      "m" : "4611686018430679349"
    }, {
      "d" : "1756459421758633903",
      "t" : 1756459421758,
      "tn" : 1756459421758633903,
      "q" : "0.1",
      "p" : "2.2749",
      "s" : "sell",
      "i" : "FILUSD-PERP",
      "m" : "4611686018430679348"
    }, {
      "d" : "1756459411808807847",
      "t" : 1756459411808,
      "tn" : 1756459411808807847,
      "q" : "0.1",
      "p" : "2.2767",
      "s" : "buy",
      "i" : "FILUSD-PERP",
      "m" : "4611686018430679347"
    }, {
      "d" : "1756459401460313818",
      "t" : 1756459401460,
      "tn" : 1756459401460313818,
      "q" : "0.1",
      "p" : "2.2759",
      "s" : "sell",
      "i" : "FILUSD-PERP",
      "m" : "4611686018430679346"
    }, {
      "d" : "1756459370917371224",
      "t" : 1756459370917,
      "tn" : 1756459370917371224,
      "q" : "0.1",
      "p" : "2.2779",
      "s" : "sell",
      "i" : "FILUSD-PERP",
      "m" : "4611686018430679345"
    }, {
      "d" : "1756459364769218210",
      "t" : 1756459364769,
      "tn" : 1756459364769218210,
      "q" : "50.0",
      "p" : "2.2783",
      "s" : "sell",
      "i" : "FILUSD-PERP",
      "m" : "4611686018430679344"
    }, {
      "d" : "1756459364769062433",
      "t" : 1756459364769,
      "tn" : 1756459364769062433,
      "q" : "131.6",
      "p" : "2.2784",
      "s" : "sell",
      "i" : "FILUSD-PERP",
      "m" : "4611686018430679343"
    }, {
      "d" : "1756459364767679259",
      "t" : 1756459364767,
      "tn" : 1756459364767679259,
      "q" : "50.0",
      "p" : "2.2785",
      "s" : "sell",
      "i" : "FILUSD-PERP",
      "m" : "4611686018430679342"
    }, {
      "d" : "1756459364766392596",
      "t" : 1756459364766,
      "tn" : 1756459364766392596,
      "q" : "0.1",
      "p" : "2.2788",
      "s" : "sell",
      "i" : "FILUSD-PERP",
      "m" : "4611686018430679341"
    }, {
      "d" : "1756459364765726002",
      "t" : 1756459364765,
      "tn" : 1756459364765726002,
      "q" : "0.1",
      "p" : "2.2789",
      "s" : "sell",
      "i" : "FILUSD-PERP",
      "m" : "4611686018430679340"
    }, {
      "d" : "1756459361950132596",
      "t" : 1756459361950,
      "tn" : 1756459361950132596,
      "q" : "0.1",
      "p" : "2.2798",
      "s" : "sell",
      "i" : "FILUSD-PERP",
      "m" : "4611686018430679339"
    }, {
      "d" : "1756459361947143075",
      "t" : 1756459361947,
      "tn" : 1756459361947143075,
      "q" : "0.1",
      "p" : "2.2799",
      "s" : "sell",
      "i" : "FILUSD-PERP",
      "m" : "4611686018430679338"
    }, {
      "d" : "1756459339985020645",
      "t" : 1756459339985,
      "tn" : 1756459339985020645,
      "q" : "0.1",
      "p" : "2.2777",
      "s" : "buy",
      "i" : "FILUSD-PERP",
      "m" : "4611686018430679337"
    }, {
      "d" : "1756459336615356024",
      "t" : 1756459336615,
      "tn" : 1756459336615356024,
      "q" : "0.1",
      "p" : "2.2767",
      "s" : "buy",
      "i" : "FILUSD-PERP",
      "m" : "4611686018430679336"
    }, {
      "d" : "1756459263833953278",
      "t" : 1756459263833,
      "tn" : 1756459263833953278,
      "q" : "5.9",
      "p" : "2.2762",
      "s" : "buy",
      "i" : "FILUSD-PERP",
      "m" : "4611686018430679335"
    }, {
      "d" : "1756459263833950708",
      "t" : 1756459263833,
      "tn" : 1756459263833950708,
      "q" : "12.7",
      "p" : "2.2762",
      "s" : "buy",
      "i" : "FILUSD-PERP",
      "m" : "4611686018430679334"
    }, {
      "d" : "1756459263833948755",
      "t" : 1756459263833,
      "tn" : 1756459263833948755,
      "q" : "0.1",
      "p" : "2.2757",
      "s" : "buy",
      "i" : "FILUSD-PERP",
      "m" : "4611686018430679333"
    }, {
      "d" : "1756459256898352929",
      "t" : 1756459256898,
      "tn" : 1756459256898352929,
      "q" : "0.1",
      "p" : "2.2767",
      "s" : "buy",
      "i" : "FILUSD-PERP",
      "m" : "4611686018430679332"
    }, {
      "d" : "1756459212037284555",
      "t" : 1756459212037,
      "tn" : 1756459212037284555,
      "q" : "0.1",
      "p" : "2.2789",
      "s" : "sell",
      "i" : "FILUSD-PERP",
      "m" : "4611686018430679331"
    }, {
      "d" : "1756459200919144798",
      "t" : 1756459200919,
      "tn" : 1756459200919144798,
      "q" : "0.1",
      "p" : "2.2777",
      "s" : "buy",
      "i" : "FILUSD-PERP",
      "m" : "4611686018430679330"
    }, {
      "d" : "1756459200027842900",
      "t" : 1756459200027,
      "tn" : 1756459200027842900,
      "q" : "90.6",
      "p" : "2.2776",
      "s" : "sell",
      "i" : "FILUSD-PERP",
      "m" : "4611686018430679329"
    }, {
      "d" : "1756459200026142907",
      "t" : 1756459200026,
      "tn" : 1756459200026142907,
      "q" : "200.0",
      "p" : "2.2776",
      "s" : "sell",
      "i" : "FILUSD-PERP",
      "m" : "4611686018430679328"
    }, {
      "d" : "1756459200024610026",
      "t" : 1756459200024,
      "tn" : 1756459200024610026,
      "q" : "301.5",
      "p" : "2.2776",
      "s" : "sell",
      "i" : "FILUSD-PERP",
      "m" : "4611686018430679327"
    }, {
      "d" : "1756459200022618672",
      "t" : 1756459200022,
      "tn" : 1756459200022618672,
      "q" : "0.1",
      "p" : "2.2778",
      "s" : "sell",
      "i" : "FILUSD-PERP",
      "m" : "4611686018430679326"
    }, {
      "d" : "1756459200022616451",
      "t" : 1756459200022,
      "tn" : 1756459200022616451,
      "q" : "0.1",
      "p" : "2.2779",
      "s" : "sell",
      "i" : "FILUSD-PERP",
      "m" : "4611686018430679325"
    }, {
      "d" : "1756459183758239515",
      "t" : 1756459183758,
      "tn" : 1756459183758239515,
      "q" : "0.1",
      "p" : "2.2768",
      "s" : "sell",
      "i" : "FILUSD-PERP",
      "m" : "4611686018430679324"
    }, {
      "d" : "1756459183758235749",
      "t" : 1756459183758,
      "tn" : 1756459183758235749,
      "q" : "0.1",
      "p" : "2.2769",
      "s" : "sell",
      "i" : "FILUSD-PERP",
      "m" : "4611686018430679323"
    } ]
  }
}