{
  "id" : -1,
  "method" : "public/get-trades",
  "code" : 0,
  "result" : {
    "data" : [ {
      "d" : "1756458169371544894",
      "t" : 1756458169371,
      "tn" : 1756458169371544894,
      "q" : "137",
      "p" : "0.11683",
      "s" : "sell",
      "i" : "FIS_USD",
      "m" : "4611686018429602363"
    }, {
      "d" : "1756458169371542768",
      "t" : 1756458169371,
      "tn" : 1756458169371542768,
      "q" : "7",
      "p" : "0.11684",
      "s" : "sell",
      "i" : "FIS_USD",
      "m" : "4611686018429602362"
    }, {
      "d" : "1756458168055147109",
      "t" : 1756458168055,
      "tn" : 1756458168055147109,
      "q" : "130",
      "p" : "0.11684",
      "s" : "sell",
      "i" : "FIS_USD",
      "m" : "4611686018429602361"
    }, {
      "d" : "1756458161253977815",
      "t" : 1756458161253,
      "tn" : 1756458161253977814,
      "q" : "137",
      "p" : "0.11685",
      "s" : "sell",
      "i" : "FIS_USD",
      "m" : "4611686018429602360"
    }, {
      "d" : "1756458161253977814",
      "t" : 1756458161253,
      "tn" : 1756458161253977814,
      "q" : "137",
      "p" : "0.11685",
      "s" : "sell",
      "i" : "FIS_USD",
      "m" : "4611686018429602360"
    }, {
      "d" : "1756458161253974348",
      "t" : 1756458161253,
      "tn" : 1756458161253974348,
      "q" : "137",
      "p" : "0.11686",
      "s" : "sell",
      "i" : "FIS_USD",
      "m" : "4611686018429602359"
    }, {
      "d" : "1756446606392233009",
      "t" : 1756446606392,
      "tn" : 1756446606392233009,
      "q" : "40",
      "p" : "0.12104",
      "s" : "buy",
      "i" : "FIS_USD",
      "m" : "4611686018429602358"
    }, {
      "d" : "1756446575056865074",
      "t" : 1756446575056,
      "tn" : 1756446575056865071,
      "q" : "135",
      "p" : "0.12058",
      "s" : "buy",
      "i" : "FIS_USD",
      "m" : "4611686018429602357"
    }, {
      "d" : "1756446575056865073",
      "t" : 1756446575056,
      "tn" : 1756446575056865071,
      "q" : "135",
      "p" : "0.12058",
      "s" : "buy",
      "i" : "FIS_USD",
      "m" : "4611686018429602357"
    }, {
      "d" : "1756446575056865072",
      "t" : 1756446575056,
      "tn" : 1756446575056865071,
      "q" : "135",
      "p" : "0.12058",
      "s" : "buy",
      "i" : "FIS_USD",
      "m" : "4611686018429602357"
    }, {
      "d" : "1756446575056865071",
      "t" : 1756446575056,
      "tn" : 1756446575056865071,
      "q" : "135",
      "p" : "0.12058",
      "s" : "buy",
      "i" : "FIS_USD",
      "m" : "4611686018429602357"
    }, {
      "d" : "1756446561856896420",
      "t" : 1756446561856,
      "tn" : 1756446561856896420,
      "q" : "135",
      "p" : "0.12044",
      "s" : "buy",
      "i" : "FIS_USD",
      "m" : "4611686018429602356"
    }, {
      "d" : "1756444632819644359",
      "t" : 1756444632819,
      "tn" : 1756444632819644359,
      "q" : "176",
      "p" : "0.12024",
      "s" : "buy",
      "i" : "FIS_USD",
      "m" : "4611686018429602355"
    }, {
      "d" : "1756441152925911808",
      "t" : 1756441152925,
      "tn" : 1756441152925911808,
      "q" : "36",
      "p" : "0.12005",
      "s" : "buy",
      "i" : "FIS_USD",
      "m" : "4611686018429602354"
    }, {
      "d" : "1756440654562306180",
      "t" : 1756440654562,
      "tn" : 1756440654562306180,
      "q" : "22",
      "p" : "0.11995",
      "s" : "buy",
      "i" : "FIS_USD",
      "m" : "4611686018429602353"
    }, {
      "d" : "1756440156776268139",
      "t" : 1756440156776,
      "tn" : 1756440156776268139,
      "q" : "70",
      "p" : "0.12014",
      "s" : "buy",
      "i" : "FIS_USD",
      "m" : "4611686018429602352"
    }, {
      "d" : "1756439912603321491",
      "t" : 1756439912603,
      "tn" : 1756439912603321491,
      "q" : "20",
      "p" : "0.11917",
      "s" : "sell",
      "i" : "FIS_USD",
      "m" : "4611686018429602351"
    }, {
      "d" : "1756432317743366422",
      "t" : 1756432317743,
      "tn" : 1756432317743366422,
      "q" : "83",
      "p" : "0.12024",
      "s" : "buy",
      "i" : "FIS_USD",
      "m" : "4611686018429602350"
    }, {
      "d" : "1756432055892286208",
      "t" : 1756432055892,
      "tn" : 1756432055892286208,
      "q" : "36",
      "p" : "0.12034",
      "s" : "buy",
      "i" : "FIS_USD",
      "m" : "4611686018429602349"
    }, {
      "d" : "1756431889734736190",
      "t" : 1756431889734,
      "tn" : 1756431889734736190,
      "q" : "973",
      "p" : "0.12052",
      "s" : "buy",
      "i" : "FIS_USD",
      "m" : "4611686018429602348"
    }, {
      "d" : "1756429384285935461",
      "t" : 1756429384285,
      "tn" : 1756429384285935461,
      "q" : "57",
      "p" : "0.12181",
      "s" : "buy",
      "i" : "FIS_USD",
      "m" : "4611686018429602347"
    }, {
      "d" : "1756426232295948925",
      "t" : 1756426232295,
      "tn" : 1756426232295948925,
      "q" : "1230",
      "p" : "0.12186",
      "s" : "sell",
      "i" : "FIS_USD",
      "m" : "4611686018429602346"
    }, {
      "d" : "1756423041652865851",
      "t" : 1756423041652,
      "tn" : 1756423041652865851,
      "q" : "79",
      "p" : "0.12234",
      "s" : "buy",
      "i" : "FIS_USD",
      "m" : "4611686018429602345"
    }, {
      "d" : "1756421261877836065",
      "t" : 1756421261877,
      "tn" : 1756421261877836065,
      "q" : "159",
      "p" : "0.12244",
      "s" : "buy",
      "i" : "FIS_USD",
      "m" : "4611686018429602344"
    }, {
      "d" : "1756418076949713574",
      "t" : 1756418076949,
      "tn" : 1756418076949713574,
      "q" : "80",
      "p" : "0.12090",
      "s" : "sell",
      "i" : "FIS_USD",
      "m" : "4611686018429602343"
    }, {
      "d" : "1756413256831014789",
      "t" : 1756413256831,
      "tn" : 1756413256831014789,
      "q" : "50",
      "p" : "0.12034",
      "s" : "sell",
      "i" : "FIS_USD",
      "m" : "4611686018429602342"
    }, {
      "d" : "1756412593095191474",
      "t" : 1756412593095,
      "tn" : 1756412593095191474,
      "q" : "427",
      "p" : "0.12152",
      "s" : "buy",
      "i" : "FIS_USD",
      "m" : "4611686018429602341"
    }, {
      "d" : "1756398048734121262",
      "t" : 1756398048734,
      "tn" : 1756398048734121262,
      "q" : "947",
      "p" : "0.12366",
      "s" : "buy",
      "i" : "FIS_USD",
      "m" : "4611686018429602340"
    }, {
      "d" : "1756396486283152230",
      "t" : 1756396486283,
      "tn" : 1756396486283152230,
      "q" : "80",
      "p" : "0.12335",
      "s" : "buy",
      "i" : "FIS_USD",
      "m" : "4611686018429602339"
    }, {
      "d" : "1756392752191998719",
      "t" : 1756392752191,
      "tn" : 1756392752191998719,
      "q" : "165",
      "p" : "0.12333",
      "s" : "buy",
      "i" : "FIS_USD",
      "m" : "4611686018429602338"
    }, {
      "d" : "1756392041769194110",
      "t" : 1756392041769,
      "tn" : 1756392041769194110,
      "q" : "24",
      "p" : "0.12355",
      "s" : "buy",
      "i" : "FIS_USD",
      "m" : "4611686018429602337"
    }, {
      "d" : "1756392041767290700",
      "t" : 1756392041767,
      "tn" : 1756392041767290700,
      "q" : "405",
      "p" : "0.12355",
      "s" : "buy",
      "i" : "FIS_USD",
      "m" : "4611686018429602336"
    }, {
      "d" : "1756382221723926534",
      "t" : 1756382221723,
      "tn" : 1756382221723926534,
      "q" : "135",
      "p" : "0.12182",
      "s" : "sell",
      "i" : "FIS_USD",
      "m" : "4611686018429602335"
    }, {
      "d" : "1756378273754991990",
      "t" : 1756378273754,
      "tn" : 1756378273754991990,
      "q" : "19",
      "p" : "0.12294",
      "s" : "buy",
      "i" : "FIS_USD",
      "m" : "4611686018429602334"
    }, {
      "d" : "1756377269512196769",
      "t" : 1756377269512,
      "tn" : 1756377269512196769,
      "q" : "66",
      "p" : "0.12204",
      "s" : "sell",
      "i" : "FIS_USD",
      "m" : "4611686018429602333"
    }, {
      "d" : "1756376094488818801",
      "t" : 1756376094488,
      "tn" : 1756376094488818801,
      "q" : "60",
      "p" : "0.12143",
      "s" : "sell",
      "i" : "FIS_USD",
      "m" : "4611686018429602332"
    }, {
      "d" : "1756375231940422738",
      "t" : 1756375231940,
      "tn" : 1756375231940422738,
      "q" : "429",
      "p" : "0.12240",
      "s" : "buy",
      "i" : "FIS_USD",
      "m" : "4611686018429602331"
    } ]
  }
}