{
  "id" : -1,
  "method" : "public/get-trades",
  "code" : 0,
  "result" : {
    "data" : [ {
      "d" : "1756459549339887938",
      "t" : 1756459549339,
      "tn" : 1756459549339887938,
      "q" : "1389",
      "p" : "0.001434",
      "s" : "sell",
      "i" : "FITFI_USD",
      "m" : "4611686018430683735"
    }, {
      "d" : "1756459147098900605",
      "t" : 1756459147098,
      "tn" : 1756459147098900605,
      "q" : "104603",
      "p" : "0.001434",
      "s" : "sell",
      "i" : "FITFI_USD",
      "m" : "4611686018430683734"
    }, {
      "d" : "1756459147066719577",
      "t" : 1756459147066,
      "tn" : 1756459147066719577,
      "q" : "295188",
      "p" : "0.001434",
      "s" : "sell",
      "i" : "FITFI_USD",
      "m" : "4611686018430683733"
    }, {
      "d" : "1756459147041400204",
      "t" : 1756459147041,
      "tn" : 1756459147041400204,
      "q" : "348675",
      "p" : "0.001434",
      "s" : "sell",
      "i" : "FITFI_USD",
      "m" : "4611686018430683732"
    }, {
      "d" : "1756459117410841757",
      "t" : 1756459117410,
      "tn" : 1756459117410841757,
      "q" : "23478",
      "p" : "0.001434",
      "s" : "sell",
      "i" : "FITFI_USD",
      "m" : "4611686018430683731"
    }, {
      "d" : "1756459117235349958",
      "t" : 1756459117235,
      "tn" : 1756459117235349958,
      "q" : "14040",
      "p" : "0.001434",
      "s" : "sell",
      "i" : "FITFI_USD",
      "m" : "4611686018430683730"
    }, {
      "d" : "1756459116957333089",
      "t" : 1756459116957,
      "tn" : 1756459116957333089,
      "q" : "27894",
      "p" : "0.001434",
      "s" : "sell",
      "i" : "FITFI_USD",
      "m" : "4611686018430683729"
    }, {
      "d" : "1756459116799111161",
      "t" : 1756459116799,
      "tn" : 1756459116799111161,
      "q" : "71139",
      "p" : "0.001434",
      "s" : "sell",
      "i" : "FITFI_USD",
      "m" : "4611686018430683728"
    }, {
      "d" : "1756459116766916585",
      "t" : 1756459116766,
      "tn" : 1756459116766916585,
      "q" : "296862",
      "p" : "0.001434",
      "s" : "sell",
      "i" : "FITFI_USD",
      "m" : "4611686018430683727"
    }, {
      "d" : "1756459116737252330",
      "t" : 1756459116737,
      "tn" : 1756459116737252330,
      "q" : "348675",
      "p" : "0.001434",
      "s" : "sell",
      "i" : "FITFI_USD",
      "m" : "4611686018430683726"
    }, {
      "d" : "1756459116676954665",
      "t" : 1756459116676,
      "tn" : 1756459116676954665,
      "q" : "348675",
      "p" : "0.001434",
      "s" : "sell",
      "i" : "FITFI_USD",
      "m" : "4611686018430683725"
    }, {
      "d" : "1756459116612241024",
      "t" : 1756459116612,
      "tn" : 1756459116612241024,
      "q" : "48358",
      "p" : "0.001434",
      "s" : "sell",
      "i" : "FITFI_USD",
      "m" : "4611686018430683724"
    }, {
      "d" : "1756458452054047362",
      "t" : 1756458452054,
      "tn" : 1756458452054047362,
      "q" : "29000",
      "p" : "0.001434",
      "s" : "sell",
      "i" : "FITFI_USD",
      "m" : "4611686018430683723"
    }, {
      "d" : "1756458451915951539",
      "t" : 1756458451915,
      "tn" : 1756458451915951539,
      "q" : "20000",
      "p" : "0.001434",
      "s" : "sell",
      "i" : "FITFI_USD",
      "m" : "4611686018430683722"
    }, {
      "d" : "1756458451891219287",
      "t" : 1756458451891,
      "tn" : 1756458451891219287,
      "q" : "38999",
      "p" : "0.001434",
      "s" : "sell",
      "i" : "FITFI_USD",
      "m" : "4611686018430683721"
    }, {
      "d" : "1756458451812983686",
      "t" : 1756458451812,
      "tn" : 1756458451812983686,
      "q" : "13000",
      "p" : "0.001435",
      "s" : "sell",
      "i" : "FITFI_USD",
      "m" : "4611686018430683720"
    }, {
      "d" : "1756458451686359763",
      "t" : 1756458451686,
      "tn" : 1756458451686359763,
      "q" : "14000",
      "p" : "0.001435",
      "s" : "sell",
      "i" : "FITFI_USD",
      "m" : "4611686018430683719"
    }, {
      "d" : "1756458451586436767",
      "t" : 1756458451586,
      "tn" : 1756458451586436767,
      "q" : "12000",
      "p" : "0.001435",
      "s" : "sell",
      "i" : "FITFI_USD",
      "m" : "4611686018430683718"
    }, {
      "d" : "1756458448786437731",
      "t" : 1756458448786,
      "tn" : 1756458448786437731,
      "q" : "24000",
      "p" : "0.001434",
      "s" : "sell",
      "i" : "FITFI_USD",
      "m" : "4611686018430683717"
    }, {
      "d" : "1756458448628333943",
      "t" : 1756458448628,
      "tn" : 1756458448628333943,
      "q" : "32000",
      "p" : "0.001434",
      "s" : "sell",
      "i" : "FITFI_USD",
      "m" : "4611686018430683716"
    }, {
      "d" : "1756458448431695717",
      "t" : 1756458448431,
      "tn" : 1756458448431695717,
      "q" : "10000",
      "p" : "0.001434",
      "s" : "sell",
      "i" : "FITFI_USD",
      "m" : "4611686018430683715"
    }, {
      "d" : "1756458448253457274",
      "t" : 1756458448253,
      "tn" : 1756458448253457274,
      "q" : "85000",
      "p" : "0.001434",
      "s" : "sell",
      "i" : "FITFI_USD",
      "m" : "4611686018430683714"
    }, {
      "d" : "1756458448104752801",
      "t" : 1756458448104,
      "tn" : 1756458448104752801,
      "q" : "57000",
      "p" : "0.001434",
      "s" : "sell",
      "i" : "FITFI_USD",
      "m" : "4611686018430683713"
    }, {
      "d" : "1756458447923432897",
      "t" : 1756458447923,
      "tn" : 1756458447923432897,
      "q" : "87000",
      "p" : "0.001434",
      "s" : "sell",
      "i" : "FITFI_USD",
      "m" : "4611686018430683712"
    }, {
      "d" : "1756458447819988950",
      "t" : 1756458447819,
      "tn" : 1756458447819988950,
      "q" : "95000",
      "p" : "0.001434",
      "s" : "sell",
      "i" : "FITFI_USD",
      "m" : "4611686018430683711"
    }, {
      "d" : "1756458447649647558",
      "t" : 1756458447649,
      "tn" : 1756458447649647558,
      "q" : "24000",
      "p" : "0.001434",
      "s" : "sell",
      "i" : "FITFI_USD",
      "m" : "4611686018430683710"
    }, {
      "d" : "1756458447193202329",
      "t" : 1756458447193,
      "tn" : 1756458447193202329,
      "q" : "24000",
      "p" : "0.001434",
      "s" : "sell",
      "i" : "FITFI_USD",
      "m" : "4611686018430683709"
    }, {
      "d" : "1756458447006866809",
      "t" : 1756458447006,
      "tn" : 1756458447006866809,
      "q" : "55000",
      "p" : "0.001434",
      "s" : "sell",
      "i" : "FITFI_USD",
      "m" : "4611686018430683708"
    }, {
      "d" : "1756458446269624212",
      "t" : 1756458446269,
      "tn" : 1756458446269624212,
      "q" : "58000",
      "p" : "0.001434",
      "s" : "sell",
      "i" : "FITFI_USD",
      "m" : "4611686018430683707"
    }, {
      "d" : "1756458443244712661",
      "t" : 1756458443244,
      "tn" : 1756458443244712661,
      "q" : "10000",
      "p" : "0.001434",
      "s" : "sell",
      "i" : "FITFI_USD",
      "m" : "4611686018430683706"
    }, {
      "d" : "1756453329771496585",
      "t" : 1756453329771,
      "tn" : 1756453329771496585,
      "q" : "51614",
      "p" : "0.001434",
      "s" : "sell",
      "i" : "FITFI_USD",
      "m" : "4611686018430683705"
    }, {
      "d" : "1756453328056998044",
      "t" : 1756453328056,
      "tn" : 1756453328056998044,
      "q" : "17434",
      "p" : "0.001434",
      "s" : "sell",
      "i" : "FITFI_USD",
      "m" : "4611686018430683704"
    }, {
      "d" : "1756453317536836055",
      "t" : 1756453317536,
      "tn" : 1756453317536836055,
      "q" : "25376",
      "p" : "0.001434",
      "s" : "sell",
      "i" : "FITFI_USD",
      "m" : "4611686018430683703"
    }, {
      "d" : "1756453317507218465",
      "t" : 1756453317507,
      "tn" : 1756453317507218465,
      "q" : "33875",
      "p" : "0.001434",
      "s" : "sell",
      "i" : "FITFI_USD",
      "m" : "4611686018430683702"
    }, {
      "d" : "1756453291884051389",
      "t" : 1756453291884,
      "tn" : 1756453291884051389,
      "q" : "10000",
      "p" : "0.001434",
      "s" : "sell",
      "i" : "FITFI_USD",
      "m" : "4611686018430683701"
    }, {
      "d" : "1756453291881809241",
      "t" : 1756453291881,
      "tn" : 1756453291881809241,
      "q" : "22368",
      "p" : "0.001434",
      "s" : "sell",
      "i" : "FITFI_USD",
      "m" : "4611686018430683700"
    }, {
      "d" : "1756453291704141725",
      "t" : 1756453291704,
      "tn" : 1756453291704141725,
      "q" : "20372",
      "p" : "0.001434",
      "s" : "sell",
      "i" : "FITFI_USD",
      "m" : "4611686018430683699"
    }, {
      "d" : "1756453291703719291",
      "t" : 1756453291703,
      "tn" : 1756453291703719291,
      "q" : "20000",
      "p" : "0.001434",
      "s" : "sell",
      "i" : "FITFI_USD",
      "m" : "4611686018430683698"
    }, {
      "d" : "1756453290625867772",
      "t" : 1756453290625,
      "tn" : 1756453290625867772,
      "q" : "16997",
      "p" : "0.001434",
      "s" : "sell",
      "i" : "FITFI_USD",
      "m" : "4611686018430683697"
    }, {
      "d" : "1756453289620183883",
      "t" : 1756453289620,
      "tn" : 1756453289620183883,
      "q" : "10000",
      "p" : "0.001434",
      "s" : "sell",
      "i" : "FITFI_USD",
      "m" : "4611686018430683696"
    }, {
      "d" : "1756453288921452807",
      "t" : 1756453288921,
      "tn" : 1756453288921452807,
      "q" : "35000",
      "p" : "0.001434",
      "s" : "sell",
      "i" : "FITFI_USD",
      "m" : "4611686018430683695"
    }, {
      "d" : "1756453288918898115",
      "t" : 1756453288918,
      "tn" : 1756453288918898115,
      "q" : "78717",
      "p" : "0.001434",
      "s" : "sell",
      "i" : "FITFI_USD",
      "m" : "4611686018430683694"
    }, {
      "d" : "1756453288857188214",
      "t" : 1756453288857,
      "tn" : 1756453288857188214,
      "q" : "20942",
      "p" : "0.001434",
      "s" : "sell",
      "i" : "FITFI_USD",
      "m" : "4611686018430683693"
    }, {
      "d" : "1756453288820078817",
      "t" : 1756453288820,
      "tn" : 1756453288820078817,
      "q" : "108150",
      "p" : "0.001434",
      "s" : "sell",
      "i" : "FITFI_USD",
      "m" : "4611686018430683692"
    }, {
      "d" : "1756453288819287971",
      "t" : 1756453288819,
      "tn" : 1756453288819287971,
      "q" : "22000",
      "p" : "0.001434",
      "s" : "sell",
      "i" : "FITFI_USD",
      "m" : "4611686018430683691"
    }, {
      "d" : "1756453288817148245",
      "t" : 1756453288817,
      "tn" : 1756453288817148245,
      "q" : "22666",
      "p" : "0.001434",
      "s" : "sell",
      "i" : "FITFI_USD",
      "m" : "4611686018430683690"
    }, {
      "d" : "1756453288811970397",
      "t" : 1756453288811,
      "tn" : 1756453288811970397,
      "q" : "237820",
      "p" : "0.001434",
      "s" : "sell",
      "i" : "FITFI_USD",
      "m" : "4611686018430683689"
    }, {
      "d" : "1756453288736988589",
      "t" : 1756453288736,
      "tn" : 1756453288736988589,
      "q" : "24790",
      "p" : "0.001434",
      "s" : "sell",
      "i" : "FITFI_USD",
      "m" : "4611686018430683688"
    }, {
      "d" : "1756453288723544236",
      "t" : 1756453288723,
      "tn" : 1756453288723544236,
      "q" : "24000",
      "p" : "0.001434",
      "s" : "sell",
      "i" : "FITFI_USD",
      "m" : "4611686018430683687"
    }, {
      "d" : "1756453288717662184",
      "t" : 1756453288717,
      "tn" : 1756453288717662184,
      "q" : "24790",
      "p" : "0.001434",
      "s" : "sell",
      "i" : "FITFI_USD",
      "m" : "4611686018430683686"
    }, {
      "d" : "1756453288579654017",
      "t" : 1756453288579,
      "tn" : 1756453288579654017,
      "q" : "7334",
      "p" : "0.001434",
      "s" : "sell",
      "i" : "FITFI_USD",
      "m" : "4611686018430683685"
    }, {
      "d" : "1756453288579652628",
      "t" : 1756453288579,
      "tn" : 1756453288579652628,
      "q" : "9014",
      "p" : "0.001435",
      "s" : "sell",
      "i" : "FITFI_USD",
      "m" : "4611686018430683684"
    }, {
      "d" : "1756453288571275776",
      "t" : 1756453288571,
      "tn" : 1756453288571275776,
      "q" : "5756",
      "p" : "0.001434",
      "s" : "sell",
      "i" : "FITFI_USD",
      "m" : "4611686018430683683"
    }, {
      "d" : "1756453288571274302",
      "t" : 1756453288571,
      "tn" : 1756453288571274302,
      "q" : "9014",
      "p" : "0.001435",
      "s" : "sell",
      "i" : "FITFI_USD",
      "m" : "4611686018430683682"
    }, {
      "d" : "1756453288558468528",
      "t" : 1756453288558,
      "tn" : 1756453288558468528,
      "q" : "5986",
      "p" : "0.001434",
      "s" : "sell",
      "i" : "FITFI_USD",
      "m" : "4611686018430683681"
    }, {
      "d" : "1756453288558467012",
      "t" : 1756453288558,
      "tn" : 1756453288558467012,
      "q" : "9014",
      "p" : "0.001435",
      "s" : "sell",
      "i" : "FITFI_USD",
      "m" : "4611686018430683680"
    }, {
      "d" : "1756453288537344202",
      "t" : 1756453288537,
      "tn" : 1756453288537344202,
      "q" : "2922",
      "p" : "0.001434",
      "s" : "sell",
      "i" : "FITFI_USD",
      "m" : "4611686018430683679"
    }, {
      "d" : "1756453288537342671",
      "t" : 1756453288537,
      "tn" : 1756453288537342671,
      "q" : "9014",
      "p" : "0.001435",
      "s" : "sell",
      "i" : "FITFI_USD",
      "m" : "4611686018430683678"
    }, {
      "d" : "1756453288442341922",
      "t" : 1756453288442,
      "tn" : 1756453288442341922,
      "q" : "14744",
      "p" : "0.001434",
      "s" : "sell",
      "i" : "FITFI_USD",
      "m" : "4611686018430683677"
    }, {
      "d" : "1756453288442330444",
      "t" : 1756453288442,
      "tn" : 1756453288442330444,
      "q" : "24574",
      "p" : "0.001434",
      "s" : "sell",
      "i" : "FITFI_USD",
      "m" : "4611686018430683676"
    }, {
      "d" : "1756453220829845574",
      "t" : 1756453220829,
      "tn" : 1756453220829845574,
      "q" : "75600",
      "p" : "0.001434",
      "s" : "sell",
      "i" : "FITFI_USD",
      "m" : "4611686018430683675"
    }, {
      "d" : "1756451569179660144",
      "t" : 1756451569179,
      "tn" : 1756451569179660144,
      "q" : "5487",
      "p" : "0.001447",
      "s" : "sell",
      "i" : "FITFI_USD",
      "m" : "4611686018430683674"
    }, {
      "d" : "1756451566049103045",
      "t" : 1756451566049,
      "tn" : 1756451566049103045,
      "q" : "1523",
      "p" : "0.001448",
      "s" : "sell",
      "i" : "FITFI_USD",
      "m" : "4611686018430683673"
    }, {
      "d" : "1756449670517876935",
      "t" : 1756449670517,
      "tn" : 1756449670517876935,
      "q" : "815",
      "p" : "0.001451",
      "s" : "sell",
      "i" : "FITFI_USD",
      "m" : "4611686018430683672"
    }, {
      "d" : "1756447765261257174",
      "t" : 1756447765261,
      "tn" : 1756447765261257174,
      "q" : "40955",
      "p" : "0.001452",
      "s" : "sell",
      "i" : "FITFI_USD",
      "m" : "4611686018430683671"
    }, {
      "d" : "1756447765240415351",
      "t" : 1756447765240,
      "tn" : 1756447765240415351,
      "q" : "68259",
      "p" : "0.001459",
      "s" : "sell",
      "i" : "FITFI_USD",
      "m" : "4611686018430683670"
    }, {
      "d" : "1756445688650277819",
      "t" : 1756445688650,
      "tn" : 1756445688650277819,
      "q" : "5000",
      "p" : "0.001456",
      "s" : "sell",
      "i" : "FITFI_USD",
      "m" : "4611686018430683669"
    }, {
      "d" : "1756445422435358511",
      "t" : 1756445422435,
      "tn" : 1756445422435358511,
      "q" : "15649",
      "p" : "0.001468",
      "s" : "buy",
      "i" : "FITFI_USD",
      "m" : "4611686018430683668"
    }, {
      "d" : "1756443696180571194",
      "t" : 1756443696180,
      "tn" : 1756443696180571194,
      "q" : "6619",
      "p" : "0.001483",
      "s" : "sell",
      "i" : "FITFI_USD",
      "m" : "4611686018430683667"
    }, {
      "d" : "1756443696177938530",
      "t" : 1756443696177,
      "tn" : 1756443696177938530,
      "q" : "28323",
      "p" : "0.001483",
      "s" : "sell",
      "i" : "FITFI_USD",
      "m" : "4611686018430683666"
    }, {
      "d" : "1756443696177691668",
      "t" : 1756443696177,
      "tn" : 1756443696177691668,
      "q" : "28000",
      "p" : "0.001483",
      "s" : "sell",
      "i" : "FITFI_USD",
      "m" : "4611686018430683665"
    }, {
      "d" : "1756442430922598005",
      "t" : 1756442430922,
      "tn" : 1756442430922598005,
      "q" : "125949",
      "p" : "0.001481",
      "s" : "buy",
      "i" : "FITFI_USD",
      "m" : "4611686018430683664"
    }, {
      "d" : "1756442427725821664",
      "t" : 1756442427725,
      "tn" : 1756442427725821664,
      "q" : "8541",
      "p" : "0.001474",
      "s" : "buy",
      "i" : "FITFI_USD",
      "m" : "4611686018430683663"
    }, {
      "d" : "1756442424437397066",
      "t" : 1756442424437,
      "tn" : 1756442424437397066,
      "q" : "13709",
      "p" : "0.001471",
      "s" : "sell",
      "i" : "FITFI_USD",
      "m" : "4611686018430683662"
    }, {
      "d" : "1756442424433656334",
      "t" : 1756442424433,
      "tn" : 1756442424433656334,
      "q" : "13000",
      "p" : "0.001471",
      "s" : "sell",
      "i" : "FITFI_USD",
      "m" : "4611686018430683661"
    }, {
      "d" : "1756442424430354725",
      "t" : 1756442424430,
      "tn" : 1756442424430354725,
      "q" : "13709",
      "p" : "0.001471",
      "s" : "sell",
      "i" : "FITFI_USD",
      "m" : "4611686018430683660"
    }, {
      "d" : "1756442424418624659",
      "t" : 1756442424418,
      "tn" : 1756442424418624659,
      "q" : "75600",
      "p" : "0.001471",
      "s" : "buy",
      "i" : "FITFI_USD",
      "m" : "4611686018430683659"
    }, {
      "d" : "1756442410246475593",
      "t" : 1756442410246,
      "tn" : 1756442410246475593,
      "q" : "2000",
      "p" : "0.001454",
      "s" : "sell",
      "i" : "FITFI_USD",
      "m" : "4611686018430683658"
    }, {
      "d" : "1756440488771016229",
      "t" : 1756440488771,
      "tn" : 1756440488771016228,
      "q" : "63215",
      "p" : "0.001455",
      "s" : "sell",
      "i" : "FITFI_USD",
      "m" : "4611686018430683657"
    }, {
      "d" : "1756440488771016228",
      "t" : 1756440488771,
      "tn" : 1756440488771016228,
      "q" : "6785",
      "p" : "0.001455",
      "s" : "sell",
      "i" : "FITFI_USD",
      "m" : "4611686018430683657"
    }, {
      "d" : "1756439355279634408",
      "t" : 1756439355279,
      "tn" : 1756439355279634408,
      "q" : "6788",
      "p" : "0.001473",
      "s" : "buy",
      "i" : "FITFI_USD",
      "m" : "4611686018430683656"
    }, {
      "d" : "1756438845104984893",
      "t" : 1756438845104,
      "tn" : 1756438845104984893,
      "q" : "2000",
      "p" : "0.001444",
      "s" : "sell",
      "i" : "FITFI_USD",
      "m" : "4611686018430683655"
    }, {
      "d" : "1756438841859617250",
      "t" : 1756438841859,
      "tn" : 1756438841859617250,
      "q" : "68053",
      "p" : "0.001445",
      "s" : "sell",
      "i" : "FITFI_USD",
      "m" : "4611686018430683654"
    }, {
      "d" : "1756438125610309896",
      "t" : 1756438125610,
      "tn" : 1756438125610309896,
      "q" : "3910",
      "p" : "0.001464",
      "s" : "buy",
      "i" : "FITFI_USD",
      "m" : "4611686018430683653"
    }, {
      "d" : "1756436690134709970",
      "t" : 1756436690134,
      "tn" : 1756436690134709970,
      "q" : "2797",
      "p" : "0.001449",
      "s" : "sell",
      "i" : "FITFI_USD",
      "m" : "4611686018430683652"
    }, {
      "d" : "1756431490499653740",
      "t" : 1756431490499,
      "tn" : 1756431490499653740,
      "q" : "60139",
      "p" : "0.001467",
      "s" : "buy",
      "i" : "FITFI_USD",
      "m" : "4611686018430683651"
    }, {
      "d" : "1756429579513165546",
      "t" : 1756429579513,
      "tn" : 1756429579513165546,
      "q" : "6802",
      "p" : "0.001470",
      "s" : "buy",
      "i" : "FITFI_USD",
      "m" : "4611686018430683650"
    }, {
      "d" : "1756429042452378492",
      "t" : 1756429042452,
      "tn" : 1756429042452378492,
      "q" : "14325",
      "p" : "0.001456",
      "s" : "buy",
      "i" : "FITFI_USD",
      "m" : "4611686018430683649"
    }, {
      "d" : "1756429042442156042",
      "t" : 1756429042442,
      "tn" : 1756429042442156042,
      "q" : "18755",
      "p" : "0.001456",
      "s" : "buy",
      "i" : "FITFI_USD",
      "m" : "4611686018430683648"
    }, {
      "d" : "1756429042422373964",
      "t" : 1756429042422,
      "tn" : 1756429042422373964,
      "q" : "18000",
      "p" : "0.001456",
      "s" : "buy",
      "i" : "FITFI_USD",
      "m" : "4611686018430683647"
    }, {
      "d" : "1756429042402661290",
      "t" : 1756429042402,
      "tn" : 1756429042402661290,
      "q" : "35927",
      "p" : "0.001456",
      "s" : "sell",
      "i" : "FITFI_USD",
      "m" : "4611686018430683646"
    }, {
      "d" : "1756428486494286500",
      "t" : 1756428486494,
      "tn" : 1756428486494286500,
      "q" : "11324",
      "p" : "0.001470",
      "s" : "buy",
      "i" : "FITFI_USD",
      "m" : "4611686018430683645"
    }, {
      "d" : "1756428440787049901",
      "t" : 1756428440787,
      "tn" : 1756428440787049901,
      "q" : "6798",
      "p" : "0.001471",
      "s" : "buy",
      "i" : "FITFI_USD",
      "m" : "4611686018430683644"
    }, {
      "d" : "1756425733691066290",
      "t" : 1756425733691,
      "tn" : 1756425733691066290,
      "q" : "7572",
      "p" : "0.001459",
      "s" : "sell",
      "i" : "FITFI_USD",
      "m" : "4611686018430683643"
    }, {
      "d" : "1756423225802755231",
      "t" : 1756423225802,
      "tn" : 1756423225802755231,
      "q" : "3963",
      "p" : "0.001473",
      "s" : "buy",
      "i" : "FITFI_USD",
      "m" : "4611686018430683642"
    }, {
      "d" : "1756419858834684037",
      "t" : 1756419858834,
      "tn" : 1756419858834684037,
      "q" : "21417",
      "p" : "0.001471",
      "s" : "buy",
      "i" : "FITFI_USD",
      "m" : "4611686018430683641"
    }, {
      "d" : "1756419390625567916",
      "t" : 1756419390625,
      "tn" : 1756419390625567916,
      "q" : "4016",
      "p" : "0.001454",
      "s" : "sell",
      "i" : "FITFI_USD",
      "m" : "4611686018430683640"
    }, {
      "d" : "1756418865584459998",
      "t" : 1756418865584,
      "tn" : 1756418865584459998,
      "q" : "1000",
      "p" : "0.001451",
      "s" : "sell",
      "i" : "FITFI_USD",
      "m" : "4611686018430683639"
    }, {
      "d" : "1756418198478512369",
      "t" : 1756418198478,
      "tn" : 1756418198478512369,
      "q" : "398003",
      "p" : "0.001456",
      "s" : "sell",
      "i" : "FITFI_USD",
      "m" : "4611686018430683638"
    }, {
      "d" : "1756416445892003113",
      "t" : 1756416445892,
      "tn" : 1756416445892003113,
      "q" : "2956",
      "p" : "0.001449",
      "s" : "sell",
      "i" : "FITFI_USD",
      "m" : "4611686018430683637"
    }, {
      "d" : "1756414147823914018",
      "t" : 1756414147823,
      "tn" : 1756414147823914018,
      "q" : "48819",
      "p" : "0.001447",
      "s" : "sell",
      "i" : "FITFI_USD",
      "m" : "4611686018430683636"
    }, {
      "d" : "1756411896072897994",
      "t" : 1756411896072,
      "tn" : 1756411896072897994,
      "q" : "18190",
      "p" : "0.001448",
      "s" : "buy",
      "i" : "FITFI_USD",
      "m" : "4611686018430683635"
    }, {
      "d" : "1756411896072895244",
      "t" : 1756411896072,
      "tn" : 1756411896072895244,
      "q" : "54141",
      "p" : "0.001448",
      "s" : "buy",
      "i" : "FITFI_USD",
      "m" : "4611686018430683634"
    }, {
      "d" : "1756411896066190977",
      "t" : 1756411896066,
      "tn" : 1756411896066190977,
      "q" : "54000",
      "p" : "0.001448",
      "s" : "buy",
      "i" : "FITFI_USD",
      "m" : "4611686018430683633"
    }, {
      "d" : "1756411896062815710",
      "t" : 1756411896062,
      "tn" : 1756411896062815710,
      "q" : "54141",
      "p" : "0.001448",
      "s" : "buy",
      "i" : "FITFI_USD",
      "m" : "4611686018430683632"
    }, {
      "d" : "1756411896050889028",
      "t" : 1756411896050,
      "tn" : 1756411896050889028,
      "q" : "59151",
      "p" : "0.001448",
      "s" : "sell",
      "i" : "FITFI_USD",
      "m" : "4611686018430683631"
    }, {
      "d" : "1756411151316133852",
      "t" : 1756411151316,
      "tn" : 1756411151316133852,
      "q" : "13000",
      "p" : "0.001454",
      "s" : "sell",
      "i" : "FITFI_USD",
      "m" : "4611686018430683630"
    }, {
      "d" : "1756411085519763166",
      "t" : 1756411085519,
      "tn" : 1756411085519763166,
      "q" : "3448",
      "p" : "0.001454",
      "s" : "sell",
      "i" : "FITFI_USD",
      "m" : "4611686018430683629"
    }, {
      "d" : "1756410032699110288",
      "t" : 1756410032699,
      "tn" : 1756410032699110288,
      "q" : "49039",
      "p" : "0.001471",
      "s" : "buy",
      "i" : "FITFI_USD",
      "m" : "4611686018430683628"
    }, {
      "d" : "1756410029375493711",
      "t" : 1756410029375,
      "tn" : 1756410029375493711,
      "q" : "18422",
      "p" : "0.001465",
      "s" : "buy",
      "i" : "FITFI_USD",
      "m" : "4611686018430683627"
    }, {
      "d" : "1756409811787728585",
      "t" : 1756409811787,
      "tn" : 1756409811787728585,
      "q" : "1000",
      "p" : "0.001466",
      "s" : "buy",
      "i" : "FITFI_USD",
      "m" : "4611686018430683626"
    }, {
      "d" : "1756408874026056074",
      "t" : 1756408874026,
      "tn" : 1756408874026056074,
      "q" : "32325",
      "p" : "0.001469",
      "s" : "buy",
      "i" : "FITFI_USD",
      "m" : "4611686018430683625"
    }, {
      "d" : "1756408307218061125",
      "t" : 1756408307218,
      "tn" : 1756408307218061125,
      "q" : "1679",
      "p" : "0.001469",
      "s" : "buy",
      "i" : "FITFI_USD",
      "m" : "4611686018430683624"
    }, {
      "d" : "1756406688178283476",
      "t" : 1756406688178,
      "tn" : 1756406688178283476,
      "q" : "1825",
      "p" : "0.001453",
      "s" : "sell",
      "i" : "FITFI_USD",
      "m" : "4611686018430683623"
    }, {
      "d" : "1756405258651109513",
      "t" : 1756405258651,
      "tn" : 1756405258651109513,
      "q" : "10874",
      "p" : "0.001451",
      "s" : "sell",
      "i" : "FITFI_USD",
      "m" : "4611686018430683622"
    }, {
      "d" : "1756404386368711368",
      "t" : 1756404386368,
      "tn" : 1756404386368711368,
      "q" : "9268",
      "p" : "0.001434",
      "s" : "sell",
      "i" : "FITFI_USD",
      "m" : "4611686018430683621"
    }, {
      "d" : "1756404386368709434",
      "t" : 1756404386368,
      "tn" : 1756404386368709434,
      "q" : "8732",
      "p" : "0.001435",
      "s" : "sell",
      "i" : "FITFI_USD",
      "m" : "4611686018430683620"
    }, {
      "d" : "1756404386358985421",
      "t" : 1756404386358,
      "tn" : 1756404386358985421,
      "q" : "18022",
      "p" : "0.001458",
      "s" : "sell",
      "i" : "FITFI_USD",
      "m" : "4611686018430683619"
    }, {
      "d" : "1756403011457435368",
      "t" : 1756403011457,
      "tn" : 1756403011457435368,
      "q" : "35388",
      "p" : "0.001478",
      "s" : "buy",
      "i" : "FITFI_USD",
      "m" : "4611686018430683618"
    }, {
      "d" : "1756402090820190592",
      "t" : 1756402090820,
      "tn" : 1756402090820190592,
      "q" : "56955",
      "p" : "0.001457",
      "s" : "sell",
      "i" : "FITFI_USD",
      "m" : "4611686018430683617"
    }, {
      "d" : "1756399263519339549",
      "t" : 1756399263519,
      "tn" : 1756399263519339549,
      "q" : "1135",
      "p" : "0.001463",
      "s" : "sell",
      "i" : "FITFI_USD",
      "m" : "4611686018430683616"
    }, {
      "d" : "1756398923700154197",
      "t" : 1756398923700,
      "tn" : 1756398923700154197,
      "q" : "1280",
      "p" : "0.001480",
      "s" : "buy",
      "i" : "FITFI_USD",
      "m" : "4611686018430683615"
    }, {
      "d" : "1756397967821275210",
      "t" : 1756397967821,
      "tn" : 1756397967821275210,
      "q" : "812",
      "p" : "0.001467",
      "s" : "sell",
      "i" : "FITFI_USD",
      "m" : "4611686018430683614"
    }, {
      "d" : "1756397778238501843",
      "t" : 1756397778238,
      "tn" : 1756397778238501843,
      "q" : "336975",
      "p" : "0.001469",
      "s" : "buy",
      "i" : "FITFI_USD",
      "m" : "4611686018430683613"
    }, {
      "d" : "1756397778238499944",
      "t" : 1756397778238,
      "tn" : 1756397778238499944,
      "q" : "482305",
      "p" : "0.001466",
      "s" : "buy",
      "i" : "FITFI_USD",
      "m" : "4611686018430683612"
    }, {
      "d" : "1756397468748920213",
      "t" : 1756397468748,
      "tn" : 1756397468748920213,
      "q" : "53593",
      "p" : "0.001462",
      "s" : "sell",
      "i" : "FITFI_USD",
      "m" : "4611686018430683611"
    }, {
      "d" : "1756397468739885424",
      "t" : 1756397468739,
      "tn" : 1756397468739885424,
      "q" : "100000",
      "p" : "0.001462",
      "s" : "sell",
      "i" : "FITFI_USD",
      "m" : "4611686018430683610"
    }, {
      "d" : "1756397468739780238",
      "t" : 1756397468739,
      "tn" : 1756397468739780238,
      "q" : "102394",
      "p" : "0.001462",
      "s" : "sell",
      "i" : "FITFI_USD",
      "m" : "4611686018430683609"
    }, {
      "d" : "1756397465802241637",
      "t" : 1756397465802,
      "tn" : 1756397465802241637,
      "q" : "482305",
      "p" : "0.001462",
      "s" : "buy",
      "i" : "FITFI_USD",
      "m" : "4611686018430683608"
    }, {
      "d" : "1756397302206578533",
      "t" : 1756397302206,
      "tn" : 1756397302206578533,
      "q" : "74",
      "p" : "0.001518",
      "s" : "sell",
      "i" : "FITFI_USD",
      "m" : "4611686018430683607"
    }, {
      "d" : "1756397302200819501",
      "t" : 1756397302200,
      "tn" : 1756397302200819501,
      "q" : "16469",
      "p" : "0.001518",
      "s" : "sell",
      "i" : "FITFI_USD",
      "m" : "4611686018430683606"
    }, {
      "d" : "1756397302188275456",
      "t" : 1756397302188,
      "tn" : 1756397302188275456,
      "q" : "14358",
      "p" : "0.001518",
      "s" : "sell",
      "i" : "FITFI_USD",
      "m" : "4611686018430683605"
    }, {
      "d" : "1756397302172859958",
      "t" : 1756397302172,
      "tn" : 1756397302172859958,
      "q" : "10133",
      "p" : "0.001518",
      "s" : "sell",
      "i" : "FITFI_USD",
      "m" : "4611686018430683604"
    }, {
      "d" : "1756397265677731703",
      "t" : 1756397265677,
      "tn" : 1756397265677731703,
      "q" : "14962",
      "p" : "0.001536",
      "s" : "buy",
      "i" : "FITFI_USD",
      "m" : "4611686018430683603"
    }, {
      "d" : "1756397255710177121",
      "t" : 1756397255710,
      "tn" : 1756397255710177121,
      "q" : "17826",
      "p" : "0.001518",
      "s" : "sell",
      "i" : "FITFI_USD",
      "m" : "4611686018430683602"
    }, {
      "d" : "1756397255618777773",
      "t" : 1756397255618,
      "tn" : 1756397255618777773,
      "q" : "12446",
      "p" : "0.001518",
      "s" : "sell",
      "i" : "FITFI_USD",
      "m" : "4611686018430683601"
    }, {
      "d" : "1756397255608042945",
      "t" : 1756397255608,
      "tn" : 1756397255608042945,
      "q" : "16326",
      "p" : "0.001518",
      "s" : "sell",
      "i" : "FITFI_USD",
      "m" : "4611686018430683600"
    }, {
      "d" : "1756397255595939719",
      "t" : 1756397255595,
      "tn" : 1756397255595939719,
      "q" : "40601",
      "p" : "0.001518",
      "s" : "sell",
      "i" : "FITFI_USD",
      "m" : "4611686018430683599"
    }, {
      "d" : "1756397255588659781",
      "t" : 1756397255588,
      "tn" : 1756397255588659781,
      "q" : "28429",
      "p" : "0.001518",
      "s" : "sell",
      "i" : "FITFI_USD",
      "m" : "4611686018430683598"
    }, {
      "d" : "1756397255586812143",
      "t" : 1756397255586,
      "tn" : 1756397255586812143,
      "q" : "24522",
      "p" : "0.001518",
      "s" : "sell",
      "i" : "FITFI_USD",
      "m" : "4611686018430683597"
    }, {
      "d" : "1756397255577139737",
      "t" : 1756397255577,
      "tn" : 1756397255577139737,
      "q" : "24000",
      "p" : "0.001518",
      "s" : "sell",
      "i" : "FITFI_USD",
      "m" : "4611686018430683596"
    }, {
      "d" : "1756397255566295231",
      "t" : 1756397255566,
      "tn" : 1756397255566295231,
      "q" : "329381",
      "p" : "0.001518",
      "s" : "sell",
      "i" : "FITFI_USD",
      "m" : "4611686018430683595"
    }, {
      "d" : "1756397255557003930",
      "t" : 1756397255557,
      "tn" : 1756397255557003930,
      "q" : "352296",
      "p" : "0.001518",
      "s" : "buy",
      "i" : "FITFI_USD",
      "m" : "4611686018430683594"
    }, {
      "d" : "1756397255557001146",
      "t" : 1756397255557,
      "tn" : 1756397255557001146,
      "q" : "617340",
      "p" : "0.001515",
      "s" : "buy",
      "i" : "FITFI_USD",
      "m" : "4611686018430683593"
    }, {
      "d" : "1756397203390303919",
      "t" : 1756397203390,
      "tn" : 1756397203390303919,
      "q" : "223187",
      "p" : "0.001526",
      "s" : "buy",
      "i" : "FITFI_USD",
      "m" : "4611686018430683592"
    }, {
      "d" : "1756397203390301315",
      "t" : 1756397203390,
      "tn" : 1756397203390301315,
      "q" : "8113",
      "p" : "0.001525",
      "s" : "buy",
      "i" : "FITFI_USD",
      "m" : "4611686018430683591"
    }, {
      "d" : "1756397185369198574",
      "t" : 1756397185369,
      "tn" : 1756397185369198573,
      "q" : "29294",
      "p" : "0.001550",
      "s" : "sell",
      "i" : "FITFI_USD",
      "m" : "4611686018430683590"
    }, {
      "d" : "1756397185369198573",
      "t" : 1756397185369,
      "tn" : 1756397185369198573,
      "q" : "27088",
      "p" : "0.001550",
      "s" : "sell",
      "i" : "FITFI_USD",
      "m" : "4611686018430683590"
    }, {
      "d" : "1756397185366352690",
      "t" : 1756397185366,
      "tn" : 1756397185366352690,
      "q" : "193548",
      "p" : "0.001550",
      "s" : "sell",
      "i" : "FITFI_USD",
      "m" : "4611686018430683589"
    }, {
      "d" : "1756397185316731614",
      "t" : 1756397185316,
      "tn" : 1756397185316731614,
      "q" : "13779",
      "p" : "0.001550",
      "s" : "sell",
      "i" : "FITFI_USD",
      "m" : "4611686018430683588"
    } ]
  }
}