{
  "id" : -1,
  "method" : "public/get-trades",
  "code" : 0,
  "result" : {
    "data" : [ {
      "d" : "1756460432337411016",
      "t" : 1756460432337,
      "tn" : 1756460432337411016,
      "q" : "42.0",
      "p" : "0.4764",
      "s" : "buy",
      "i" : "FLIP_USD",
      "m" : "4611686018429070020"
    }, {
      "d" : "1756460424647908857",
      "t" : 1756460424647,
      "tn" : 1756460424647908857,
      "q" : "31.0",
      "p" : "0.4746",
      "s" : "buy",
      "i" : "FLIP_USD",
      "m" : "4611686018429070019"
    }, {
      "d" : "1756459870302863742",
      "t" : 1756459870302,
      "tn" : 1756459870302863742,
      "q" : "23.2",
      "p" : "0.4757",
      "s" : "buy",
      "i" : "FLIP_USD",
      "m" : "4611686018429070018"
    }, {
      "d" : "1756459870302861355",
      "t" : 1756459870302,
      "tn" : 1756459870302861355,
      "q" : "262.8",
      "p" : "0.4756",
      "s" : "buy",
      "i" : "FLIP_USD",
      "m" : "4611686018429070017"
    }, {
      "d" : "1756459810486503275",
      "t" : 1756459810486,
      "tn" : 1756459810486503275,
      "q" : "42.3",
      "p" : "0.4731",
      "s" : "buy",
      "i" : "FLIP_USD",
      "m" : "4611686018429070016"
    }, {
      "d" : "1756459542161502095",
      "t" : 1756459542161,
      "tn" : 1756459542161502095,
      "q" : "41.7",
      "p" : "0.4710",
      "s" : "sell",
      "i" : "FLIP_USD",
      "m" : "4611686018429070015"
    }, {
      "d" : "1756459294590827550",
      "t" : 1756459294590,
      "tn" : 1756459294590827550,
      "q" : "26.6",
      "p" : "0.4735",
      "s" : "buy",
      "i" : "FLIP_USD",
      "m" : "4611686018429070014"
    }, {
      "d" : "1756459040477985957",
      "t" : 1756459040477,
      "tn" : 1756459040477985957,
      "q" : "190.2",
      "p" : "0.4731",
      "s" : "buy",
      "i" : "FLIP_USD",
      "m" : "4611686018429070013"
    }, {
      "d" : "1756458756631445174",
      "t" : 1756458756631,
      "tn" : 1756458756631445174,
      "q" : "41.6",
      "p" : "0.4716",
      "s" : "sell",
      "i" : "FLIP_USD",
      "m" : "4611686018429070012"
    }, {
      "d" : "1756458756624508288",
      "t" : 1756458756624,
      "tn" : 1756458756624508288,
      "q" : "11.6",
      "p" : "0.4712",
      "s" : "sell",
      "i" : "FLIP_USD",
      "m" : "4611686018429070011"
    }, {
      "d" : "1756458756624506353",
      "t" : 1756458756624,
      "tn" : 1756458756624506353,
      "q" : "82.9",
      "p" : "0.4713",
      "s" : "sell",
      "i" : "FLIP_USD",
      "m" : "4611686018429070010"
    }, {
      "d" : "1756458725926772067",
      "t" : 1756458725926,
      "tn" : 1756458725926772067,
      "q" : "41.5",
      "p" : "0.4732",
      "s" : "sell",
      "i" : "FLIP_USD",
      "m" : "4611686018429070009"
    }, {
      "d" : "1756458725921198052",
      "t" : 1756458725921,
      "tn" : 1756458725921198052,
      "q" : "3.0",
      "p" : "0.4731",
      "s" : "sell",
      "i" : "FLIP_USD",
      "m" : "4611686018429070008"
    }, {
      "d" : "1756458725678251587",
      "t" : 1756458725678,
      "tn" : 1756458725678251587,
      "q" : "281.0",
      "p" : "0.4749",
      "s" : "sell",
      "i" : "FLIP_USD",
      "m" : "4611686018429070007"
    }, {
      "d" : "1756458725676027869",
      "t" : 1756458725676,
      "tn" : 1756458725676027869,
      "q" : "210.5",
      "p" : "0.4750",
      "s" : "sell",
      "i" : "FLIP_USD",
      "m" : "4611686018429070006"
    }, {
      "d" : "1756450975428206648",
      "t" : 1756450975428,
      "tn" : 1756450975428206648,
      "q" : "69.2",
      "p" : "0.4821",
      "s" : "buy",
      "i" : "FLIP_USD",
      "m" : "4611686018429070005"
    }, {
      "d" : "1756450178425780900",
      "t" : 1756450178425,
      "tn" : 1756450178425780900,
      "q" : "41.0",
      "p" : "0.4815",
      "s" : "sell",
      "i" : "FLIP_USD",
      "m" : "4611686018429070004"
    }, {
      "d" : "1756450126890369112",
      "t" : 1756450126890,
      "tn" : 1756450126890369112,
      "q" : "281.0",
      "p" : "0.4804",
      "s" : "sell",
      "i" : "FLIP_USD",
      "m" : "4611686018429070003"
    }, {
      "d" : "1756447018499810450",
      "t" : 1756447018499,
      "tn" : 1756447018499810450,
      "q" : "20.6",
      "p" : "0.4829",
      "s" : "buy",
      "i" : "FLIP_USD",
      "m" : "4611686018429070002"
    }, {
      "d" : "1756447018493993501",
      "t" : 1756447018493,
      "tn" : 1756447018493993501,
      "q" : "40.7",
      "p" : "0.4829",
      "s" : "sell",
      "i" : "FLIP_USD",
      "m" : "4611686018429070001"
    }, {
      "d" : "1756447014441797986",
      "t" : 1756447014441,
      "tn" : 1756447014441797986,
      "q" : "41.3",
      "p" : "0.4836",
      "s" : "sell",
      "i" : "FLIP_USD",
      "m" : "4611686018429070000"
    }, {
      "d" : "1756443699149619330",
      "t" : 1756443699149,
      "tn" : 1756443699149619330,
      "q" : "32.9",
      "p" : "0.4838",
      "s" : "sell",
      "i" : "FLIP_USD",
      "m" : "4611686018429069999"
    }, {
      "d" : "1756436852549119805",
      "t" : 1756436852549,
      "tn" : 1756436852549119805,
      "q" : "20.9",
      "p" : "0.4836",
      "s" : "sell",
      "i" : "FLIP_USD",
      "m" : "4611686018429069998"
    }, {
      "d" : "1756433847825905043",
      "t" : 1756433847825,
      "tn" : 1756433847825905043,
      "q" : "49.7",
      "p" : "0.4845",
      "s" : "buy",
      "i" : "FLIP_USD",
      "m" : "4611686018429069997"
    }, {
      "d" : "1756433847825902707",
      "t" : 1756433847825,
      "tn" : 1756433847825902707,
      "q" : "258.0",
      "p" : "0.4844",
      "s" : "buy",
      "i" : "FLIP_USD",
      "m" : "4611686018429069996"
    }, {
      "d" : "1756433665999924870",
      "t" : 1756433665999,
      "tn" : 1756433665999924870,
      "q" : "237.1",
      "p" : "0.4798",
      "s" : "sell",
      "i" : "FLIP_USD",
      "m" : "4611686018429069995"
    }, {
      "d" : "1756433662771262529",
      "t" : 1756433662771,
      "tn" : 1756433662771262529,
      "q" : "41.5",
      "p" : "0.4810",
      "s" : "sell",
      "i" : "FLIP_USD",
      "m" : "4611686018429069994"
    }, {
      "d" : "1756429298241687709",
      "t" : 1756429298241,
      "tn" : 1756429298241687709,
      "q" : "425.5",
      "p" : "0.4796",
      "s" : "sell",
      "i" : "FLIP_USD",
      "m" : "4611686018429069993"
    }, {
      "d" : "1756429293570492593",
      "t" : 1756429293570,
      "tn" : 1756429293570492593,
      "q" : "41.5",
      "p" : "0.4809",
      "s" : "sell",
      "i" : "FLIP_USD",
      "m" : "4611686018429069992"
    }, {
      "d" : "1756428679356712453",
      "t" : 1756428679356,
      "tn" : 1756428679356712453,
      "q" : "55.6",
      "p" : "0.4797",
      "s" : "sell",
      "i" : "FLIP_USD",
      "m" : "4611686018429069991"
    }, {
      "d" : "1756428673531018010",
      "t" : 1756428673531,
      "tn" : 1756428673531018010,
      "q" : "124.9",
      "p" : "0.4804",
      "s" : "buy",
      "i" : "FLIP_USD",
      "m" : "4611686018429069990"
    }, {
      "d" : "1756428673524013235",
      "t" : 1756428673524,
      "tn" : 1756428673524013235,
      "q" : "41.5",
      "p" : "0.4804",
      "s" : "buy",
      "i" : "FLIP_USD",
      "m" : "4611686018429069989"
    }, {
      "d" : "1756428673520998500",
      "t" : 1756428673520,
      "tn" : 1756428673520998498,
      "q" : "41.5",
      "p" : "0.4804",
      "s" : "sell",
      "i" : "FLIP_USD",
      "m" : "4611686018429069988"
    }, {
      "d" : "1756428673520998499",
      "t" : 1756428673520,
      "tn" : 1756428673520998498,
      "q" : "160.3",
      "p" : "0.4804",
      "s" : "sell",
      "i" : "FLIP_USD",
      "m" : "4611686018429069988"
    }, {
      "d" : "1756428673520998498",
      "t" : 1756428673520,
      "tn" : 1756428673520998498,
      "q" : "40.5",
      "p" : "0.4804",
      "s" : "sell",
      "i" : "FLIP_USD",
      "m" : "4611686018429069988"
    }, {
      "d" : "1756428667284425259",
      "t" : 1756428667284,
      "tn" : 1756428667284425259,
      "q" : "41.5",
      "p" : "0.4808",
      "s" : "sell",
      "i" : "FLIP_USD",
      "m" : "4611686018429069987"
    }, {
      "d" : "1756428663504370967",
      "t" : 1756428663504,
      "tn" : 1756428663504370967,
      "q" : "40.5",
      "p" : "0.4816",
      "s" : "sell",
      "i" : "FLIP_USD",
      "m" : "4611686018429069986"
    }, {
      "d" : "1756427965280793942",
      "t" : 1756427965280,
      "tn" : 1756427965280793942,
      "q" : "41.4",
      "p" : "0.4827",
      "s" : "sell",
      "i" : "FLIP_USD",
      "m" : "4611686018429069985"
    }, {
      "d" : "1756426871747553817",
      "t" : 1756426871747,
      "tn" : 1756426871747553817,
      "q" : "40.3",
      "p" : "0.4829",
      "s" : "sell",
      "i" : "FLIP_USD",
      "m" : "4611686018429069984"
    }, {
      "d" : "1756425372950670882",
      "t" : 1756425372950,
      "tn" : 1756425372950670882,
      "q" : "40.6",
      "p" : "0.4831",
      "s" : "sell",
      "i" : "FLIP_USD",
      "m" : "4611686018429069983"
    }, {
      "d" : "1756424533408251623",
      "t" : 1756424533408,
      "tn" : 1756424533408251623,
      "q" : "207.1",
      "p" : "0.4826",
      "s" : "sell",
      "i" : "FLIP_USD",
      "m" : "4611686018429069982"
    }, {
      "d" : "1756424533408023774",
      "t" : 1756424533408,
      "tn" : 1756424533408023774,
      "q" : "40.6",
      "p" : "0.4851",
      "s" : "sell",
      "i" : "FLIP_USD",
      "m" : "4611686018429069981"
    }, {
      "d" : "1756424232929794429",
      "t" : 1756424232929,
      "tn" : 1756424232929794429,
      "q" : "40.0",
      "p" : "0.4852",
      "s" : "sell",
      "i" : "FLIP_USD",
      "m" : "4611686018429069980"
    }, {
      "d" : "1756424191907659489",
      "t" : 1756424191907,
      "tn" : 1756424191907659489,
      "q" : "151.9",
      "p" : "0.4849",
      "s" : "sell",
      "i" : "FLIP_USD",
      "m" : "4611686018429069979"
    }, {
      "d" : "1756424191907657415",
      "t" : 1756424191907,
      "tn" : 1756424191907657415,
      "q" : "40.0",
      "p" : "0.4875",
      "s" : "sell",
      "i" : "FLIP_USD",
      "m" : "4611686018429069978"
    }, {
      "d" : "1756421317682781160",
      "t" : 1756421317682,
      "tn" : 1756421317682781160,
      "q" : "32.3",
      "p" : "0.4919",
      "s" : "buy",
      "i" : "FLIP_USD",
      "m" : "4611686018429069977"
    }, {
      "d" : "1756421314342978971",
      "t" : 1756421314342,
      "tn" : 1756421314342978971,
      "q" : "40.9",
      "p" : "0.4898",
      "s" : "sell",
      "i" : "FLIP_USD",
      "m" : "4611686018429069976"
    }, {
      "d" : "1756421314336897792",
      "t" : 1756421314336,
      "tn" : 1756421314336897792,
      "q" : "40.8",
      "p" : "0.4898",
      "s" : "buy",
      "i" : "FLIP_USD",
      "m" : "4611686018429069975"
    }, {
      "d" : "1756419123793494998",
      "t" : 1756419123793,
      "tn" : 1756419123793494998,
      "q" : "23.8",
      "p" : "0.4883",
      "s" : "buy",
      "i" : "FLIP_USD",
      "m" : "4611686018429069974"
    }, {
      "d" : "1756418786881662807",
      "t" : 1756418786881,
      "tn" : 1756418786881662807,
      "q" : "10.5",
      "p" : "0.4864",
      "s" : "buy",
      "i" : "FLIP_USD",
      "m" : "4611686018429069973"
    }, {
      "d" : "1756418621856359690",
      "t" : 1756418621856,
      "tn" : 1756418621856359690,
      "q" : "6.3",
      "p" : "0.4845",
      "s" : "buy",
      "i" : "FLIP_USD",
      "m" : "4611686018429069972"
    }, {
      "d" : "1756418621856358006",
      "t" : 1756418621856,
      "tn" : 1756418621856358006,
      "q" : "0.1",
      "p" : "0.4840",
      "s" : "buy",
      "i" : "FLIP_USD",
      "m" : "4611686018429069971"
    }, {
      "d" : "1756418621855884437",
      "t" : 1756418621855,
      "tn" : 1756418621855884437,
      "q" : "241.6",
      "p" : "0.4840",
      "s" : "buy",
      "i" : "FLIP_USD",
      "m" : "4611686018429069970"
    }, {
      "d" : "1756417962814132607",
      "t" : 1756417962814,
      "tn" : 1756417962814132607,
      "q" : "40.4",
      "p" : "0.4827",
      "s" : "sell",
      "i" : "FLIP_USD",
      "m" : "4611686018429069969"
    }, {
      "d" : "1756417956496625411",
      "t" : 1756417956496,
      "tn" : 1756417956496625411,
      "q" : "195.6",
      "p" : "0.4806",
      "s" : "sell",
      "i" : "FLIP_USD",
      "m" : "4611686018429069968"
    }, {
      "d" : "1756417956496624171",
      "t" : 1756417956496,
      "tn" : 1756417956496624171,
      "q" : "0.1",
      "p" : "0.4808",
      "s" : "sell",
      "i" : "FLIP_USD",
      "m" : "4611686018429069967"
    }, {
      "d" : "1756417956496236925",
      "t" : 1756417956496,
      "tn" : 1756417956496236925,
      "q" : "207.8",
      "p" : "0.4808",
      "s" : "sell",
      "i" : "FLIP_USD",
      "m" : "4611686018429069966"
    }, {
      "d" : "1756417956496234491",
      "t" : 1756417956496,
      "tn" : 1756417956496234491,
      "q" : "40.3",
      "p" : "0.4839",
      "s" : "sell",
      "i" : "FLIP_USD",
      "m" : "4611686018429069965"
    }, {
      "d" : "1756414581841276771",
      "t" : 1756414581841,
      "tn" : 1756414581841276771,
      "q" : "10.0",
      "p" : "0.4850",
      "s" : "sell",
      "i" : "FLIP_USD",
      "m" : "4611686018429069964"
    }, {
      "d" : "1756414581841274679",
      "t" : 1756414581841,
      "tn" : 1756414581841274679,
      "q" : "31.3",
      "p" : "0.4852",
      "s" : "sell",
      "i" : "FLIP_USD",
      "m" : "4611686018429069963"
    }, {
      "d" : "1756413350092661014",
      "t" : 1756413350092,
      "tn" : 1756413350092661014,
      "q" : "203.5",
      "p" : "0.4840",
      "s" : "buy",
      "i" : "FLIP_USD",
      "m" : "4611686018429069962"
    }, {
      "d" : "1756413173693964381",
      "t" : 1756413173693,
      "tn" : 1756413173693964381,
      "q" : "133.9",
      "p" : "0.4808",
      "s" : "sell",
      "i" : "FLIP_USD",
      "m" : "4611686018429069961"
    }, {
      "d" : "1756413173693620924",
      "t" : 1756413173693,
      "tn" : 1756413173693620924,
      "q" : "74.0",
      "p" : "0.4808",
      "s" : "sell",
      "i" : "FLIP_USD",
      "m" : "4611686018429069960"
    }, {
      "d" : "1756412916273561304",
      "t" : 1756412916273,
      "tn" : 1756412916273561304,
      "q" : "113.0",
      "p" : "0.4871",
      "s" : "buy",
      "i" : "FLIP_USD",
      "m" : "4611686018429069959"
    }, {
      "d" : "1756411388897506359",
      "t" : 1756411388897,
      "tn" : 1756411388897506359,
      "q" : "11.6",
      "p" : "0.4864",
      "s" : "buy",
      "i" : "FLIP_USD",
      "m" : "4611686018429069958"
    }, {
      "d" : "1756411388897503870",
      "t" : 1756411388897,
      "tn" : 1756411388897503870,
      "q" : "257.0",
      "p" : "0.4863",
      "s" : "buy",
      "i" : "FLIP_USD",
      "m" : "4611686018429069957"
    }, {
      "d" : "1756411073514614203",
      "t" : 1756411073514,
      "tn" : 1756411073514614203,
      "q" : "40.7",
      "p" : "0.4830",
      "s" : "sell",
      "i" : "FLIP_USD",
      "m" : "4611686018429069956"
    }, {
      "d" : "1756411040491763341",
      "t" : 1756411040491,
      "tn" : 1756411040491763341,
      "q" : "40.6",
      "p" : "0.4861",
      "s" : "sell",
      "i" : "FLIP_USD",
      "m" : "4611686018429069955"
    }, {
      "d" : "1756411040405768379",
      "t" : 1756411040405,
      "tn" : 1756411040405768379,
      "q" : "36.0",
      "p" : "0.4862",
      "s" : "sell",
      "i" : "FLIP_USD",
      "m" : "4611686018429069954"
    }, {
      "d" : "1756410701429018278",
      "t" : 1756410701429,
      "tn" : 1756410701429018278,
      "q" : "149.8",
      "p" : "0.4827",
      "s" : "sell",
      "i" : "FLIP_USD",
      "m" : "4611686018429069953"
    }, {
      "d" : "1756410616600495084",
      "t" : 1756410616600,
      "tn" : 1756410616600495084,
      "q" : "34.7",
      "p" : "0.4883",
      "s" : "buy",
      "i" : "FLIP_USD",
      "m" : "4611686018429069952"
    }, {
      "d" : "1756410616600356578",
      "t" : 1756410616600,
      "tn" : 1756410616600356578,
      "q" : "256.0",
      "p" : "0.4864",
      "s" : "buy",
      "i" : "FLIP_USD",
      "m" : "4611686018429069951"
    }, {
      "d" : "1756410454921941653",
      "t" : 1756410454921,
      "tn" : 1756410454921941653,
      "q" : "0.1",
      "p" : "0.4879",
      "s" : "sell",
      "i" : "FLIP_USD",
      "m" : "4611686018429069950"
    }, {
      "d" : "1756410454921762714",
      "t" : 1756410454921,
      "tn" : 1756410454921762714,
      "q" : "39.8",
      "p" : "0.4879",
      "s" : "sell",
      "i" : "FLIP_USD",
      "m" : "4611686018429069949"
    }, {
      "d" : "1756410342678769944",
      "t" : 1756410342678,
      "tn" : 1756410342678769944,
      "q" : "12.2",
      "p" : "0.4849",
      "s" : "sell",
      "i" : "FLIP_USD",
      "m" : "4611686018429069948"
    }, {
      "d" : "1756410342678768060",
      "t" : 1756410342678,
      "tn" : 1756410342678768060,
      "q" : "40.9",
      "p" : "0.4873",
      "s" : "sell",
      "i" : "FLIP_USD",
      "m" : "4611686018429069947"
    }, {
      "d" : "1756410275991448762",
      "t" : 1756410275991,
      "tn" : 1756410275991448762,
      "q" : "54.2",
      "p" : "0.4920",
      "s" : "sell",
      "i" : "FLIP_USD",
      "m" : "4611686018429069946"
    }, {
      "d" : "1756410272084035670",
      "t" : 1756410272084,
      "tn" : 1756410272084035670,
      "q" : "30.7",
      "p" : "0.4923",
      "s" : "sell",
      "i" : "FLIP_USD",
      "m" : "4611686018429069945"
    }, {
      "d" : "1756410271998046251",
      "t" : 1756410271998,
      "tn" : 1756410271998046251,
      "q" : "0.1",
      "p" : "0.4913",
      "s" : "sell",
      "i" : "FLIP_USD",
      "m" : "4611686018429069944"
    }, {
      "d" : "1756410271997949298",
      "t" : 1756410271997,
      "tn" : 1756410271997949297,
      "q" : "23.1",
      "p" : "0.4913",
      "s" : "sell",
      "i" : "FLIP_USD",
      "m" : "4611686018429069943"
    }, {
      "d" : "1756410271997949297",
      "t" : 1756410271997,
      "tn" : 1756410271997949297,
      "q" : "119.4",
      "p" : "0.4913",
      "s" : "sell",
      "i" : "FLIP_USD",
      "m" : "4611686018429069943"
    }, {
      "d" : "1756409818311058716",
      "t" : 1756409818311,
      "tn" : 1756409818311058716,
      "q" : "31.8",
      "p" : "0.4959",
      "s" : "buy",
      "i" : "FLIP_USD",
      "m" : "4611686018429069942"
    }, {
      "d" : "1756409541457066131",
      "t" : 1756409541457,
      "tn" : 1756409541457066131,
      "q" : "39.7",
      "p" : "0.4947",
      "s" : "sell",
      "i" : "FLIP_USD",
      "m" : "4611686018429069941"
    }, {
      "d" : "1756409520362920310",
      "t" : 1756409520362,
      "tn" : 1756409520362920310,
      "q" : "32.0",
      "p" : "0.4957",
      "s" : "sell",
      "i" : "FLIP_USD",
      "m" : "4611686018429069940"
    }, {
      "d" : "1756409516636692438",
      "t" : 1756409516636,
      "tn" : 1756409516636692438,
      "q" : "31.0",
      "p" : "0.4972",
      "s" : "sell",
      "i" : "FLIP_USD",
      "m" : "4611686018429069939"
    }, {
      "d" : "1756409392851940025",
      "t" : 1756409392851,
      "tn" : 1756409392851940025,
      "q" : "37.0",
      "p" : "0.4982",
      "s" : "buy",
      "i" : "FLIP_USD",
      "m" : "4611686018429069938"
    }, {
      "d" : "1756409391560398782",
      "t" : 1756409391560,
      "tn" : 1756409391560398782,
      "q" : "105.6",
      "p" : "0.4972",
      "s" : "buy",
      "i" : "FLIP_USD",
      "m" : "4611686018429069937"
    }, {
      "d" : "1756409348211676177",
      "t" : 1756409348211,
      "tn" : 1756409348211676177,
      "q" : "82.0",
      "p" : "0.4923",
      "s" : "sell",
      "i" : "FLIP_USD",
      "m" : "4611686018429069936"
    }, {
      "d" : "1756409348211674439",
      "t" : 1756409348211,
      "tn" : 1756409348211674439,
      "q" : "39.5",
      "p" : "0.4924",
      "s" : "sell",
      "i" : "FLIP_USD",
      "m" : "4611686018429069935"
    }, {
      "d" : "1756409284076681066",
      "t" : 1756409284076,
      "tn" : 1756409284076681066,
      "q" : "162.7",
      "p" : "0.4918",
      "s" : "sell",
      "i" : "FLIP_USD",
      "m" : "4611686018429069934"
    }, {
      "d" : "1756409283653754219",
      "t" : 1756409283653,
      "tn" : 1756409283653754219,
      "q" : "162.7",
      "p" : "0.4918",
      "s" : "sell",
      "i" : "FLIP_USD",
      "m" : "4611686018429069933"
    }, {
      "d" : "1756409283273609358",
      "t" : 1756409283273,
      "tn" : 1756409283273609358,
      "q" : "203.3",
      "p" : "0.4918",
      "s" : "sell",
      "i" : "FLIP_USD",
      "m" : "4611686018429069932"
    }, {
      "d" : "1756409133163659986",
      "t" : 1756409133163,
      "tn" : 1756409133163659986,
      "q" : "40.7",
      "p" : "0.4891",
      "s" : "buy",
      "i" : "FLIP_USD",
      "m" : "4611686018429069931"
    }, {
      "d" : "1756409131422946801",
      "t" : 1756409131422,
      "tn" : 1756409131422946801,
      "q" : "29.2",
      "p" : "0.4923",
      "s" : "buy",
      "i" : "FLIP_USD",
      "m" : "4611686018429069930"
    }, {
      "d" : "1756409131422944819",
      "t" : 1756409131422,
      "tn" : 1756409131422944819,
      "q" : "93.4",
      "p" : "0.4903",
      "s" : "buy",
      "i" : "FLIP_USD",
      "m" : "4611686018429069929"
    }, {
      "d" : "1756409131422942127",
      "t" : 1756409131422,
      "tn" : 1756409131422942127,
      "q" : "222.4",
      "p" : "0.4902",
      "s" : "buy",
      "i" : "FLIP_USD",
      "m" : "4611686018429069928"
    }, {
      "d" : "1756408724886136063",
      "t" : 1756408724886,
      "tn" : 1756408724886136062,
      "q" : "124.6",
      "p" : "0.4843",
      "s" : "sell",
      "i" : "FLIP_USD",
      "m" : "4611686018429069927"
    }, {
      "d" : "1756408724886136062",
      "t" : 1756408724886,
      "tn" : 1756408724886136062,
      "q" : "40.6",
      "p" : "0.4843",
      "s" : "sell",
      "i" : "FLIP_USD",
      "m" : "4611686018429069927"
    }, {
      "d" : "1756408688625921923",
      "t" : 1756408688625,
      "tn" : 1756408688625921923,
      "q" : "31.0",
      "p" : "0.4854",
      "s" : "sell",
      "i" : "FLIP_USD",
      "m" : "4611686018429069926"
    }, {
      "d" : "1756408622490811257",
      "t" : 1756408622490,
      "tn" : 1756408622490811257,
      "q" : "1.8",
      "p" : "0.4883",
      "s" : "buy",
      "i" : "FLIP_USD",
      "m" : "4611686018429069925"
    }, {
      "d" : "1756408622435226267",
      "t" : 1756408622435,
      "tn" : 1756408622435226267,
      "q" : "100.0",
      "p" : "0.4883",
      "s" : "buy",
      "i" : "FLIP_USD",
      "m" : "4611686018429069924"
    }, {
      "d" : "1756408622433028585",
      "t" : 1756408622433,
      "tn" : 1756408622433028585,
      "q" : "41.1",
      "p" : "0.4852",
      "s" : "sell",
      "i" : "FLIP_USD",
      "m" : "4611686018429069923"
    }, {
      "d" : "1756408622419156382",
      "t" : 1756408622419,
      "tn" : 1756408622419156382,
      "q" : "18.0",
      "p" : "0.4883",
      "s" : "buy",
      "i" : "FLIP_USD",
      "m" : "4611686018429069922"
    }, {
      "d" : "1756408622419154536",
      "t" : 1756408622419,
      "tn" : 1756408622419154536,
      "q" : "41.0",
      "p" : "0.4872",
      "s" : "buy",
      "i" : "FLIP_USD",
      "m" : "4611686018429069921"
    }, {
      "d" : "1756408622414124232",
      "t" : 1756408622414,
      "tn" : 1756408622414124232,
      "q" : "184.8",
      "p" : "0.4871",
      "s" : "buy",
      "i" : "FLIP_USD",
      "m" : "4611686018429069920"
    }, {
      "d" : "1756408621824959441",
      "t" : 1756408621824,
      "tn" : 1756408621824959441,
      "q" : "184.8",
      "p" : "0.4871",
      "s" : "buy",
      "i" : "FLIP_USD",
      "m" : "4611686018429069919"
    }, {
      "d" : "1756408616848840143",
      "t" : 1756408616848,
      "tn" : 1756408616848840143,
      "q" : "12.5",
      "p" : "0.4882",
      "s" : "buy",
      "i" : "FLIP_USD",
      "m" : "4611686018429069918"
    }, {
      "d" : "1756408616848837988",
      "t" : 1756408616848,
      "tn" : 1756408616848837988,
      "q" : "27.5",
      "p" : "0.4864",
      "s" : "buy",
      "i" : "FLIP_USD",
      "m" : "4611686018429069917"
    }, {
      "d" : "1756408615489316448",
      "t" : 1756408615489,
      "tn" : 1756408615489316448,
      "q" : "38.3",
      "p" : "0.4853",
      "s" : "buy",
      "i" : "FLIP_USD",
      "m" : "4611686018429069916"
    }, {
      "d" : "1756408615489314704",
      "t" : 1756408615489,
      "tn" : 1756408615489314704,
      "q" : "23.5",
      "p" : "0.4850",
      "s" : "buy",
      "i" : "FLIP_USD",
      "m" : "4611686018429069915"
    }, {
      "d" : "1756408607324118455",
      "t" : 1756408607324,
      "tn" : 1756408607324118455,
      "q" : "41.0",
      "p" : "0.4837",
      "s" : "buy",
      "i" : "FLIP_USD",
      "m" : "4611686018429069914"
    }, {
      "d" : "1756408601727628481",
      "t" : 1756408601727,
      "tn" : 1756408601727628480,
      "q" : "279.2",
      "p" : "0.4845",
      "s" : "buy",
      "i" : "FLIP_USD",
      "m" : "4611686018429069913"
    }, {
      "d" : "1756408601727628480",
      "t" : 1756408601727,
      "tn" : 1756408601727628480,
      "q" : "28.9",
      "p" : "0.4845",
      "s" : "buy",
      "i" : "FLIP_USD",
      "m" : "4611686018429069913"
    }, {
      "d" : "1756408601727519559",
      "t" : 1756408601727,
      "tn" : 1756408601727519559,
      "q" : "38.3",
      "p" : "0.4845",
      "s" : "buy",
      "i" : "FLIP_USD",
      "m" : "4611686018429069912"
    }, {
      "d" : "1756408601727517577",
      "t" : 1756408601727,
      "tn" : 1756408601727517577,
      "q" : "281.0",
      "p" : "0.4844",
      "s" : "buy",
      "i" : "FLIP_USD",
      "m" : "4611686018429069911"
    }, {
      "d" : "1756408601727000467",
      "t" : 1756408601727,
      "tn" : 1756408601727000467,
      "q" : "17.6",
      "p" : "0.4826",
      "s" : "buy",
      "i" : "FLIP_USD",
      "m" : "4611686018429069910"
    }, {
      "d" : "1756408601726997347",
      "t" : 1756408601726,
      "tn" : 1756408601726997347,
      "q" : "221.3",
      "p" : "0.4825",
      "s" : "buy",
      "i" : "FLIP_USD",
      "m" : "4611686018429069909"
    }, {
      "d" : "1756408542189287799",
      "t" : 1756408542189,
      "tn" : 1756408542189287799,
      "q" : "22.7",
      "p" : "0.4827",
      "s" : "sell",
      "i" : "FLIP_USD",
      "m" : "4611686018429069908"
    }, {
      "d" : "1756408523827498507",
      "t" : 1756408523827,
      "tn" : 1756408523827498507,
      "q" : "15.1",
      "p" : "0.4827",
      "s" : "sell",
      "i" : "FLIP_USD",
      "m" : "4611686018429069907"
    }, {
      "d" : "1756408514628668967",
      "t" : 1756408514628,
      "tn" : 1756408514628668967,
      "q" : "18.0",
      "p" : "0.4830",
      "s" : "sell",
      "i" : "FLIP_USD",
      "m" : "4611686018429069906"
    }, {
      "d" : "1756408475614284695",
      "t" : 1756408475614,
      "tn" : 1756408475614284694,
      "q" : "10.5",
      "p" : "0.4830",
      "s" : "sell",
      "i" : "FLIP_USD",
      "m" : "4611686018429069905"
    }, {
      "d" : "1756408475614284694",
      "t" : 1756408475614,
      "tn" : 1756408475614284694,
      "q" : "41.3",
      "p" : "0.4830",
      "s" : "sell",
      "i" : "FLIP_USD",
      "m" : "4611686018429069905"
    }, {
      "d" : "1756408332640929444",
      "t" : 1756408332640,
      "tn" : 1756408332640929444,
      "q" : "9.0",
      "p" : "0.4872",
      "s" : "sell",
      "i" : "FLIP_USD",
      "m" : "4611686018429069904"
    }, {
      "d" : "1756408299829969754",
      "t" : 1756408299829,
      "tn" : 1756408299829969754,
      "q" : "30.8",
      "p" : "0.4864",
      "s" : "sell",
      "i" : "FLIP_USD",
      "m" : "4611686018429069903"
    }, {
      "d" : "1756408299829191430",
      "t" : 1756408299829,
      "tn" : 1756408299829191430,
      "q" : "11.5",
      "p" : "0.4864",
      "s" : "sell",
      "i" : "FLIP_USD",
      "m" : "4611686018429069902"
    }, {
      "d" : "1756408299829189769",
      "t" : 1756408299829,
      "tn" : 1756408299829189769,
      "q" : "40.7",
      "p" : "0.4886",
      "s" : "sell",
      "i" : "FLIP_USD",
      "m" : "4611686018429069901"
    }, {
      "d" : "1756408258430434606",
      "t" : 1756408258430,
      "tn" : 1756408258430434606,
      "q" : "21.3",
      "p" : "0.4908",
      "s" : "sell",
      "i" : "FLIP_USD",
      "m" : "4611686018429069900"
    }, {
      "d" : "1756408253613821715",
      "t" : 1756408253613,
      "tn" : 1756408253613821715,
      "q" : "18.9",
      "p" : "0.4908",
      "s" : "sell",
      "i" : "FLIP_USD",
      "m" : "4611686018429069899"
    }, {
      "d" : "1756408253613819403",
      "t" : 1756408253613,
      "tn" : 1756408253613819403,
      "q" : "40.0",
      "p" : "0.4909",
      "s" : "sell",
      "i" : "FLIP_USD",
      "m" : "4611686018429069898"
    }, {
      "d" : "1756408242639271262",
      "t" : 1756408242639,
      "tn" : 1756408242639271262,
      "q" : "39.3",
      "p" : "0.4923",
      "s" : "sell",
      "i" : "FLIP_USD",
      "m" : "4611686018429069897"
    }, {
      "d" : "1756408205797386461",
      "t" : 1756408205797,
      "tn" : 1756408205797386461,
      "q" : "31.0",
      "p" : "0.4942",
      "s" : "sell",
      "i" : "FLIP_USD",
      "m" : "4611686018429069896"
    }, {
      "d" : "1756408176066868748",
      "t" : 1756408176066,
      "tn" : 1756408176066868748,
      "q" : "3.7",
      "p" : "0.4943",
      "s" : "sell",
      "i" : "FLIP_USD",
      "m" : "4611686018429069895"
    }, {
      "d" : "1756408176065210348",
      "t" : 1756408176065,
      "tn" : 1756408176065210348,
      "q" : "36.0",
      "p" : "0.4943",
      "s" : "sell",
      "i" : "FLIP_USD",
      "m" : "4611686018429069894"
    }, {
      "d" : "1756408120331510679",
      "t" : 1756408120331,
      "tn" : 1756408120331510679,
      "q" : "199.1",
      "p" : "0.4943",
      "s" : "sell",
      "i" : "FLIP_USD",
      "m" : "4611686018429069893"
    }, {
      "d" : "1756408115883013491",
      "t" : 1756408115883,
      "tn" : 1756408115883013491,
      "q" : "11.0",
      "p" : "0.4964",
      "s" : "sell",
      "i" : "FLIP_USD",
      "m" : "4611686018429069892"
    }, {
      "d" : "1756408115883011468",
      "t" : 1756408115883,
      "tn" : 1756408115883011468,
      "q" : "39.4",
      "p" : "0.4965",
      "s" : "sell",
      "i" : "FLIP_USD",
      "m" : "4611686018429069891"
    }, {
      "d" : "1756408112259338219",
      "t" : 1756408112259,
      "tn" : 1756408112259338219,
      "q" : "82.5",
      "p" : "0.4943",
      "s" : "sell",
      "i" : "FLIP_USD",
      "m" : "4611686018429069890"
    }, {
      "d" : "1756408112259336766",
      "t" : 1756408112259,
      "tn" : 1756408112259336766,
      "q" : "23.5",
      "p" : "0.4944",
      "s" : "sell",
      "i" : "FLIP_USD",
      "m" : "4611686018429069889"
    }, {
      "d" : "1756408112259334509",
      "t" : 1756408112259,
      "tn" : 1756408112259334509,
      "q" : "39.3",
      "p" : "0.4945",
      "s" : "sell",
      "i" : "FLIP_USD",
      "m" : "4611686018429069888"
    }, {
      "d" : "1756408112187372566",
      "t" : 1756408112187,
      "tn" : 1756408112187372566,
      "q" : "280.9",
      "p" : "0.4962",
      "s" : "sell",
      "i" : "FLIP_USD",
      "m" : "4611686018429069887"
    }, {
      "d" : "1756408112187370899",
      "t" : 1756408112187,
      "tn" : 1756408112187370899,
      "q" : "0.1",
      "p" : "0.4963",
      "s" : "sell",
      "i" : "FLIP_USD",
      "m" : "4611686018429069886"
    }, {
      "d" : "1756408112187304684",
      "t" : 1756408112187,
      "tn" : 1756408112187304684,
      "q" : "83.5",
      "p" : "0.4963",
      "s" : "sell",
      "i" : "FLIP_USD",
      "m" : "4611686018429069885"
    }, {
      "d" : "1756407537185222130",
      "t" : 1756407537185,
      "tn" : 1756407537185222130,
      "q" : "40.1",
      "p" : "0.4966",
      "s" : "buy",
      "i" : "FLIP_USD",
      "m" : "4611686018429069884"
    }, {
      "d" : "1756407496233532652",
      "t" : 1756407496233,
      "tn" : 1756407496233532652,
      "q" : "145.6",
      "p" : "0.4963",
      "s" : "sell",
      "i" : "FLIP_USD",
      "m" : "4611686018429069883"
    }, {
      "d" : "1756406798204111727",
      "t" : 1756406798204,
      "tn" : 1756406798204111727,
      "q" : "4.3",
      "p" : "0.4982",
      "s" : "buy",
      "i" : "FLIP_USD",
      "m" : "4611686018429069882"
    }, {
      "d" : "1756404728659855220",
      "t" : 1756404728659,
      "tn" : 1756404728659855220,
      "q" : "326.6",
      "p" : "0.4963",
      "s" : "buy",
      "i" : "FLIP_USD",
      "m" : "4611686018429069881"
    }, {
      "d" : "1756404722071207944",
      "t" : 1756404722071,
      "tn" : 1756404722071207944,
      "q" : "101.5",
      "p" : "0.4963",
      "s" : "buy",
      "i" : "FLIP_USD",
      "m" : "4611686018429069880"
    }, {
      "d" : "1756404721866090868",
      "t" : 1756404721866,
      "tn" : 1756404721866090868,
      "q" : "201.4",
      "p" : "0.4963",
      "s" : "buy",
      "i" : "FLIP_USD",
      "m" : "4611686018429069879"
    }, {
      "d" : "1756404721571436429",
      "t" : 1756404721571,
      "tn" : 1756404721571436429,
      "q" : "201.4",
      "p" : "0.4963",
      "s" : "buy",
      "i" : "FLIP_USD",
      "m" : "4611686018429069878"
    }, {
      "d" : "1756404721223871284",
      "t" : 1756404721223,
      "tn" : 1756404721223871284,
      "q" : "201.4",
      "p" : "0.4963",
      "s" : "buy",
      "i" : "FLIP_USD",
      "m" : "4611686018429069877"
    } ]
  }
}