{
  "id" : -1,
  "method" : "public/get-trades",
  "code" : 0,
  "result" : {
    "data" : [ {
      "d" : "1756460424637477709",
      "t" : 1756460424637,
      "tn" : 1756460424637477709,
      "q" : "42.1",
      "p" : "0.4753",
      "s" : "buy",
      "i" : "FLIP_USDT",
      "m" : "4611686018428660888"
    }, {
      "d" : "1756459870302763797",
      "t" : 1756459870302,
      "tn" : 1756459870302763797,
      "q" : "7.2",
      "p" : "0.4757",
      "s" : "buy",
      "i" : "FLIP_USDT",
      "m" : "4611686018428660887"
    }, {
      "d" : "1756459763008322266",
      "t" : 1756459763008,
      "tn" : 1756459763008322266,
      "q" : "109.3",
      "p" : "0.4726",
      "s" : "sell",
      "i" : "FLIP_USDT",
      "m" : "4611686018428660886"
    }, {
      "d" : "1756459760439009401",
      "t" : 1756459760439,
      "tn" : 1756459760439009401,
      "q" : "84.8",
      "p" : "0.4757",
      "s" : "buy",
      "i" : "FLIP_USDT",
      "m" : "4611686018428660885"
    }, {
      "d" : "1756459760439007726",
      "t" : 1756459760439,
      "tn" : 1756459760439007726,
      "q" : "23.0",
      "p" : "0.4756",
      "s" : "buy",
      "i" : "FLIP_USDT",
      "m" : "4611686018428660884"
    }, {
      "d" : "1756459760280366394",
      "t" : 1756459760280,
      "tn" : 1756459760280366394,
      "q" : "153.1",
      "p" : "0.4723",
      "s" : "sell",
      "i" : "FLIP_USDT",
      "m" : "4611686018428660883"
    }, {
      "d" : "1756459542162221849",
      "t" : 1756459542162,
      "tn" : 1756459542162221849,
      "q" : "41.7",
      "p" : "0.4717",
      "s" : "sell",
      "i" : "FLIP_USDT",
      "m" : "4611686018428660882"
    }, {
      "d" : "1756459280292593952",
      "t" : 1756459280292,
      "tn" : 1756459280292593952,
      "q" : "106.7",
      "p" : "0.4736",
      "s" : "buy",
      "i" : "FLIP_USDT",
      "m" : "4611686018428660881"
    }, {
      "d" : "1756459118424364702",
      "t" : 1756459118424,
      "tn" : 1756459118424364701,
      "q" : "32.5",
      "p" : "0.4724",
      "s" : "buy",
      "i" : "FLIP_USDT",
      "m" : "4611686018428660880"
    }, {
      "d" : "1756459118424364701",
      "t" : 1756459118424,
      "tn" : 1756459118424364701,
      "q" : "20.4",
      "p" : "0.4724",
      "s" : "buy",
      "i" : "FLIP_USDT",
      "m" : "4611686018428660880"
    }, {
      "d" : "1756458756624477917",
      "t" : 1756458756624,
      "tn" : 1756458756624477917,
      "q" : "41.6",
      "p" : "0.4731",
      "s" : "sell",
      "i" : "FLIP_USDT",
      "m" : "4611686018428660879"
    }, {
      "d" : "1756458725921301238",
      "t" : 1756458725921,
      "tn" : 1756458725921301238,
      "q" : "41.5",
      "p" : "0.4725",
      "s" : "sell",
      "i" : "FLIP_USDT",
      "m" : "4611686018428660878"
    }, {
      "d" : "1756458725681417191",
      "t" : 1756458725681,
      "tn" : 1756458725681417191,
      "q" : "235.2",
      "p" : "0.4743",
      "s" : "sell",
      "i" : "FLIP_USDT",
      "m" : "4611686018428660877"
    }, {
      "d" : "1756458725681415087",
      "t" : 1756458725681,
      "tn" : 1756458725681415087,
      "q" : "0.1",
      "p" : "0.4749",
      "s" : "sell",
      "i" : "FLIP_USDT",
      "m" : "4611686018428660876"
    }, {
      "d" : "1756458725678367888",
      "t" : 1756458725678,
      "tn" : 1756458725678367888,
      "q" : "113.7",
      "p" : "0.4749",
      "s" : "sell",
      "i" : "FLIP_USDT",
      "m" : "4611686018428660875"
    }, {
      "d" : "1756458725676135978",
      "t" : 1756458725676,
      "tn" : 1756458725676135978,
      "q" : "167.2",
      "p" : "0.4749",
      "s" : "sell",
      "i" : "FLIP_USDT",
      "m" : "4611686018428660874"
    }, {
      "d" : "1756458725676134477",
      "t" : 1756458725676,
      "tn" : 1756458725676134477,
      "q" : "216.1",
      "p" : "0.4750",
      "s" : "sell",
      "i" : "FLIP_USDT",
      "m" : "4611686018428660873"
    }, {
      "d" : "1756458725676131900",
      "t" : 1756458725676,
      "tn" : 1756458725676131900,
      "q" : "73.1",
      "p" : "0.4751",
      "s" : "sell",
      "i" : "FLIP_USDT",
      "m" : "4611686018428660872"
    }, {
      "d" : "1756450178424883715",
      "t" : 1756450178424,
      "tn" : 1756450178424883715,
      "q" : "41.0",
      "p" : "0.4808",
      "s" : "sell",
      "i" : "FLIP_USDT",
      "m" : "4611686018428660871"
    }, {
      "d" : "1756450126890246998",
      "t" : 1756450126890,
      "tn" : 1756450126890246998,
      "q" : "96.6",
      "p" : "0.4794",
      "s" : "sell",
      "i" : "FLIP_USDT",
      "m" : "4611686018428660870"
    }, {
      "d" : "1756450126890245393",
      "t" : 1756450126890,
      "tn" : 1756450126890245393,
      "q" : "281.0",
      "p" : "0.4804",
      "s" : "sell",
      "i" : "FLIP_USDT",
      "m" : "4611686018428660869"
    }, {
      "d" : "1756449617875675995",
      "t" : 1756449617875,
      "tn" : 1756449617875675995,
      "q" : "2.6",
      "p" : "0.4809",
      "s" : "sell",
      "i" : "FLIP_USDT",
      "m" : "4611686018428660868"
    }, {
      "d" : "1756449617875674581",
      "t" : 1756449617875,
      "tn" : 1756449617875674581,
      "q" : "22.6",
      "p" : "0.4810",
      "s" : "sell",
      "i" : "FLIP_USDT",
      "m" : "4611686018428660867"
    }, {
      "d" : "1756447018494843800",
      "t" : 1756447018494,
      "tn" : 1756447018494843800,
      "q" : "40.7",
      "p" : "0.4839",
      "s" : "sell",
      "i" : "FLIP_USDT",
      "m" : "4611686018428660866"
    }, {
      "d" : "1756433847826004757",
      "t" : 1756433847826,
      "tn" : 1756433847826004757,
      "q" : "64.0",
      "p" : "0.4846",
      "s" : "buy",
      "i" : "FLIP_USDT",
      "m" : "4611686018428660865"
    }, {
      "d" : "1756433847825770313",
      "t" : 1756433847825,
      "tn" : 1756433847825770313,
      "q" : "0.1",
      "p" : "0.4815",
      "s" : "buy",
      "i" : "FLIP_USDT",
      "m" : "4611686018428660864"
    }, {
      "d" : "1756433847825658218",
      "t" : 1756433847825,
      "tn" : 1756433847825658218,
      "q" : "41.2",
      "p" : "0.4815",
      "s" : "buy",
      "i" : "FLIP_USDT",
      "m" : "4611686018428660863"
    }, {
      "d" : "1756433666001083898",
      "t" : 1756433666001,
      "tn" : 1756433666001083898,
      "q" : "22.6",
      "p" : "0.4800",
      "s" : "sell",
      "i" : "FLIP_USDT",
      "m" : "4611686018428660862"
    }, {
      "d" : "1756429298242699968",
      "t" : 1756429298242,
      "tn" : 1756429298242699968,
      "q" : "5.9",
      "p" : "0.4800",
      "s" : "sell",
      "i" : "FLIP_USDT",
      "m" : "4611686018428660861"
    }, {
      "d" : "1756428679357623222",
      "t" : 1756428679357,
      "tn" : 1756428679357623222,
      "q" : "116.0",
      "p" : "0.4800",
      "s" : "sell",
      "i" : "FLIP_USDT",
      "m" : "4611686018428660860"
    }, {
      "d" : "1756428679357621399",
      "t" : 1756428679357,
      "tn" : 1756428679357621399,
      "q" : "22.6",
      "p" : "0.4801",
      "s" : "sell",
      "i" : "FLIP_USDT",
      "m" : "4611686018428660859"
    }, {
      "d" : "1756428673521845611",
      "t" : 1756428673521,
      "tn" : 1756428673521845611,
      "q" : "40.5",
      "p" : "0.4818",
      "s" : "sell",
      "i" : "FLIP_USDT",
      "m" : "4611686018428660858"
    }, {
      "d" : "1756428663506042434",
      "t" : 1756428663506,
      "tn" : 1756428663506042434,
      "q" : "93.0",
      "p" : "0.4800",
      "s" : "sell",
      "i" : "FLIP_USDT",
      "m" : "4611686018428660857"
    }, {
      "d" : "1756428663506040880",
      "t" : 1756428663506,
      "tn" : 1756428663506040880,
      "q" : "22.6",
      "p" : "0.4801",
      "s" : "sell",
      "i" : "FLIP_USDT",
      "m" : "4611686018428660856"
    }, {
      "d" : "1756428663505154797",
      "t" : 1756428663505,
      "tn" : 1756428663505154797,
      "q" : "40.5",
      "p" : "0.4822",
      "s" : "sell",
      "i" : "FLIP_USDT",
      "m" : "4611686018428660855"
    }, {
      "d" : "1756427965281667577",
      "t" : 1756427965281,
      "tn" : 1756427965281667577,
      "q" : "3.9",
      "p" : "0.4801",
      "s" : "sell",
      "i" : "FLIP_USDT",
      "m" : "4611686018428660854"
    }, {
      "d" : "1756426871748421162",
      "t" : 1756426871748,
      "tn" : 1756426871748421162,
      "q" : "40.3",
      "p" : "0.4835",
      "s" : "sell",
      "i" : "FLIP_USDT",
      "m" : "4611686018428660853"
    }, {
      "d" : "1756424533408241815",
      "t" : 1756424533408,
      "tn" : 1756424533408241815,
      "q" : "138.4",
      "p" : "0.4825",
      "s" : "sell",
      "i" : "FLIP_USDT",
      "m" : "4611686018428660852"
    }, {
      "d" : "1756424533408240171",
      "t" : 1756424533408,
      "tn" : 1756424533408240171,
      "q" : "207.2",
      "p" : "0.4826",
      "s" : "sell",
      "i" : "FLIP_USDT",
      "m" : "4611686018428660851"
    }, {
      "d" : "1756424191907731609",
      "t" : 1756424191907,
      "tn" : 1756424191907731609,
      "q" : "193.5",
      "p" : "0.4849",
      "s" : "sell",
      "i" : "FLIP_USDT",
      "m" : "4611686018428660850"
    }, {
      "d" : "1756421314342945634",
      "t" : 1756421314342,
      "tn" : 1756421314342945634,
      "q" : "40.9",
      "p" : "0.4888",
      "s" : "buy",
      "i" : "FLIP_USDT",
      "m" : "4611686018428660849"
    }, {
      "d" : "1756418621856337770",
      "t" : 1756418621856,
      "tn" : 1756418621856337770,
      "q" : "257.6",
      "p" : "0.4850",
      "s" : "buy",
      "i" : "FLIP_USDT",
      "m" : "4611686018428660848"
    }, {
      "d" : "1756417956496389057",
      "t" : 1756417956496,
      "tn" : 1756417956496389057,
      "q" : "55.7",
      "p" : "0.4807",
      "s" : "sell",
      "i" : "FLIP_USDT",
      "m" : "4611686018428660847"
    }, {
      "d" : "1756417956496307435",
      "t" : 1756417956496,
      "tn" : 1756417956496307435,
      "q" : "225.2",
      "p" : "0.4807",
      "s" : "sell",
      "i" : "FLIP_USDT",
      "m" : "4611686018428660846"
    }, {
      "d" : "1756417956496305898",
      "t" : 1756417956496,
      "tn" : 1756417956496305898,
      "q" : "207.9",
      "p" : "0.4808",
      "s" : "sell",
      "i" : "FLIP_USDT",
      "m" : "4611686018428660845"
    }, {
      "d" : "1756414542929847036",
      "t" : 1756414542929,
      "tn" : 1756414542929847036,
      "q" : "41.2",
      "p" : "0.4854",
      "s" : "sell",
      "i" : "FLIP_USDT",
      "m" : "4611686018428660844"
    }, {
      "d" : "1756413350092685418",
      "t" : 1756413350092,
      "tn" : 1756413350092685418,
      "q" : "258.3",
      "p" : "0.4838",
      "s" : "buy",
      "i" : "FLIP_USDT",
      "m" : "4611686018428660843"
    }, {
      "d" : "1756413183154910159",
      "t" : 1756413183154,
      "tn" : 1756413183154910159,
      "q" : "83.2",
      "p" : "0.4829",
      "s" : "sell",
      "i" : "FLIP_USDT",
      "m" : "4611686018428660842"
    }, {
      "d" : "1756413173764011433",
      "t" : 1756413173764,
      "tn" : 1756413173764011433,
      "q" : "103.9",
      "p" : "0.4800",
      "s" : "sell",
      "i" : "FLIP_USDT",
      "m" : "4611686018428660841"
    }, {
      "d" : "1756413173763827512",
      "t" : 1756413173763,
      "tn" : 1756413173763827512,
      "q" : "70.4",
      "p" : "0.4800",
      "s" : "sell",
      "i" : "FLIP_USDT",
      "m" : "4611686018428660840"
    }, {
      "d" : "1756413173693874551",
      "t" : 1756413173693,
      "tn" : 1756413173693874551,
      "q" : "110.8",
      "p" : "0.4800",
      "s" : "sell",
      "i" : "FLIP_USDT",
      "m" : "4611686018428660839"
    }, {
      "d" : "1756413173693872401",
      "t" : 1756413173693,
      "tn" : 1756413173693872401,
      "q" : "208.0",
      "p" : "0.4806",
      "s" : "sell",
      "i" : "FLIP_USDT",
      "m" : "4611686018428660838"
    }, {
      "d" : "1756411388897623051",
      "t" : 1756411388897,
      "tn" : 1756411388897623051,
      "q" : "160.3",
      "p" : "0.4875",
      "s" : "buy",
      "i" : "FLIP_USDT",
      "m" : "4611686018428660837"
    }, {
      "d" : "1756411073515318836",
      "t" : 1756411073515,
      "tn" : 1756411073515318836,
      "q" : "40.7",
      "p" : "0.4837",
      "s" : "sell",
      "i" : "FLIP_USDT",
      "m" : "4611686018428660836"
    }, {
      "d" : "1756411040491085669",
      "t" : 1756411040491,
      "tn" : 1756411040491085669,
      "q" : "40.6",
      "p" : "0.4826",
      "s" : "sell",
      "i" : "FLIP_USDT",
      "m" : "4611686018428660835"
    }, {
      "d" : "1756411040406406069",
      "t" : 1756411040406,
      "tn" : 1756411040406406069,
      "q" : "36.0",
      "p" : "0.4873",
      "s" : "sell",
      "i" : "FLIP_USDT",
      "m" : "4611686018428660834"
    }, {
      "d" : "1756410616600485562",
      "t" : 1756410616600,
      "tn" : 1756410616600485562,
      "q" : "35.2",
      "p" : "0.4888",
      "s" : "buy",
      "i" : "FLIP_USDT",
      "m" : "4611686018428660833"
    }, {
      "d" : "1756410616600483730",
      "t" : 1756410616600,
      "tn" : 1756410616600483730,
      "q" : "255.8",
      "p" : "0.4887",
      "s" : "buy",
      "i" : "FLIP_USDT",
      "m" : "4611686018428660832"
    }, {
      "d" : "1756410454922456345",
      "t" : 1756410454922,
      "tn" : 1756410454922456345,
      "q" : "39.8",
      "p" : "0.4886",
      "s" : "sell",
      "i" : "FLIP_USDT",
      "m" : "4611686018428660831"
    }, {
      "d" : "1756410275992270728",
      "t" : 1756410275992,
      "tn" : 1756410275992270728,
      "q" : "40.5",
      "p" : "0.4925",
      "s" : "sell",
      "i" : "FLIP_USDT",
      "m" : "4611686018428660830"
    }, {
      "d" : "1756410275992268778",
      "t" : 1756410275992,
      "tn" : 1756410275992268778,
      "q" : "0.1",
      "p" : "0.4926",
      "s" : "sell",
      "i" : "FLIP_USDT",
      "m" : "4611686018428660829"
    }, {
      "d" : "1756410275991521102",
      "t" : 1756410275991,
      "tn" : 1756410275991521102,
      "q" : "54.7",
      "p" : "0.4926",
      "s" : "sell",
      "i" : "FLIP_USDT",
      "m" : "4611686018428660828"
    }, {
      "d" : "1756410272773480002",
      "t" : 1756410272773,
      "tn" : 1756410272773480002,
      "q" : "203.0",
      "p" : "0.4925",
      "s" : "sell",
      "i" : "FLIP_USDT",
      "m" : "4611686018428660827"
    }, {
      "d" : "1756410271998042688",
      "t" : 1756410271998,
      "tn" : 1756410271998042688,
      "q" : "203.5",
      "p" : "0.4912",
      "s" : "sell",
      "i" : "FLIP_USDT",
      "m" : "4611686018428660826"
    }, {
      "d" : "1756410271997716829",
      "t" : 1756410271997,
      "tn" : 1756410271997716829,
      "q" : "39.5",
      "p" : "0.4938",
      "s" : "sell",
      "i" : "FLIP_USDT",
      "m" : "4611686018428660825"
    }, {
      "d" : "1756409541457912117",
      "t" : 1756409541457,
      "tn" : 1756409541457912117,
      "q" : "39.7",
      "p" : "0.4960",
      "s" : "sell",
      "i" : "FLIP_USDT",
      "m" : "4611686018428660824"
    }, {
      "d" : "1756409520363728894",
      "t" : 1756409520363,
      "tn" : 1756409520363728894,
      "q" : "32.0",
      "p" : "0.4965",
      "s" : "sell",
      "i" : "FLIP_USDT",
      "m" : "4611686018428660823"
    }, {
      "d" : "1756409391544450828",
      "t" : 1756409391544,
      "tn" : 1756409391544450828,
      "q" : "197.4",
      "p" : "0.4971",
      "s" : "buy",
      "i" : "FLIP_USDT",
      "m" : "4611686018428660822"
    }, {
      "d" : "1756409391544448330",
      "t" : 1756409391544,
      "tn" : 1756409391544448330,
      "q" : "251.5",
      "p" : "0.4970",
      "s" : "buy",
      "i" : "FLIP_USDT",
      "m" : "4611686018428660821"
    }, {
      "d" : "1756409348212394654",
      "t" : 1756409348212,
      "tn" : 1756409348212394654,
      "q" : "39.5",
      "p" : "0.4937",
      "s" : "sell",
      "i" : "FLIP_USDT",
      "m" : "4611686018428660820"
    }, {
      "d" : "1756409133163654577",
      "t" : 1756409133163,
      "tn" : 1756409133163654577,
      "q" : "40.7",
      "p" : "0.4897",
      "s" : "sell",
      "i" : "FLIP_USDT",
      "m" : "4611686018428660819"
    }, {
      "d" : "1756408724886840002",
      "t" : 1756408724886,
      "tn" : 1756408724886840002,
      "q" : "40.6",
      "p" : "0.4852",
      "s" : "sell",
      "i" : "FLIP_USDT",
      "m" : "4611686018428660818"
    }, {
      "d" : "1756408607324093124",
      "t" : 1756408607324,
      "tn" : 1756408607324093124,
      "q" : "40.9",
      "p" : "0.4853",
      "s" : "sell",
      "i" : "FLIP_USDT",
      "m" : "4611686018428660817"
    }, {
      "d" : "1756408601727732028",
      "t" : 1756408601727,
      "tn" : 1756408601727732028,
      "q" : "194.0",
      "p" : "0.4845",
      "s" : "buy",
      "i" : "FLIP_USDT",
      "m" : "4611686018428660816"
    }, {
      "d" : "1756408601727730391",
      "t" : 1756408601727,
      "tn" : 1756408601727730391,
      "q" : "102.7",
      "p" : "0.4843",
      "s" : "buy",
      "i" : "FLIP_USDT",
      "m" : "4611686018428660815"
    }, {
      "d" : "1756408601727624747",
      "t" : 1756408601727,
      "tn" : 1756408601727624747,
      "q" : "178.3",
      "p" : "0.4843",
      "s" : "buy",
      "i" : "FLIP_USDT",
      "m" : "4611686018428660814"
    }, {
      "d" : "1756408601727623160",
      "t" : 1756408601727,
      "tn" : 1756408601727623160,
      "q" : "102.7",
      "p" : "0.4842",
      "s" : "buy",
      "i" : "FLIP_USDT",
      "m" : "4611686018428660813"
    }, {
      "d" : "1756408601727157662",
      "t" : 1756408601727,
      "tn" : 1756408601727157662,
      "q" : "153.5",
      "p" : "0.4842",
      "s" : "buy",
      "i" : "FLIP_USDT",
      "m" : "4611686018428660812"
    }, {
      "d" : "1756408514628753625",
      "t" : 1756408514628,
      "tn" : 1756408514628753625,
      "q" : "198.4",
      "p" : "0.4801",
      "s" : "sell",
      "i" : "FLIP_USDT",
      "m" : "4611686018428660811"
    }, {
      "d" : "1756408299829162642",
      "t" : 1756408299829,
      "tn" : 1756408299829162642,
      "q" : "12.3",
      "p" : "0.4877",
      "s" : "sell",
      "i" : "FLIP_USDT",
      "m" : "4611686018428660810"
    }, {
      "d" : "1756408299829160781",
      "t" : 1756408299829,
      "tn" : 1756408299829160781,
      "q" : "39.8",
      "p" : "0.4878",
      "s" : "sell",
      "i" : "FLIP_USDT",
      "m" : "4611686018428660809"
    }, {
      "d" : "1756408258429705142",
      "t" : 1756408258429,
      "tn" : 1756408258429705142,
      "q" : "21.3",
      "p" : "0.4884",
      "s" : "sell",
      "i" : "FLIP_USDT",
      "m" : "4611686018428660808"
    }, {
      "d" : "1756408253614507390",
      "t" : 1756408253614,
      "tn" : 1756408253614507390,
      "q" : "40.0",
      "p" : "0.4923",
      "s" : "sell",
      "i" : "FLIP_USDT",
      "m" : "4611686018428660807"
    }, {
      "d" : "1756408196744492237",
      "t" : 1756408196744,
      "tn" : 1756408196744492237,
      "q" : "113.3",
      "p" : "0.4936",
      "s" : "sell",
      "i" : "FLIP_USDT",
      "m" : "4611686018428660806"
    }, {
      "d" : "1756408176067421791",
      "t" : 1756408176067,
      "tn" : 1756408176067421791,
      "q" : "3.7",
      "p" : "0.4952",
      "s" : "sell",
      "i" : "FLIP_USDT",
      "m" : "4611686018428660805"
    }, {
      "d" : "1756408176065929577",
      "t" : 1756408176065,
      "tn" : 1756408176065929577,
      "q" : "36.0",
      "p" : "0.4952",
      "s" : "sell",
      "i" : "FLIP_USDT",
      "m" : "4611686018428660804"
    }, {
      "d" : "1756408115883713678",
      "t" : 1756408115883,
      "tn" : 1756408115883713678,
      "q" : "39.4",
      "p" : "0.4974",
      "s" : "sell",
      "i" : "FLIP_USDT",
      "m" : "4611686018428660803"
    }, {
      "d" : "1756408112187261001",
      "t" : 1756408112187,
      "tn" : 1756408112187261001,
      "q" : "281.0",
      "p" : "0.4962",
      "s" : "sell",
      "i" : "FLIP_USDT",
      "m" : "4611686018428660802"
    }, {
      "d" : "1756408112187259022",
      "t" : 1756408112187,
      "tn" : 1756408112187259022,
      "q" : "201.4",
      "p" : "0.4964",
      "s" : "sell",
      "i" : "FLIP_USDT",
      "m" : "4611686018428660801"
    }, {
      "d" : "1756407537186218679",
      "t" : 1756407537186,
      "tn" : 1756407537186218679,
      "q" : "40.1",
      "p" : "0.4977",
      "s" : "sell",
      "i" : "FLIP_USDT",
      "m" : "4611686018428660800"
    }, {
      "d" : "1756404715912810341",
      "t" : 1756404715912,
      "tn" : 1756404715912810341,
      "q" : "281.0",
      "p" : "0.4900",
      "s" : "buy",
      "i" : "FLIP_USDT",
      "m" : "4611686018428660799"
    }, {
      "d" : "1756404715912808245",
      "t" : 1756404715912,
      "tn" : 1756404715912808245,
      "q" : "187.1",
      "p" : "0.4899",
      "s" : "buy",
      "i" : "FLIP_USDT",
      "m" : "4611686018428660798"
    }, {
      "d" : "1756404715912549422",
      "t" : 1756404715912,
      "tn" : 1756404715912549422,
      "q" : "66.7",
      "p" : "0.4899",
      "s" : "buy",
      "i" : "FLIP_USDT",
      "m" : "4611686018428660797"
    }, {
      "d" : "1756404329618184623",
      "t" : 1756404329618,
      "tn" : 1756404329618184623,
      "q" : "29.8",
      "p" : "0.4856",
      "s" : "sell",
      "i" : "FLIP_USDT",
      "m" : "4611686018428660796"
    }, {
      "d" : "1756403562960307281",
      "t" : 1756403562960,
      "tn" : 1756403562960307281,
      "q" : "101.8",
      "p" : "0.4884",
      "s" : "buy",
      "i" : "FLIP_USDT",
      "m" : "4611686018428660795"
    }, {
      "d" : "1756403562960305595",
      "t" : 1756403562960,
      "tn" : 1756403562960305595,
      "q" : "254.4",
      "p" : "0.4877",
      "s" : "buy",
      "i" : "FLIP_USDT",
      "m" : "4611686018428660794"
    }, {
      "d" : "1756403403423529349",
      "t" : 1756403403423,
      "tn" : 1756403403423529349,
      "q" : "40.2",
      "p" : "0.4877",
      "s" : "sell",
      "i" : "FLIP_USDT",
      "m" : "4611686018428660793"
    }, {
      "d" : "1756403183614251382",
      "t" : 1756403183614,
      "tn" : 1756403183614251382,
      "q" : "39.8",
      "p" : "0.4896",
      "s" : "sell",
      "i" : "FLIP_USDT",
      "m" : "4611686018428660792"
    }, {
      "d" : "1756403169301877297",
      "t" : 1756403169301,
      "tn" : 1756403169301877297,
      "q" : "128.9",
      "p" : "0.4887",
      "s" : "sell",
      "i" : "FLIP_USDT",
      "m" : "4611686018428660791"
    }, {
      "d" : "1756403157363335505",
      "t" : 1756403157363,
      "tn" : 1756403157363335505,
      "q" : "39.6",
      "p" : "0.4915",
      "s" : "sell",
      "i" : "FLIP_USDT",
      "m" : "4611686018428660790"
    }, {
      "d" : "1756403099884693059",
      "t" : 1756403099884,
      "tn" : 1756403099884693059,
      "q" : "163.6",
      "p" : "0.4919",
      "s" : "sell",
      "i" : "FLIP_USDT",
      "m" : "4611686018428660789"
    }, {
      "d" : "1756403099802348739",
      "t" : 1756403099802,
      "tn" : 1756403099802348739,
      "q" : "40.1",
      "p" : "0.4919",
      "s" : "sell",
      "i" : "FLIP_USDT",
      "m" : "4611686018428660788"
    }, {
      "d" : "1756403077532439975",
      "t" : 1756403077532,
      "tn" : 1756403077532439975,
      "q" : "40.0",
      "p" : "0.4924",
      "s" : "sell",
      "i" : "FLIP_USDT",
      "m" : "4611686018428660787"
    }, {
      "d" : "1756402102431425932",
      "t" : 1756402102431,
      "tn" : 1756402102431425932,
      "q" : "39.7",
      "p" : "0.4963",
      "s" : "sell",
      "i" : "FLIP_USDT",
      "m" : "4611686018428660786"
    }, {
      "d" : "1756402097225318097",
      "t" : 1756402097225,
      "tn" : 1756402097225318097,
      "q" : "21.6",
      "p" : "0.4947",
      "s" : "sell",
      "i" : "FLIP_USDT",
      "m" : "4611686018428660785"
    }, {
      "d" : "1756402097225080673",
      "t" : 1756402097225,
      "tn" : 1756402097225080673,
      "q" : "259.3",
      "p" : "0.4947",
      "s" : "sell",
      "i" : "FLIP_USDT",
      "m" : "4611686018428660784"
    }, {
      "d" : "1756402097225079104",
      "t" : 1756402097225,
      "tn" : 1756402097225079104,
      "q" : "202.0",
      "p" : "0.4948",
      "s" : "sell",
      "i" : "FLIP_USDT",
      "m" : "4611686018428660783"
    }, {
      "d" : "1756401128586387788",
      "t" : 1756401128586,
      "tn" : 1756401128586387788,
      "q" : "315.3",
      "p" : "0.4964",
      "s" : "buy",
      "i" : "FLIP_USDT",
      "m" : "4611686018428660782"
    }, {
      "d" : "1756401128586171079",
      "t" : 1756401128586,
      "tn" : 1756401128586171079,
      "q" : "281.0",
      "p" : "0.4950",
      "s" : "buy",
      "i" : "FLIP_USDT",
      "m" : "4611686018428660781"
    }, {
      "d" : "1756401128586168661",
      "t" : 1756401128586,
      "tn" : 1756401128586168661,
      "q" : "252.5",
      "p" : "0.4949",
      "s" : "buy",
      "i" : "FLIP_USDT",
      "m" : "4611686018428660780"
    }, {
      "d" : "1756400980836090079",
      "t" : 1756400980836,
      "tn" : 1756400980836090079,
      "q" : "128.6",
      "p" : "0.4919",
      "s" : "sell",
      "i" : "FLIP_USDT",
      "m" : "4611686018428660779"
    }, {
      "d" : "1756400632229802406",
      "t" : 1756400632229,
      "tn" : 1756400632229802406,
      "q" : "39.6",
      "p" : "0.4930",
      "s" : "sell",
      "i" : "FLIP_USDT",
      "m" : "4611686018428660778"
    }, {
      "d" : "1756399662548274067",
      "t" : 1756399662548,
      "tn" : 1756399662548274067,
      "q" : "31.0",
      "p" : "0.4973",
      "s" : "sell",
      "i" : "FLIP_USDT",
      "m" : "4611686018428660777"
    }, {
      "d" : "1756399484747936254",
      "t" : 1756399484747,
      "tn" : 1756399484747936254,
      "q" : "104.3",
      "p" : "0.5004",
      "s" : "buy",
      "i" : "FLIP_USDT",
      "m" : "4611686018428660776"
    }, {
      "d" : "1756399477898984077",
      "t" : 1756399477898,
      "tn" : 1756399477898984077,
      "q" : "40.2",
      "p" : "0.4971",
      "s" : "buy",
      "i" : "FLIP_USDT",
      "m" : "4611686018428660775"
    }, {
      "d" : "1756399471764208972",
      "t" : 1756399471764,
      "tn" : 1756399471764208972,
      "q" : "0.1",
      "p" : "0.4934",
      "s" : "buy",
      "i" : "FLIP_USDT",
      "m" : "4611686018428660774"
    }, {
      "d" : "1756399471763935160",
      "t" : 1756399471763,
      "tn" : 1756399471763935160,
      "q" : "280.9",
      "p" : "0.4934",
      "s" : "buy",
      "i" : "FLIP_USDT",
      "m" : "4611686018428660773"
    }, {
      "d" : "1756399471763933781",
      "t" : 1756399471763,
      "tn" : 1756399471763933781,
      "q" : "10.0",
      "p" : "0.4930",
      "s" : "buy",
      "i" : "FLIP_USDT",
      "m" : "4611686018428660772"
    }, {
      "d" : "1756399471763752801",
      "t" : 1756399471763,
      "tn" : 1756399471763752801,
      "q" : "239.6",
      "p" : "0.4930",
      "s" : "buy",
      "i" : "FLIP_USDT",
      "m" : "4611686018428660771"
    }, {
      "d" : "1756399427528002655",
      "t" : 1756399427528,
      "tn" : 1756399427528002655,
      "q" : "7.8",
      "p" : "0.4909",
      "s" : "sell",
      "i" : "FLIP_USDT",
      "m" : "4611686018428660770"
    }, {
      "d" : "1756399427527526064",
      "t" : 1756399427527,
      "tn" : 1756399427527526064,
      "q" : "32.0",
      "p" : "0.4909",
      "s" : "sell",
      "i" : "FLIP_USDT",
      "m" : "4611686018428660769"
    }, {
      "d" : "1756397431097259061",
      "t" : 1756397431097,
      "tn" : 1756397431097259061,
      "q" : "39.9",
      "p" : "0.4936",
      "s" : "sell",
      "i" : "FLIP_USDT",
      "m" : "4611686018428660768"
    }, {
      "d" : "1756397413766757051",
      "t" : 1756397413766,
      "tn" : 1756397413766757051,
      "q" : "32.4",
      "p" : "0.4937",
      "s" : "sell",
      "i" : "FLIP_USDT",
      "m" : "4611686018428660767"
    }, {
      "d" : "1756397302814664163",
      "t" : 1756397302814,
      "tn" : 1756397302814664163,
      "q" : "281.0",
      "p" : "0.4945",
      "s" : "sell",
      "i" : "FLIP_USDT",
      "m" : "4611686018428660766"
    }, {
      "d" : "1756397286934902987",
      "t" : 1756397286934,
      "tn" : 1756397286934902987,
      "q" : "39.0",
      "p" : "0.5003",
      "s" : "sell",
      "i" : "FLIP_USDT",
      "m" : "4611686018428660765"
    }, {
      "d" : "1756397276320920921",
      "t" : 1756397276320,
      "tn" : 1756397276320920921,
      "q" : "2.0",
      "p" : "0.5011",
      "s" : "sell",
      "i" : "FLIP_USDT",
      "m" : "4611686018428660764"
    }, {
      "d" : "1756397276320811735",
      "t" : 1756397276320,
      "tn" : 1756397276320811735,
      "q" : "70.1",
      "p" : "0.5011",
      "s" : "sell",
      "i" : "FLIP_USDT",
      "m" : "4611686018428660763"
    }, {
      "d" : "1756397276320584071",
      "t" : 1756397276320,
      "tn" : 1756397276320584071,
      "q" : "11.9",
      "p" : "0.5011",
      "s" : "sell",
      "i" : "FLIP_USDT",
      "m" : "4611686018428660762"
    }, {
      "d" : "1756397276320582127",
      "t" : 1756397276320,
      "tn" : 1756397276320582127,
      "q" : "198.9",
      "p" : "0.5027",
      "s" : "sell",
      "i" : "FLIP_USDT",
      "m" : "4611686018428660761"
    }, {
      "d" : "1756393437373546943",
      "t" : 1756393437373,
      "tn" : 1756393437373546943,
      "q" : "38.6",
      "p" : "0.5042",
      "s" : "buy",
      "i" : "FLIP_USDT",
      "m" : "4611686018428660760"
    }, {
      "d" : "1756390815992885633",
      "t" : 1756390815992,
      "tn" : 1756390815992885633,
      "q" : "198.9",
      "p" : "0.5027",
      "s" : "sell",
      "i" : "FLIP_USDT",
      "m" : "4611686018428660759"
    }, {
      "d" : "1756390815612323615",
      "t" : 1756390815612,
      "tn" : 1756390815612323615,
      "q" : "0.8",
      "p" : "0.5046",
      "s" : "sell",
      "i" : "FLIP_USDT",
      "m" : "4611686018428660758"
    }, {
      "d" : "1756390815605458859",
      "t" : 1756390815605,
      "tn" : 1756390815605458859,
      "q" : "38.8",
      "p" : "0.5046",
      "s" : "sell",
      "i" : "FLIP_USDT",
      "m" : "4611686018428660757"
    }, {
      "d" : "1756387668264002252",
      "t" : 1756387668264,
      "tn" : 1756387668264002252,
      "q" : "38.8",
      "p" : "0.5085",
      "s" : "sell",
      "i" : "FLIP_USDT",
      "m" : "4611686018428660756"
    }, {
      "d" : "1756387643536328957",
      "t" : 1756387643536,
      "tn" : 1756387643536328957,
      "q" : "36.4",
      "p" : "0.5126",
      "s" : "sell",
      "i" : "FLIP_USDT",
      "m" : "4611686018428660755"
    }, {
      "d" : "1756387643536327401",
      "t" : 1756387643536,
      "tn" : 1756387643536327401,
      "q" : "41.6",
      "p" : "0.5127",
      "s" : "sell",
      "i" : "FLIP_USDT",
      "m" : "4611686018428660754"
    }, {
      "d" : "1756387634987061070",
      "t" : 1756387634987,
      "tn" : 1756387634987061070,
      "q" : "38.7",
      "p" : "0.5144",
      "s" : "buy",
      "i" : "FLIP_USDT",
      "m" : "4611686018428660753"
    }, {
      "d" : "1756387502018927498",
      "t" : 1756387502018,
      "tn" : 1756387502018927498,
      "q" : "39.1",
      "p" : "0.5112",
      "s" : "buy",
      "i" : "FLIP_USDT",
      "m" : "4611686018428660752"
    }, {
      "d" : "1756387472897044903",
      "t" : 1756387472897,
      "tn" : 1756387472897044903,
      "q" : "39.5",
      "p" : "0.5062",
      "s" : "buy",
      "i" : "FLIP_USDT",
      "m" : "4611686018428660751"
    }, {
      "d" : "1756385851226852649",
      "t" : 1756385851226,
      "tn" : 1756385851226852649,
      "q" : "39.4",
      "p" : "0.5061",
      "s" : "sell",
      "i" : "FLIP_USDT",
      "m" : "4611686018428660750"
    }, {
      "d" : "1756381732291951294",
      "t" : 1756381732291,
      "tn" : 1756381732291951294,
      "q" : "98.9",
      "p" : "0.5086",
      "s" : "buy",
      "i" : "FLIP_USDT",
      "m" : "4611686018428660749"
    }, {
      "d" : "1756381730690176066",
      "t" : 1756381730690,
      "tn" : 1756381730690176066,
      "q" : "196.3",
      "p" : "0.5093",
      "s" : "buy",
      "i" : "FLIP_USDT",
      "m" : "4611686018428660748"
    }, {
      "d" : "1756381730044137980",
      "t" : 1756381730044,
      "tn" : 1756381730044137980,
      "q" : "196.3",
      "p" : "0.5093",
      "s" : "buy",
      "i" : "FLIP_USDT",
      "m" : "4611686018428660747"
    }, {
      "d" : "1756381724694965124",
      "t" : 1756381724694,
      "tn" : 1756381724694965124,
      "q" : "38.4",
      "p" : "0.5092",
      "s" : "sell",
      "i" : "FLIP_USDT",
      "m" : "4611686018428660746"
    } ]
  }
}