{
  "id" : -1,
  "method" : "public/get-trades",
  "code" : 0,
  "result" : {
    "data" : [ {
      "d" : "1756461013083546046",
      "t" : 1756461013083,
      "tn" : 1756461013083546046,
      "q" : "13000",
      "p" : "0.00009378",
      "s" : "sell",
      "i" : "FLOKI_USDT",
      "m" : "4611686018429789371"
    }, {
      "d" : "1756460921887403378",
      "t" : 1756460921887,
      "tn" : 1756460921887403378,
      "q" : "13000",
      "p" : "0.00009384",
      "s" : "sell",
      "i" : "FLOKI_USDT",
      "m" : "4611686018429789370"
    }, {
      "d" : "1756460739967416880",
      "t" : 1756460739967,
      "tn" : 1756460739967416880,
      "q" : "13000",
      "p" : "0.00009345",
      "s" : "sell",
      "i" : "FLOKI_USDT",
      "m" : "4611686018429789369"
    }, {
      "d" : "1756460732764782805",
      "t" : 1756460732764,
      "tn" : 1756460732764782805,
      "q" : "13000",
      "p" : "0.00009344",
      "s" : "sell",
      "i" : "FLOKI_USDT",
      "m" : "4611686018429789368"
    }, {
      "d" : "1756460185582509758",
      "t" : 1756460185582,
      "tn" : 1756460185582509758,
      "q" : "1998000",
      "p" : "0.00009314",
      "s" : "buy",
      "i" : "FLOKI_USDT",
      "m" : "4611686018429789367"
    }, {
      "d" : "1756460167183423017",
      "t" : 1756460167183,
      "tn" : 1756460167183423017,
      "q" : "13000",
      "p" : "0.00009309",
      "s" : "sell",
      "i" : "FLOKI_USDT",
      "m" : "4611686018429789366"
    }, {
      "d" : "1756459331998525581",
      "t" : 1756459331998,
      "tn" : 1756459331998525581,
      "q" : "13000",
      "p" : "0.00009344",
      "s" : "sell",
      "i" : "FLOKI_USDT",
      "m" : "4611686018429789365"
    }, {
      "d" : "1756459309952829073",
      "t" : 1756459309952,
      "tn" : 1756459309952829073,
      "q" : "13000",
      "p" : "0.00009349",
      "s" : "sell",
      "i" : "FLOKI_USDT",
      "m" : "4611686018429789364"
    }, {
      "d" : "1756459284529044962",
      "t" : 1756459284529,
      "tn" : 1756459284529044962,
      "q" : "13000",
      "p" : "0.00009341",
      "s" : "sell",
      "i" : "FLOKI_USDT",
      "m" : "4611686018429789363"
    }, {
      "d" : "1756458468947050495",
      "t" : 1756458468947,
      "tn" : 1756458468947050495,
      "q" : "13000",
      "p" : "0.00009288",
      "s" : "sell",
      "i" : "FLOKI_USDT",
      "m" : "4611686018429789362"
    }, {
      "d" : "1756456184831081695",
      "t" : 1756456184831,
      "tn" : 1756456184831081695,
      "q" : "377000",
      "p" : "0.00009367",
      "s" : "sell",
      "i" : "FLOKI_USDT",
      "m" : "4611686018429789361"
    }, {
      "d" : "1756456184831079840",
      "t" : 1756456184831,
      "tn" : 1756456184831079840,
      "q" : "13000",
      "p" : "0.00009378",
      "s" : "sell",
      "i" : "FLOKI_USDT",
      "m" : "4611686018429789360"
    }, {
      "d" : "1756454715158313326",
      "t" : 1756454715158,
      "tn" : 1756454715158313326,
      "q" : "1435000",
      "p" : "0.00009404",
      "s" : "sell",
      "i" : "FLOKI_USDT",
      "m" : "4611686018429789359"
    }, {
      "d" : "1756454715157271813",
      "t" : 1756454715157,
      "tn" : 1756454715157271812,
      "q" : "13000",
      "p" : "0.00009417",
      "s" : "sell",
      "i" : "FLOKI_USDT",
      "m" : "4611686018429789358"
    }, {
      "d" : "1756454715157271812",
      "t" : 1756454715157,
      "tn" : 1756454715157271812,
      "q" : "107000",
      "p" : "0.00009417",
      "s" : "sell",
      "i" : "FLOKI_USDT",
      "m" : "4611686018429789358"
    }, {
      "d" : "1756452143922982129",
      "t" : 1756452143922,
      "tn" : 1756452143922982129,
      "q" : "553000",
      "p" : "0.00009485",
      "s" : "buy",
      "i" : "FLOKI_USDT",
      "m" : "4611686018429789357"
    }, {
      "d" : "1756450978033398421",
      "t" : 1756450978033,
      "tn" : 1756450978033398420,
      "q" : "2648000",
      "p" : "0.00009556",
      "s" : "sell",
      "i" : "FLOKI_USDT",
      "m" : "4611686018429789356"
    }, {
      "d" : "1756450978033398420",
      "t" : 1756450978033,
      "tn" : 1756450978033398420,
      "q" : "13000",
      "p" : "0.00009556",
      "s" : "sell",
      "i" : "FLOKI_USDT",
      "m" : "4611686018429789356"
    }, {
      "d" : "1756450967158302743",
      "t" : 1756450967158,
      "tn" : 1756450967158302743,
      "q" : "2833000",
      "p" : "0.00009573",
      "s" : "sell",
      "i" : "FLOKI_USDT",
      "m" : "4611686018429789355"
    }, {
      "d" : "1756450967158301090",
      "t" : 1756450967158,
      "tn" : 1756450967158301090,
      "q" : "13000",
      "p" : "0.00009580",
      "s" : "sell",
      "i" : "FLOKI_USDT",
      "m" : "4611686018429789354"
    }, {
      "d" : "1756450961034129535",
      "t" : 1756450961034,
      "tn" : 1756450961034129534,
      "q" : "2569000",
      "p" : "0.00009577",
      "s" : "sell",
      "i" : "FLOKI_USDT",
      "m" : "4611686018429789353"
    }, {
      "d" : "1756450961034129534",
      "t" : 1756450961034,
      "tn" : 1756450961034129534,
      "q" : "1435000",
      "p" : "0.00009577",
      "s" : "sell",
      "i" : "FLOKI_USDT",
      "m" : "4611686018429789353"
    }, {
      "d" : "1756450961034125084",
      "t" : 1756450961034,
      "tn" : 1756450961034125084,
      "q" : "13000",
      "p" : "0.00009586",
      "s" : "sell",
      "i" : "FLOKI_USDT",
      "m" : "4611686018429789352"
    }, {
      "d" : "1756450902729153123",
      "t" : 1756450902729,
      "tn" : 1756450902729153123,
      "q" : "13000",
      "p" : "0.00009614",
      "s" : "sell",
      "i" : "FLOKI_USDT",
      "m" : "4611686018429789351"
    }, {
      "d" : "1756450832719594242",
      "t" : 1756450832719,
      "tn" : 1756450832719594242,
      "q" : "13000",
      "p" : "0.00009651",
      "s" : "sell",
      "i" : "FLOKI_USDT",
      "m" : "4611686018429789350"
    }, {
      "d" : "1756450661424904853",
      "t" : 1756450661424,
      "tn" : 1756450661424904853,
      "q" : "13000",
      "p" : "0.00009657",
      "s" : "sell",
      "i" : "FLOKI_USDT",
      "m" : "4611686018429789349"
    }, {
      "d" : "1756450571469696926",
      "t" : 1756450571469,
      "tn" : 1756450571469696926,
      "q" : "13000",
      "p" : "0.00009675",
      "s" : "sell",
      "i" : "FLOKI_USDT",
      "m" : "4611686018429789348"
    }, {
      "d" : "1756450480876123439",
      "t" : 1756450480876,
      "tn" : 1756450480876123439,
      "q" : "13000",
      "p" : "0.00009678",
      "s" : "sell",
      "i" : "FLOKI_USDT",
      "m" : "4611686018429789347"
    }, {
      "d" : "1756450354459611030",
      "t" : 1756450354459,
      "tn" : 1756450354459611030,
      "q" : "13000",
      "p" : "0.00009669",
      "s" : "buy",
      "i" : "FLOKI_USDT",
      "m" : "4611686018429789346"
    }, {
      "d" : "1756450242780344435",
      "t" : 1756450242780,
      "tn" : 1756450242780344435,
      "q" : "13000",
      "p" : "0.00009666",
      "s" : "buy",
      "i" : "FLOKI_USDT",
      "m" : "4611686018429789345"
    }, {
      "d" : "1756450224079692221",
      "t" : 1756450224079,
      "tn" : 1756450224079692221,
      "q" : "13000",
      "p" : "0.00009669",
      "s" : "buy",
      "i" : "FLOKI_USDT",
      "m" : "4611686018429789344"
    }, {
      "d" : "1756450140364367142",
      "t" : 1756450140364,
      "tn" : 1756450140364367142,
      "q" : "13000",
      "p" : "0.00009669",
      "s" : "sell",
      "i" : "FLOKI_USDT",
      "m" : "4611686018429789343"
    }, {
      "d" : "1756450140316369641",
      "t" : 1756450140316,
      "tn" : 1756450140316369641,
      "q" : "13000",
      "p" : "0.00009669",
      "s" : "sell",
      "i" : "FLOKI_USDT",
      "m" : "4611686018429789342"
    }, {
      "d" : "1756450065256578682",
      "t" : 1756450065256,
      "tn" : 1756450065256578682,
      "q" : "13000",
      "p" : "0.00009667",
      "s" : "buy",
      "i" : "FLOKI_USDT",
      "m" : "4611686018429789341"
    }, {
      "d" : "1756450046734848085",
      "t" : 1756450046734,
      "tn" : 1756450046734848085,
      "q" : "13000",
      "p" : "0.00009667",
      "s" : "sell",
      "i" : "FLOKI_USDT",
      "m" : "4611686018429789340"
    }, {
      "d" : "1756450046664677741",
      "t" : 1756450046664,
      "tn" : 1756450046664677741,
      "q" : "13000",
      "p" : "0.00009667",
      "s" : "sell",
      "i" : "FLOKI_USDT",
      "m" : "4611686018429789339"
    }, {
      "d" : "1756450046593993460",
      "t" : 1756450046593,
      "tn" : 1756450046593993460,
      "q" : "13000",
      "p" : "0.00009667",
      "s" : "sell",
      "i" : "FLOKI_USDT",
      "m" : "4611686018429789338"
    }, {
      "d" : "1756450022114877354",
      "t" : 1756450022114,
      "tn" : 1756450022114877354,
      "q" : "13000",
      "p" : "0.00009663",
      "s" : "buy",
      "i" : "FLOKI_USDT",
      "m" : "4611686018429789337"
    }, {
      "d" : "1756449883952402838",
      "t" : 1756449883952,
      "tn" : 1756449883952402838,
      "q" : "13000",
      "p" : "0.00009665",
      "s" : "buy",
      "i" : "FLOKI_USDT",
      "m" : "4611686018429789336"
    }, {
      "d" : "1756449883769616106",
      "t" : 1756449883769,
      "tn" : 1756449883769616106,
      "q" : "13000",
      "p" : "0.00009666",
      "s" : "buy",
      "i" : "FLOKI_USDT",
      "m" : "4611686018429789335"
    }, {
      "d" : "1756449510158924869",
      "t" : 1756449510158,
      "tn" : 1756449510158924869,
      "q" : "13000",
      "p" : "0.00009649",
      "s" : "sell",
      "i" : "FLOKI_USDT",
      "m" : "4611686018429789334"
    }, {
      "d" : "1756449387037987647",
      "t" : 1756449387037,
      "tn" : 1756449387037987647,
      "q" : "13000",
      "p" : "0.00009641",
      "s" : "sell",
      "i" : "FLOKI_USDT",
      "m" : "4611686018429789333"
    }, {
      "d" : "1756449378392645261",
      "t" : 1756449378392,
      "tn" : 1756449378392645261,
      "q" : "13000",
      "p" : "0.00009645",
      "s" : "sell",
      "i" : "FLOKI_USDT",
      "m" : "4611686018429789332"
    }, {
      "d" : "1756449191791760583",
      "t" : 1756449191791,
      "tn" : 1756449191791760583,
      "q" : "13000",
      "p" : "0.00009646",
      "s" : "sell",
      "i" : "FLOKI_USDT",
      "m" : "4611686018429789331"
    }, {
      "d" : "1756448150717591774",
      "t" : 1756448150717,
      "tn" : 1756448150717591774,
      "q" : "13000",
      "p" : "0.00009665",
      "s" : "sell",
      "i" : "FLOKI_USDT",
      "m" : "4611686018429789330"
    }, {
      "d" : "1756444403708879970",
      "t" : 1756444403708,
      "tn" : 1756444403708879970,
      "q" : "13000",
      "p" : "0.00009748",
      "s" : "buy",
      "i" : "FLOKI_USDT",
      "m" : "4611686018429789329"
    }, {
      "d" : "1756444044143431261",
      "t" : 1756444044143,
      "tn" : 1756444044143431261,
      "q" : "13000",
      "p" : "0.00009750",
      "s" : "buy",
      "i" : "FLOKI_USDT",
      "m" : "4611686018429789328"
    }, {
      "d" : "1756443947589032142",
      "t" : 1756443947589,
      "tn" : 1756443947589032142,
      "q" : "13000",
      "p" : "0.00009730",
      "s" : "buy",
      "i" : "FLOKI_USDT",
      "m" : "4611686018429789327"
    }, {
      "d" : "1756443928161115025",
      "t" : 1756443928161,
      "tn" : 1756443928161115025,
      "q" : "13000",
      "p" : "0.00009721",
      "s" : "sell",
      "i" : "FLOKI_USDT",
      "m" : "4611686018429789326"
    }, {
      "d" : "1756443927993354672",
      "t" : 1756443927993,
      "tn" : 1756443927993354672,
      "q" : "13000",
      "p" : "0.00009721",
      "s" : "sell",
      "i" : "FLOKI_USDT",
      "m" : "4611686018429789325"
    }, {
      "d" : "1756443600261193987",
      "t" : 1756443600261,
      "tn" : 1756443600261193987,
      "q" : "13000",
      "p" : "0.00009742",
      "s" : "buy",
      "i" : "FLOKI_USDT",
      "m" : "4611686018429789324"
    }, {
      "d" : "1756443394595948702",
      "t" : 1756443394595,
      "tn" : 1756443394595948702,
      "q" : "13000",
      "p" : "0.00009744",
      "s" : "sell",
      "i" : "FLOKI_USDT",
      "m" : "4611686018429789323"
    }, {
      "d" : "1756443388643207533",
      "t" : 1756443388643,
      "tn" : 1756443388643207533,
      "q" : "13000",
      "p" : "0.00009746",
      "s" : "sell",
      "i" : "FLOKI_USDT",
      "m" : "4611686018429789322"
    }, {
      "d" : "1756443172043813302",
      "t" : 1756443172043,
      "tn" : 1756443172043813302,
      "q" : "103000",
      "p" : "0.00009783",
      "s" : "sell",
      "i" : "FLOKI_USDT",
      "m" : "4611686018429789321"
    }, {
      "d" : "1756443166517826025",
      "t" : 1756443166517,
      "tn" : 1756443166517826025,
      "q" : "1022000",
      "p" : "0.00009784",
      "s" : "sell",
      "i" : "FLOKI_USDT",
      "m" : "4611686018429789320"
    }, {
      "d" : "1756443165324994474",
      "t" : 1756443165324,
      "tn" : 1756443165324994474,
      "q" : "1022000",
      "p" : "0.00009784",
      "s" : "sell",
      "i" : "FLOKI_USDT",
      "m" : "4611686018429789319"
    }, {
      "d" : "1756442991950811347",
      "t" : 1756442991950,
      "tn" : 1756442991950811347,
      "q" : "46000",
      "p" : "0.00009794",
      "s" : "buy",
      "i" : "FLOKI_USDT",
      "m" : "4611686018429789318"
    }, {
      "d" : "1756442991950808258",
      "t" : 1756442991950,
      "tn" : 1756442991950808258,
      "q" : "2566000",
      "p" : "0.00009794",
      "s" : "buy",
      "i" : "FLOKI_USDT",
      "m" : "4611686018429789317"
    }, {
      "d" : "1756442991950806180",
      "t" : 1756442991950,
      "tn" : 1756442991950806180,
      "q" : "13000",
      "p" : "0.00009791",
      "s" : "buy",
      "i" : "FLOKI_USDT",
      "m" : "4611686018429789316"
    }, {
      "d" : "1756442943618390028",
      "t" : 1756442943618,
      "tn" : 1756442943618390028,
      "q" : "2047000",
      "p" : "0.00009791",
      "s" : "sell",
      "i" : "FLOKI_USDT",
      "m" : "4611686018429789315"
    }, {
      "d" : "1756442943618387915",
      "t" : 1756442943618,
      "tn" : 1756442943618387915,
      "q" : "1021000",
      "p" : "0.00009792",
      "s" : "sell",
      "i" : "FLOKI_USDT",
      "m" : "4611686018429789314"
    }, {
      "d" : "1756442940513929603",
      "t" : 1756442940513,
      "tn" : 1756442940513929603,
      "q" : "5706000",
      "p" : "0.00009791",
      "s" : "sell",
      "i" : "FLOKI_USDT",
      "m" : "4611686018429789313"
    }, {
      "d" : "1756442905087991021",
      "t" : 1756442905087,
      "tn" : 1756442905087991021,
      "q" : "2512000",
      "p" : "0.00009797",
      "s" : "sell",
      "i" : "FLOKI_USDT",
      "m" : "4611686018429789312"
    }, {
      "d" : "1756442905087988858",
      "t" : 1756442905087,
      "tn" : 1756442905087988858,
      "q" : "2162000",
      "p" : "0.00009798",
      "s" : "sell",
      "i" : "FLOKI_USDT",
      "m" : "4611686018429789311"
    }, {
      "d" : "1756442905087280064",
      "t" : 1756442905087,
      "tn" : 1756442905087280064,
      "q" : "16124000",
      "p" : "0.00009798",
      "s" : "sell",
      "i" : "FLOKI_USDT",
      "m" : "4611686018429789310"
    }, {
      "d" : "1756442905067441754",
      "t" : 1756442905067,
      "tn" : 1756442905067441754,
      "q" : "13000",
      "p" : "0.00009797",
      "s" : "buy",
      "i" : "FLOKI_USDT",
      "m" : "4611686018429789309"
    }, {
      "d" : "1756442890917301399",
      "t" : 1756442890917,
      "tn" : 1756442890917301399,
      "q" : "13000",
      "p" : "0.00009792",
      "s" : "buy",
      "i" : "FLOKI_USDT",
      "m" : "4611686018429789308"
    }, {
      "d" : "1756442884455749598",
      "t" : 1756442884455,
      "tn" : 1756442884455749598,
      "q" : "13000",
      "p" : "0.00009792",
      "s" : "buy",
      "i" : "FLOKI_USDT",
      "m" : "4611686018429789307"
    }, {
      "d" : "1756442858467309151",
      "t" : 1756442858467,
      "tn" : 1756442858467309151,
      "q" : "2557000",
      "p" : "0.00009792",
      "s" : "buy",
      "i" : "FLOKI_USDT",
      "m" : "4611686018429789306"
    }, {
      "d" : "1756442858467306236",
      "t" : 1756442858467,
      "tn" : 1756442858467306236,
      "q" : "13000",
      "p" : "0.00009789",
      "s" : "buy",
      "i" : "FLOKI_USDT",
      "m" : "4611686018429789305"
    }, {
      "d" : "1756442448484267736",
      "t" : 1756442448484,
      "tn" : 1756442448484267736,
      "q" : "13000",
      "p" : "0.00009802",
      "s" : "buy",
      "i" : "FLOKI_USDT",
      "m" : "4611686018429789304"
    }, {
      "d" : "1756442297695891638",
      "t" : 1756442297695,
      "tn" : 1756442297695891638,
      "q" : "13000",
      "p" : "0.00009794",
      "s" : "buy",
      "i" : "FLOKI_USDT",
      "m" : "4611686018429789303"
    }, {
      "d" : "1756442002658540956",
      "t" : 1756442002658,
      "tn" : 1756442002658540956,
      "q" : "13000",
      "p" : "0.00009818",
      "s" : "buy",
      "i" : "FLOKI_USDT",
      "m" : "4611686018429789302"
    }, {
      "d" : "1756441995766028221",
      "t" : 1756441995766,
      "tn" : 1756441995766028221,
      "q" : "13000",
      "p" : "0.00009814",
      "s" : "buy",
      "i" : "FLOKI_USDT",
      "m" : "4611686018429789301"
    }, {
      "d" : "1756441014699221097",
      "t" : 1756441014699,
      "tn" : 1756441014699221097,
      "q" : "13000",
      "p" : "0.00009795",
      "s" : "buy",
      "i" : "FLOKI_USDT",
      "m" : "4611686018429789300"
    }, {
      "d" : "1756440981926902684",
      "t" : 1756440981926,
      "tn" : 1756440981926902684,
      "q" : "13000",
      "p" : "0.00009790",
      "s" : "buy",
      "i" : "FLOKI_USDT",
      "m" : "4611686018429789299"
    }, {
      "d" : "1756439557191746292",
      "t" : 1756439557191,
      "tn" : 1756439557191746292,
      "q" : "13000",
      "p" : "0.00009820",
      "s" : "buy",
      "i" : "FLOKI_USDT",
      "m" : "4611686018429789298"
    }, {
      "d" : "1756439427779454279",
      "t" : 1756439427779,
      "tn" : 1756439427779454279,
      "q" : "13000",
      "p" : "0.00009806",
      "s" : "buy",
      "i" : "FLOKI_USDT",
      "m" : "4611686018429789297"
    }, {
      "d" : "1756439182046041912",
      "t" : 1756439182046,
      "tn" : 1756439182046041912,
      "q" : "13000",
      "p" : "0.00009789",
      "s" : "buy",
      "i" : "FLOKI_USDT",
      "m" : "4611686018429789296"
    }, {
      "d" : "1756438673546898734",
      "t" : 1756438673546,
      "tn" : 1756438673546898734,
      "q" : "13000",
      "p" : "0.00009803",
      "s" : "buy",
      "i" : "FLOKI_USDT",
      "m" : "4611686018429789295"
    }, {
      "d" : "1756436339898235540",
      "t" : 1756436339898,
      "tn" : 1756436339898235540,
      "q" : "13000",
      "p" : "0.00009793",
      "s" : "buy",
      "i" : "FLOKI_USDT",
      "m" : "4611686018429789294"
    }, {
      "d" : "1756434058779208972",
      "t" : 1756434058779,
      "tn" : 1756434058779208972,
      "q" : "13000",
      "p" : "0.00009781",
      "s" : "buy",
      "i" : "FLOKI_USDT",
      "m" : "4611686018429789293"
    }, {
      "d" : "1756433606050542116",
      "t" : 1756433606050,
      "tn" : 1756433606050542116,
      "q" : "2154000",
      "p" : "0.00009762",
      "s" : "buy",
      "i" : "FLOKI_USDT",
      "m" : "4611686018429789292"
    }, {
      "d" : "1756431107690226696",
      "t" : 1756431107690,
      "tn" : 1756431107690226696,
      "q" : "13000",
      "p" : "0.00009752",
      "s" : "buy",
      "i" : "FLOKI_USDT",
      "m" : "4611686018429789291"
    }, {
      "d" : "1756430760531868168",
      "t" : 1756430760531,
      "tn" : 1756430760531868167,
      "q" : "268000",
      "p" : "0.00009738",
      "s" : "buy",
      "i" : "FLOKI_USDT",
      "m" : "4611686018429789290"
    }, {
      "d" : "1756430760531868167",
      "t" : 1756430760531,
      "tn" : 1756430760531868167,
      "q" : "13000",
      "p" : "0.00009738",
      "s" : "buy",
      "i" : "FLOKI_USDT",
      "m" : "4611686018429789290"
    }, {
      "d" : "1756430560263425819",
      "t" : 1756430560263,
      "tn" : 1756430560263425819,
      "q" : "12000",
      "p" : "0.00009729",
      "s" : "sell",
      "i" : "FLOKI_USDT",
      "m" : "4611686018429789289"
    }, {
      "d" : "1756430457046884786",
      "t" : 1756430457046,
      "tn" : 1756430457046884786,
      "q" : "13000",
      "p" : "0.00009727",
      "s" : "sell",
      "i" : "FLOKI_USDT",
      "m" : "4611686018429789288"
    }, {
      "d" : "1756429331036046381",
      "t" : 1756429331036,
      "tn" : 1756429331036046381,
      "q" : "13000",
      "p" : "0.00009848",
      "s" : "buy",
      "i" : "FLOKI_USDT",
      "m" : "4611686018429789287"
    }, {
      "d" : "1756429024694647152",
      "t" : 1756429024694,
      "tn" : 1756429024694647152,
      "q" : "13000",
      "p" : "0.00009844",
      "s" : "buy",
      "i" : "FLOKI_USDT",
      "m" : "4611686018429789286"
    }, {
      "d" : "1756428727756134147",
      "t" : 1756428727756,
      "tn" : 1756428727756134147,
      "q" : "13000",
      "p" : "0.00009837",
      "s" : "buy",
      "i" : "FLOKI_USDT",
      "m" : "4611686018429789285"
    }, {
      "d" : "1756428121716310625",
      "t" : 1756428121716,
      "tn" : 1756428121716310625,
      "q" : "262000",
      "p" : "0.00009855",
      "s" : "buy",
      "i" : "FLOKI_USDT",
      "m" : "4611686018429789284"
    }, {
      "d" : "1756428121716308888",
      "t" : 1756428121716,
      "tn" : 1756428121716308888,
      "q" : "13000",
      "p" : "0.00009853",
      "s" : "buy",
      "i" : "FLOKI_USDT",
      "m" : "4611686018429789283"
    }, {
      "d" : "1756427973582606807",
      "t" : 1756427973582,
      "tn" : 1756427973582606807,
      "q" : "13000",
      "p" : "0.00009865",
      "s" : "sell",
      "i" : "FLOKI_USDT",
      "m" : "4611686018429789282"
    }, {
      "d" : "1756427963664419568",
      "t" : 1756427963664,
      "tn" : 1756427963664419568,
      "q" : "13000",
      "p" : "0.00009866",
      "s" : "buy",
      "i" : "FLOKI_USDT",
      "m" : "4611686018429789281"
    }, {
      "d" : "1756427569038171881",
      "t" : 1756427569038,
      "tn" : 1756427569038171881,
      "q" : "13000",
      "p" : "0.00009875",
      "s" : "buy",
      "i" : "FLOKI_USDT",
      "m" : "4611686018429789280"
    }, {
      "d" : "1756427337570583979",
      "t" : 1756427337570,
      "tn" : 1756427337570583979,
      "q" : "13000",
      "p" : "0.00009924",
      "s" : "buy",
      "i" : "FLOKI_USDT",
      "m" : "4611686018429789279"
    }, {
      "d" : "1756427337398367959",
      "t" : 1756427337398,
      "tn" : 1756427337398367959,
      "q" : "13000",
      "p" : "0.00009922",
      "s" : "buy",
      "i" : "FLOKI_USDT",
      "m" : "4611686018429789278"
    }, {
      "d" : "1756427334589219808",
      "t" : 1756427334589,
      "tn" : 1756427334589219808,
      "q" : "13000",
      "p" : "0.00009918",
      "s" : "buy",
      "i" : "FLOKI_USDT",
      "m" : "4611686018429789277"
    }, {
      "d" : "1756426738816818758",
      "t" : 1756426738816,
      "tn" : 1756426738816818758,
      "q" : "13000",
      "p" : "0.00009878",
      "s" : "buy",
      "i" : "FLOKI_USDT",
      "m" : "4611686018429789276"
    }, {
      "d" : "1756426104398689890",
      "t" : 1756426104398,
      "tn" : 1756426104398689890,
      "q" : "26000",
      "p" : "0.00009890",
      "s" : "buy",
      "i" : "FLOKI_USDT",
      "m" : "4611686018429789275"
    }, {
      "d" : "1756426104398688203",
      "t" : 1756426104398,
      "tn" : 1756426104398688203,
      "q" : "13000",
      "p" : "0.00009888",
      "s" : "buy",
      "i" : "FLOKI_USDT",
      "m" : "4611686018429789274"
    }, {
      "d" : "1756424876259887388",
      "t" : 1756424876259,
      "tn" : 1756424876259887388,
      "q" : "13000",
      "p" : "0.00009913",
      "s" : "buy",
      "i" : "FLOKI_USDT",
      "m" : "4611686018429789273"
    }, {
      "d" : "1756424362884074151",
      "t" : 1756424362884,
      "tn" : 1756424362884074151,
      "q" : "13000",
      "p" : "0.00009924",
      "s" : "buy",
      "i" : "FLOKI_USDT",
      "m" : "4611686018429789272"
    }, {
      "d" : "1756424012722313115",
      "t" : 1756424012722,
      "tn" : 1756424012722313115,
      "q" : "13000",
      "p" : "0.00009891",
      "s" : "buy",
      "i" : "FLOKI_USDT",
      "m" : "4611686018429789271"
    }, {
      "d" : "1756423323056627423",
      "t" : 1756423323056,
      "tn" : 1756423323056627423,
      "q" : "13000",
      "p" : "0.00009888",
      "s" : "buy",
      "i" : "FLOKI_USDT",
      "m" : "4611686018429789270"
    }, {
      "d" : "1756422754621135744",
      "t" : 1756422754621,
      "tn" : 1756422754621135744,
      "q" : "1822000",
      "p" : "0.00009880",
      "s" : "sell",
      "i" : "FLOKI_USDT",
      "m" : "4611686018429789269"
    }, {
      "d" : "1756422754621134205",
      "t" : 1756422754621,
      "tn" : 1756422754621134205,
      "q" : "3580000",
      "p" : "0.00009885",
      "s" : "sell",
      "i" : "FLOKI_USDT",
      "m" : "4611686018429789268"
    }, {
      "d" : "1756422754621131646",
      "t" : 1756422754621,
      "tn" : 1756422754621131646,
      "q" : "3580000",
      "p" : "0.00009890",
      "s" : "sell",
      "i" : "FLOKI_USDT",
      "m" : "4611686018429789267"
    }, {
      "d" : "1756422754621128933",
      "t" : 1756422754621,
      "tn" : 1756422754621128932,
      "q" : "2481000",
      "p" : "0.00009894",
      "s" : "sell",
      "i" : "FLOKI_USDT",
      "m" : "4611686018429789266"
    }, {
      "d" : "1756422754621128932",
      "t" : 1756422754621,
      "tn" : 1756422754621128932,
      "q" : "1435000",
      "p" : "0.00009894",
      "s" : "sell",
      "i" : "FLOKI_USDT",
      "m" : "4611686018429789266"
    }, {
      "d" : "1756422754620656490",
      "t" : 1756422754620,
      "tn" : 1756422754620656490,
      "q" : "13000",
      "p" : "0.00009905",
      "s" : "sell",
      "i" : "FLOKI_USDT",
      "m" : "4611686018429789265"
    }, {
      "d" : "1756422721424699645",
      "t" : 1756422721424,
      "tn" : 1756422721424699645,
      "q" : "13000",
      "p" : "0.00009919",
      "s" : "buy",
      "i" : "FLOKI_USDT",
      "m" : "4611686018429789264"
    }, {
      "d" : "1756422626593323162",
      "t" : 1756422626593,
      "tn" : 1756422626593323162,
      "q" : "13000",
      "p" : "0.00009932",
      "s" : "sell",
      "i" : "FLOKI_USDT",
      "m" : "4611686018429789263"
    }, {
      "d" : "1756421374634297123",
      "t" : 1756421374634,
      "tn" : 1756421374634297123,
      "q" : "3366000",
      "p" : "0.00009902",
      "s" : "sell",
      "i" : "FLOKI_USDT",
      "m" : "4611686018429789262"
    }, {
      "d" : "1756421374630215688",
      "t" : 1756421374630,
      "tn" : 1756421374630215688,
      "q" : "700000",
      "p" : "0.00009902",
      "s" : "sell",
      "i" : "FLOKI_USDT",
      "m" : "4611686018429789261"
    }, {
      "d" : "1756421374626526179",
      "t" : 1756421374626,
      "tn" : 1756421374626526179,
      "q" : "6815000",
      "p" : "0.00009902",
      "s" : "sell",
      "i" : "FLOKI_USDT",
      "m" : "4611686018429789260"
    }, {
      "d" : "1756420132021508751",
      "t" : 1756420132021,
      "tn" : 1756420132021508751,
      "q" : "13000",
      "p" : "0.00009892",
      "s" : "buy",
      "i" : "FLOKI_USDT",
      "m" : "4611686018429789259"
    }, {
      "d" : "1756419576125316546",
      "t" : 1756419576125,
      "tn" : 1756419576125316546,
      "q" : "13000",
      "p" : "0.00009861",
      "s" : "sell",
      "i" : "FLOKI_USDT",
      "m" : "4611686018429789258"
    }, {
      "d" : "1756419576054572158",
      "t" : 1756419576054,
      "tn" : 1756419576054572158,
      "q" : "13000",
      "p" : "0.00009861",
      "s" : "sell",
      "i" : "FLOKI_USDT",
      "m" : "4611686018429789257"
    }, {
      "d" : "1756419576006327065",
      "t" : 1756419576006,
      "tn" : 1756419576006327065,
      "q" : "13000",
      "p" : "0.00009863",
      "s" : "sell",
      "i" : "FLOKI_USDT",
      "m" : "4611686018429789256"
    }, {
      "d" : "1756419575929387995",
      "t" : 1756419575929,
      "tn" : 1756419575929387995,
      "q" : "13000",
      "p" : "0.00009863",
      "s" : "sell",
      "i" : "FLOKI_USDT",
      "m" : "4611686018429789255"
    }, {
      "d" : "1756419380566833919",
      "t" : 1756419380566,
      "tn" : 1756419380566833919,
      "q" : "13000",
      "p" : "0.00009851",
      "s" : "buy",
      "i" : "FLOKI_USDT",
      "m" : "4611686018429789254"
    }, {
      "d" : "1756419004111809100",
      "t" : 1756419004111,
      "tn" : 1756419004111809100,
      "q" : "13000",
      "p" : "0.00009837",
      "s" : "buy",
      "i" : "FLOKI_USDT",
      "m" : "4611686018429789253"
    }, {
      "d" : "1756418843983570324",
      "t" : 1756418843983,
      "tn" : 1756418843983570324,
      "q" : "13000",
      "p" : "0.00009834",
      "s" : "buy",
      "i" : "FLOKI_USDT",
      "m" : "4611686018429789252"
    }, {
      "d" : "1756418843768211986",
      "t" : 1756418843768,
      "tn" : 1756418843768211986,
      "q" : "13000",
      "p" : "0.00009833",
      "s" : "buy",
      "i" : "FLOKI_USDT",
      "m" : "4611686018429789251"
    }, {
      "d" : "1756418780473572688",
      "t" : 1756418780473,
      "tn" : 1756418780473572688,
      "q" : "13000",
      "p" : "0.00009824",
      "s" : "buy",
      "i" : "FLOKI_USDT",
      "m" : "4611686018429789250"
    }, {
      "d" : "1756418765546370539",
      "t" : 1756418765546,
      "tn" : 1756418765546370539,
      "q" : "13000",
      "p" : "0.00009823",
      "s" : "buy",
      "i" : "FLOKI_USDT",
      "m" : "4611686018429789249"
    }, {
      "d" : "1756418495729122502",
      "t" : 1756418495729,
      "tn" : 1756418495729122502,
      "q" : "13000",
      "p" : "0.00009796",
      "s" : "sell",
      "i" : "FLOKI_USDT",
      "m" : "4611686018429789248"
    }, {
      "d" : "1756418161582853550",
      "t" : 1756418161582,
      "tn" : 1756418161582853550,
      "q" : "13000",
      "p" : "0.00009793",
      "s" : "buy",
      "i" : "FLOKI_USDT",
      "m" : "4611686018429789247"
    }, {
      "d" : "1756418099710719936",
      "t" : 1756418099710,
      "tn" : 1756418099710719936,
      "q" : "13000",
      "p" : "0.00009790",
      "s" : "buy",
      "i" : "FLOKI_USDT",
      "m" : "4611686018429789246"
    }, {
      "d" : "1756417629816012323",
      "t" : 1756417629816,
      "tn" : 1756417629816012323,
      "q" : "13000",
      "p" : "0.00009768",
      "s" : "buy",
      "i" : "FLOKI_USDT",
      "m" : "4611686018429789245"
    }, {
      "d" : "1756414336745831356",
      "t" : 1756414336745,
      "tn" : 1756414336745831356,
      "q" : "13000",
      "p" : "0.00009710",
      "s" : "sell",
      "i" : "FLOKI_USDT",
      "m" : "4611686018429789244"
    }, {
      "d" : "1756414058786583040",
      "t" : 1756414058786,
      "tn" : 1756414058786583040,
      "q" : "13000",
      "p" : "0.00009705",
      "s" : "sell",
      "i" : "FLOKI_USDT",
      "m" : "4611686018429789243"
    }, {
      "d" : "1756413231101439511",
      "t" : 1756413231101,
      "tn" : 1756413231101439511,
      "q" : "13000",
      "p" : "0.00009685",
      "s" : "sell",
      "i" : "FLOKI_USDT",
      "m" : "4611686018429789242"
    }, {
      "d" : "1756413231031179577",
      "t" : 1756413231031,
      "tn" : 1756413231031179577,
      "q" : "13000",
      "p" : "0.00009684",
      "s" : "sell",
      "i" : "FLOKI_USDT",
      "m" : "4611686018429789241"
    }, {
      "d" : "1756413064987047927",
      "t" : 1756413064987,
      "tn" : 1756413064987047927,
      "q" : "13000",
      "p" : "0.00009711",
      "s" : "sell",
      "i" : "FLOKI_USDT",
      "m" : "4611686018429789240"
    }, {
      "d" : "1756413038583305413",
      "t" : 1756413038583,
      "tn" : 1756413038583305413,
      "q" : "13000",
      "p" : "0.00009711",
      "s" : "sell",
      "i" : "FLOKI_USDT",
      "m" : "4611686018429789239"
    }, {
      "d" : "1756410966870943484",
      "t" : 1756410966870,
      "tn" : 1756410966870943484,
      "q" : "13000",
      "p" : "0.00009639",
      "s" : "sell",
      "i" : "FLOKI_USDT",
      "m" : "4611686018429789238"
    }, {
      "d" : "1756410607901544226",
      "t" : 1756410607901,
      "tn" : 1756410607901544226,
      "q" : "13000",
      "p" : "0.00009657",
      "s" : "sell",
      "i" : "FLOKI_USDT",
      "m" : "4611686018429789237"
    }, {
      "d" : "1756410486367816265",
      "t" : 1756410486367,
      "tn" : 1756410486367816265,
      "q" : "13000",
      "p" : "0.00009665",
      "s" : "sell",
      "i" : "FLOKI_USDT",
      "m" : "4611686018429789236"
    }, {
      "d" : "1756409623002708808",
      "t" : 1756409623002,
      "tn" : 1756409623002708808,
      "q" : "13000",
      "p" : "0.00009725",
      "s" : "sell",
      "i" : "FLOKI_USDT",
      "m" : "4611686018429789235"
    }, {
      "d" : "1756408251039746225",
      "t" : 1756408251039,
      "tn" : 1756408251039746225,
      "q" : "13000",
      "p" : "0.00009808",
      "s" : "sell",
      "i" : "FLOKI_USDT",
      "m" : "4611686018429789234"
    }, {
      "d" : "1756408177146997345",
      "t" : 1756408177146,
      "tn" : 1756408177146997345,
      "q" : "13000",
      "p" : "0.00009800",
      "s" : "sell",
      "i" : "FLOKI_USDT",
      "m" : "4611686018429789233"
    }, {
      "d" : "1756407785463237111",
      "t" : 1756407785463,
      "tn" : 1756407785463237111,
      "q" : "103000",
      "p" : "0.00009790",
      "s" : "buy",
      "i" : "FLOKI_USDT",
      "m" : "4611686018429789232"
    }, {
      "d" : "1756404423869302009",
      "t" : 1756404423869,
      "tn" : 1756404423869302009,
      "q" : "13000",
      "p" : "0.00009707",
      "s" : "sell",
      "i" : "FLOKI_USDT",
      "m" : "4611686018429789231"
    }, {
      "d" : "1756403798975703475",
      "t" : 1756403798975,
      "tn" : 1756403798975703475,
      "q" : "13000",
      "p" : "0.00009719",
      "s" : "sell",
      "i" : "FLOKI_USDT",
      "m" : "4611686018429789230"
    }, {
      "d" : "1756401422845363599",
      "t" : 1756401422845,
      "tn" : 1756401422845363599,
      "q" : "13000",
      "p" : "0.00009679",
      "s" : "sell",
      "i" : "FLOKI_USDT",
      "m" : "4611686018429789229"
    }, {
      "d" : "1756400761615641706",
      "t" : 1756400761615,
      "tn" : 1756400761615641706,
      "q" : "13000",
      "p" : "0.00009663",
      "s" : "sell",
      "i" : "FLOKI_USDT",
      "m" : "4611686018429789228"
    }, {
      "d" : "1756400378152429840",
      "t" : 1756400378152,
      "tn" : 1756400378152429840,
      "q" : "13000",
      "p" : "0.00009622",
      "s" : "sell",
      "i" : "FLOKI_USDT",
      "m" : "4611686018429789227"
    } ]
  }
}