{
  "id" : -1,
  "method" : "public/get-trades",
  "code" : 0,
  "result" : {
    "data" : [ {
      "d" : "1756461012848915226",
      "t" : 1756461012848,
      "tn" : 1756461012848915226,
      "q" : "2130000",
      "p" : "0.00009374",
      "s" : "sell",
      "i" : "FLOKIUSD-PERP",
      "m" : "4611686018430300283"
    }, {
      "d" : "1756461012848789779",
      "t" : 1756461012848,
      "tn" : 1756461012848789779,
      "q" : "3960000",
      "p" : "0.00009375",
      "s" : "sell",
      "i" : "FLOKIUSD-PERP",
      "m" : "4611686018430300282"
    }, {
      "d" : "1756461012848234077",
      "t" : 1756461012848,
      "tn" : 1756461012848234077,
      "q" : "4400000",
      "p" : "0.00009375",
      "s" : "sell",
      "i" : "FLOKIUSD-PERP",
      "m" : "4611686018430300281"
    }, {
      "d" : "1756461012848163561",
      "t" : 1756461012848,
      "tn" : 1756461012848163561,
      "q" : "110000",
      "p" : "0.00009375",
      "s" : "sell",
      "i" : "FLOKIUSD-PERP",
      "m" : "4611686018430300280"
    }, {
      "d" : "1756461012848161404",
      "t" : 1756461012848,
      "tn" : 1756461012848161404,
      "q" : "870000",
      "p" : "0.00009375",
      "s" : "sell",
      "i" : "FLOKIUSD-PERP",
      "m" : "4611686018430300279"
    }, {
      "d" : "1756461012848159215",
      "t" : 1756461012848,
      "tn" : 1756461012848159215,
      "q" : "10000",
      "p" : "0.00009376",
      "s" : "sell",
      "i" : "FLOKIUSD-PERP",
      "m" : "4611686018430300278"
    }, {
      "d" : "1756461012848156963",
      "t" : 1756461012848,
      "tn" : 1756461012848156963,
      "q" : "10000",
      "p" : "0.00009379",
      "s" : "sell",
      "i" : "FLOKIUSD-PERP",
      "m" : "4611686018430300277"
    }, {
      "d" : "1756460951433887907",
      "t" : 1756460951433,
      "tn" : 1756460951433887907,
      "q" : "2130000",
      "p" : "0.00009382",
      "s" : "buy",
      "i" : "FLOKIUSD-PERP",
      "m" : "4611686018430300276"
    }, {
      "d" : "1756460777753011343",
      "t" : 1756460777753,
      "tn" : 1756460777753011343,
      "q" : "500000",
      "p" : "0.00009359",
      "s" : "buy",
      "i" : "FLOKIUSD-PERP",
      "m" : "4611686018430300275"
    }, {
      "d" : "1756460777752370838",
      "t" : 1756460777752,
      "tn" : 1756460777752370838,
      "q" : "500000",
      "p" : "0.00009358",
      "s" : "buy",
      "i" : "FLOKIUSD-PERP",
      "m" : "4611686018430300274"
    }, {
      "d" : "1756460777744149538",
      "t" : 1756460777744,
      "tn" : 1756460777744149538,
      "q" : "500000",
      "p" : "0.00009357",
      "s" : "buy",
      "i" : "FLOKIUSD-PERP",
      "m" : "4611686018430300273"
    }, {
      "d" : "1756460777742553448",
      "t" : 1756460777742,
      "tn" : 1756460777742553448,
      "q" : "500000",
      "p" : "0.00009356",
      "s" : "buy",
      "i" : "FLOKIUSD-PERP",
      "m" : "4611686018430300272"
    }, {
      "d" : "1756460777742551382",
      "t" : 1756460777742,
      "tn" : 1756460777742551382,
      "q" : "10000",
      "p" : "0.00009354",
      "s" : "buy",
      "i" : "FLOKIUSD-PERP",
      "m" : "4611686018430300271"
    }, {
      "d" : "1756460777742549915",
      "t" : 1756460777742,
      "tn" : 1756460777742549915,
      "q" : "10000",
      "p" : "0.00009353",
      "s" : "buy",
      "i" : "FLOKIUSD-PERP",
      "m" : "4611686018430300270"
    }, {
      "d" : "1756460703443642149",
      "t" : 1756460703443,
      "tn" : 1756460703443642149,
      "q" : "10000",
      "p" : "0.00009338",
      "s" : "sell",
      "i" : "FLOKIUSD-PERP",
      "m" : "4611686018430300269"
    }, {
      "d" : "1756460525433748651",
      "t" : 1756460525433,
      "tn" : 1756460525433748651,
      "q" : "10000",
      "p" : "0.00009333",
      "s" : "buy",
      "i" : "FLOKIUSD-PERP",
      "m" : "4611686018430300268"
    }, {
      "d" : "1756460525428194625",
      "t" : 1756460525428,
      "tn" : 1756460525428194625,
      "q" : "10000",
      "p" : "0.00009332",
      "s" : "buy",
      "i" : "FLOKIUSD-PERP",
      "m" : "4611686018430300267"
    }, {
      "d" : "1756460502296476643",
      "t" : 1756460502296,
      "tn" : 1756460502296476643,
      "q" : "10000",
      "p" : "0.00009334",
      "s" : "sell",
      "i" : "FLOKIUSD-PERP",
      "m" : "4611686018430300266"
    }, {
      "d" : "1756460502295943058",
      "t" : 1756460502295,
      "tn" : 1756460502295943058,
      "q" : "2130000",
      "p" : "0.00009334",
      "s" : "sell",
      "i" : "FLOKIUSD-PERP",
      "m" : "4611686018430300265"
    }, {
      "d" : "1756460502295940832",
      "t" : 1756460502295,
      "tn" : 1756460502295940832,
      "q" : "10000",
      "p" : "0.00009335",
      "s" : "sell",
      "i" : "FLOKIUSD-PERP",
      "m" : "4611686018430300264"
    }, {
      "d" : "1756460411111765242",
      "t" : 1756460411111,
      "tn" : 1756460411111765241,
      "q" : "10000",
      "p" : "0.00009329",
      "s" : "buy",
      "i" : "FLOKIUSD-PERP",
      "m" : "4611686018430300263"
    }, {
      "d" : "1756460411111765241",
      "t" : 1756460411111,
      "tn" : 1756460411111765241,
      "q" : "500000",
      "p" : "0.00009329",
      "s" : "buy",
      "i" : "FLOKIUSD-PERP",
      "m" : "4611686018430300263"
    }, {
      "d" : "1756460206931155819",
      "t" : 1756460206931,
      "tn" : 1756460206931155819,
      "q" : "2130000",
      "p" : "0.00009308",
      "s" : "sell",
      "i" : "FLOKIUSD-PERP",
      "m" : "4611686018430300262"
    }, {
      "d" : "1756460206931155416",
      "t" : 1756460206931,
      "tn" : 1756460206931155416,
      "q" : "10000",
      "p" : "0.00009309",
      "s" : "sell",
      "i" : "FLOKIUSD-PERP",
      "m" : "4611686018430300261"
    }, {
      "d" : "1756460185398013756",
      "t" : 1756460185398,
      "tn" : 1756460185398013755,
      "q" : "10000",
      "p" : "0.00009313",
      "s" : "buy",
      "i" : "FLOKIUSD-PERP",
      "m" : "4611686018430300260"
    }, {
      "d" : "1756460185398013755",
      "t" : 1756460185398,
      "tn" : 1756460185398013755,
      "q" : "2220000",
      "p" : "0.00009313",
      "s" : "buy",
      "i" : "FLOKIUSD-PERP",
      "m" : "4611686018430300260"
    }, {
      "d" : "1756460185393536720",
      "t" : 1756460185393,
      "tn" : 1756460185393536720,
      "q" : "650000",
      "p" : "0.00009313",
      "s" : "buy",
      "i" : "FLOKIUSD-PERP",
      "m" : "4611686018430300259"
    }, {
      "d" : "1756460185392889180",
      "t" : 1756460185392,
      "tn" : 1756460185392889180,
      "q" : "2160000",
      "p" : "0.00009313",
      "s" : "buy",
      "i" : "FLOKIUSD-PERP",
      "m" : "4611686018430300258"
    }, {
      "d" : "1756460185392807364",
      "t" : 1756460185392,
      "tn" : 1756460185392807364,
      "q" : "4390000",
      "p" : "0.00009313",
      "s" : "buy",
      "i" : "FLOKIUSD-PERP",
      "m" : "4611686018430300257"
    }, {
      "d" : "1756460185390880183",
      "t" : 1756460185390,
      "tn" : 1756460185390880183,
      "q" : "10000",
      "p" : "0.00009312",
      "s" : "buy",
      "i" : "FLOKIUSD-PERP",
      "m" : "4611686018430300256"
    }, {
      "d" : "1756460182406194777",
      "t" : 1756460182406,
      "tn" : 1756460182406194777,
      "q" : "10000",
      "p" : "0.00009308",
      "s" : "buy",
      "i" : "FLOKIUSD-PERP",
      "m" : "4611686018430300255"
    }, {
      "d" : "1756459879898495749",
      "t" : 1756459879898,
      "tn" : 1756459879898495748,
      "q" : "10000",
      "p" : "0.00009332",
      "s" : "buy",
      "i" : "FLOKIUSD-PERP",
      "m" : "4611686018430300254"
    }, {
      "d" : "1756459879898495748",
      "t" : 1756459879898,
      "tn" : 1756459879898495748,
      "q" : "2180000",
      "p" : "0.00009332",
      "s" : "buy",
      "i" : "FLOKIUSD-PERP",
      "m" : "4611686018430300254"
    }, {
      "d" : "1756459853975123453",
      "t" : 1756459853975,
      "tn" : 1756459853975123453,
      "q" : "10000",
      "p" : "0.00009345",
      "s" : "buy",
      "i" : "FLOKIUSD-PERP",
      "m" : "4611686018430300253"
    }, {
      "d" : "1756459604745154716",
      "t" : 1756459604745,
      "tn" : 1756459604745154714,
      "q" : "10000",
      "p" : "0.00009330",
      "s" : "sell",
      "i" : "FLOKIUSD-PERP",
      "m" : "4611686018430300252"
    }, {
      "d" : "1756459604745154715",
      "t" : 1756459604745,
      "tn" : 1756459604745154714,
      "q" : "10000",
      "p" : "0.00009330",
      "s" : "sell",
      "i" : "FLOKIUSD-PERP",
      "m" : "4611686018430300252"
    }, {
      "d" : "1756459604745154714",
      "t" : 1756459604745,
      "tn" : 1756459604745154714,
      "q" : "2140000",
      "p" : "0.00009330",
      "s" : "sell",
      "i" : "FLOKIUSD-PERP",
      "m" : "4611686018430300252"
    }, {
      "d" : "1756459400530044673",
      "t" : 1756459400530,
      "tn" : 1756459400530044673,
      "q" : "2140000",
      "p" : "0.00009340",
      "s" : "sell",
      "i" : "FLOKIUSD-PERP",
      "m" : "4611686018430300251"
    }, {
      "d" : "1756459331998019436",
      "t" : 1756459331998,
      "tn" : 1756459331998019436,
      "q" : "3630000",
      "p" : "0.00009340",
      "s" : "sell",
      "i" : "FLOKIUSD-PERP",
      "m" : "4611686018430300250"
    }, {
      "d" : "1756459331990448009",
      "t" : 1756459331990,
      "tn" : 1756459331990448009,
      "q" : "770000",
      "p" : "0.00009340",
      "s" : "sell",
      "i" : "FLOKIUSD-PERP",
      "m" : "4611686018430300249"
    }, {
      "d" : "1756459331990013791",
      "t" : 1756459331990,
      "tn" : 1756459331990013791,
      "q" : "4400000",
      "p" : "0.00009340",
      "s" : "sell",
      "i" : "FLOKIUSD-PERP",
      "m" : "4611686018430300248"
    }, {
      "d" : "1756459247391319179",
      "t" : 1756459247391,
      "tn" : 1756459247391319179,
      "q" : "10000",
      "p" : "0.00009349",
      "s" : "sell",
      "i" : "FLOKIUSD-PERP",
      "m" : "4611686018430300247"
    }, {
      "d" : "1756459173036693465",
      "t" : 1756459173036,
      "tn" : 1756459173036693465,
      "q" : "10000",
      "p" : "0.00009336",
      "s" : "buy",
      "i" : "FLOKIUSD-PERP",
      "m" : "4611686018430300246"
    }, {
      "d" : "1756459122165110371",
      "t" : 1756459122165,
      "tn" : 1756459122165110371,
      "q" : "960000",
      "p" : "0.00009326",
      "s" : "sell",
      "i" : "FLOKIUSD-PERP",
      "m" : "4611686018430300245"
    }, {
      "d" : "1756459020215100997",
      "t" : 1756459020215,
      "tn" : 1756459020215100996,
      "q" : "10000",
      "p" : "0.00009311",
      "s" : "sell",
      "i" : "FLOKIUSD-PERP",
      "m" : "4611686018430300244"
    }, {
      "d" : "1756459020215100996",
      "t" : 1756459020215,
      "tn" : 1756459020215100996,
      "q" : "500000",
      "p" : "0.00009311",
      "s" : "sell",
      "i" : "FLOKIUSD-PERP",
      "m" : "4611686018430300244"
    }, {
      "d" : "1756458915200612837",
      "t" : 1756458915200,
      "tn" : 1756458915200612837,
      "q" : "500000",
      "p" : "0.00009294",
      "s" : "sell",
      "i" : "FLOKIUSD-PERP",
      "m" : "4611686018430300243"
    }, {
      "d" : "1756458915200610128",
      "t" : 1756458915200,
      "tn" : 1756458915200610128,
      "q" : "10000",
      "p" : "0.00009296",
      "s" : "sell",
      "i" : "FLOKIUSD-PERP",
      "m" : "4611686018430300242"
    }, {
      "d" : "1756458884616392884",
      "t" : 1756458884616,
      "tn" : 1756458884616392884,
      "q" : "1670000",
      "p" : "0.00009304",
      "s" : "buy",
      "i" : "FLOKIUSD-PERP",
      "m" : "4611686018430300241"
    }, {
      "d" : "1756458759802143629",
      "t" : 1756458759802,
      "tn" : 1756458759802143629,
      "q" : "2730000",
      "p" : "0.00009309",
      "s" : "buy",
      "i" : "FLOKIUSD-PERP",
      "m" : "4611686018430300240"
    }, {
      "d" : "1756458759801650509",
      "t" : 1756458759801,
      "tn" : 1756458759801650509,
      "q" : "3510000",
      "p" : "0.00009309",
      "s" : "buy",
      "i" : "FLOKIUSD-PERP",
      "m" : "4611686018430300239"
    }, {
      "d" : "1756458668360115878",
      "t" : 1756458668360,
      "tn" : 1756458668360115878,
      "q" : "10000",
      "p" : "0.00009296",
      "s" : "buy",
      "i" : "FLOKIUSD-PERP",
      "m" : "4611686018430300238"
    }, {
      "d" : "1756458582739591351",
      "t" : 1756458582739,
      "tn" : 1756458582739591351,
      "q" : "10000",
      "p" : "0.00009297",
      "s" : "sell",
      "i" : "FLOKIUSD-PERP",
      "m" : "4611686018430300237"
    }, {
      "d" : "1756458566963553069",
      "t" : 1756458566963,
      "tn" : 1756458566963553069,
      "q" : "10000",
      "p" : "0.00009297",
      "s" : "sell",
      "i" : "FLOKIUSD-PERP",
      "m" : "4611686018430300236"
    }, {
      "d" : "1756458565750090443",
      "t" : 1756458565750,
      "tn" : 1756458565750090443,
      "q" : "500000",
      "p" : "0.00009297",
      "s" : "sell",
      "i" : "FLOKIUSD-PERP",
      "m" : "4611686018430300235"
    }, {
      "d" : "1756458471042882034",
      "t" : 1756458471042,
      "tn" : 1756458471042882034,
      "q" : "10000",
      "p" : "0.00009289",
      "s" : "buy",
      "i" : "FLOKIUSD-PERP",
      "m" : "4611686018430300234"
    }, {
      "d" : "1756458319294785852",
      "t" : 1756458319294,
      "tn" : 1756458319294785851,
      "q" : "10000",
      "p" : "0.00009300",
      "s" : "buy",
      "i" : "FLOKIUSD-PERP",
      "m" : "4611686018430300233"
    }, {
      "d" : "1756458319294785851",
      "t" : 1756458319294,
      "tn" : 1756458319294785851,
      "q" : "500000",
      "p" : "0.00009300",
      "s" : "buy",
      "i" : "FLOKIUSD-PERP",
      "m" : "4611686018430300233"
    }, {
      "d" : "1756458316681647116",
      "t" : 1756458316681,
      "tn" : 1756458316681647116,
      "q" : "500000",
      "p" : "0.00009294",
      "s" : "buy",
      "i" : "FLOKIUSD-PERP",
      "m" : "4611686018430300232"
    }, {
      "d" : "1756458316681644232",
      "t" : 1756458316681,
      "tn" : 1756458316681644232,
      "q" : "10000",
      "p" : "0.00009292",
      "s" : "buy",
      "i" : "FLOKIUSD-PERP",
      "m" : "4611686018430300231"
    }, {
      "d" : "1756458268370158626",
      "t" : 1756458268370,
      "tn" : 1756458268370158626,
      "q" : "510000",
      "p" : "0.00009270",
      "s" : "sell",
      "i" : "FLOKIUSD-PERP",
      "m" : "4611686018430300230"
    }, {
      "d" : "1756458200558683498",
      "t" : 1756458200558,
      "tn" : 1756458200558683497,
      "q" : "10000",
      "p" : "0.00009256",
      "s" : "sell",
      "i" : "FLOKIUSD-PERP",
      "m" : "4611686018430300229"
    }, {
      "d" : "1756458200558683497",
      "t" : 1756458200558,
      "tn" : 1756458200558683497,
      "q" : "4030000",
      "p" : "0.00009256",
      "s" : "sell",
      "i" : "FLOKIUSD-PERP",
      "m" : "4611686018430300229"
    }, {
      "d" : "1756458200558619872",
      "t" : 1756458200558,
      "tn" : 1756458200558619872,
      "q" : "4200000",
      "p" : "0.00009256",
      "s" : "sell",
      "i" : "FLOKIUSD-PERP",
      "m" : "4611686018430300228"
    }, {
      "d" : "1756458200558553215",
      "t" : 1756458200558,
      "tn" : 1756458200558553215,
      "q" : "660000",
      "p" : "0.00009256",
      "s" : "sell",
      "i" : "FLOKIUSD-PERP",
      "m" : "4611686018430300227"
    }, {
      "d" : "1756458200558093568",
      "t" : 1756458200558,
      "tn" : 1756458200558093568,
      "q" : "140000",
      "p" : "0.00009256",
      "s" : "sell",
      "i" : "FLOKIUSD-PERP",
      "m" : "4611686018430300226"
    }, {
      "d" : "1756458200558020321",
      "t" : 1756458200558,
      "tn" : 1756458200558020321,
      "q" : "790000",
      "p" : "0.00009256",
      "s" : "sell",
      "i" : "FLOKIUSD-PERP",
      "m" : "4611686018430300225"
    }, {
      "d" : "1756458200558019125",
      "t" : 1756458200558,
      "tn" : 1756458200558019125,
      "q" : "400000",
      "p" : "0.00009256",
      "s" : "sell",
      "i" : "FLOKIUSD-PERP",
      "m" : "4611686018430300224"
    }, {
      "d" : "1756458200557123253",
      "t" : 1756458200557,
      "tn" : 1756458200557123253,
      "q" : "3740000",
      "p" : "0.00009257",
      "s" : "sell",
      "i" : "FLOKIUSD-PERP",
      "m" : "4611686018430300223"
    }, {
      "d" : "1756458200501328301",
      "t" : 1756458200501,
      "tn" : 1756458200501328301,
      "q" : "10000",
      "p" : "0.00009260",
      "s" : "sell",
      "i" : "FLOKIUSD-PERP",
      "m" : "4611686018430300222"
    }, {
      "d" : "1756458192256555614",
      "t" : 1756458192256,
      "tn" : 1756458192256555614,
      "q" : "10000",
      "p" : "0.00009262",
      "s" : "buy",
      "i" : "FLOKIUSD-PERP",
      "m" : "4611686018430300221"
    }, {
      "d" : "1756458190977190267",
      "t" : 1756458190977,
      "tn" : 1756458190977190267,
      "q" : "10000",
      "p" : "0.00009261",
      "s" : "sell",
      "i" : "FLOKIUSD-PERP",
      "m" : "4611686018430300220"
    }, {
      "d" : "1756458186359035956",
      "t" : 1756458186359,
      "tn" : 1756458186359035956,
      "q" : "3820000",
      "p" : "0.00009257",
      "s" : "buy",
      "i" : "FLOKIUSD-PERP",
      "m" : "4611686018430300219"
    }, {
      "d" : "1756458186359034219",
      "t" : 1756458186359,
      "tn" : 1756458186359034219,
      "q" : "10000",
      "p" : "0.00009255",
      "s" : "buy",
      "i" : "FLOKIUSD-PERP",
      "m" : "4611686018430300218"
    }, {
      "d" : "1756458183339045170",
      "t" : 1756458183339,
      "tn" : 1756458183339045169,
      "q" : "10000",
      "p" : "0.00009252",
      "s" : "sell",
      "i" : "FLOKIUSD-PERP",
      "m" : "4611686018430300217"
    }, {
      "d" : "1756458183339045169",
      "t" : 1756458183339,
      "tn" : 1756458183339045169,
      "q" : "10000",
      "p" : "0.00009252",
      "s" : "sell",
      "i" : "FLOKIUSD-PERP",
      "m" : "4611686018430300217"
    }, {
      "d" : "1756458182775245670",
      "t" : 1756458182775,
      "tn" : 1756458182775245670,
      "q" : "10000",
      "p" : "0.00009255",
      "s" : "sell",
      "i" : "FLOKIUSD-PERP",
      "m" : "4611686018430300216"
    }, {
      "d" : "1756458182562413395",
      "t" : 1756458182562,
      "tn" : 1756458182562413395,
      "q" : "10000",
      "p" : "0.00009253",
      "s" : "sell",
      "i" : "FLOKIUSD-PERP",
      "m" : "4611686018430300215"
    }, {
      "d" : "1756458182333326444",
      "t" : 1756458182333,
      "tn" : 1756458182333326444,
      "q" : "10000",
      "p" : "0.00009254",
      "s" : "sell",
      "i" : "FLOKIUSD-PERP",
      "m" : "4611686018430300214"
    }, {
      "d" : "1756458182223854664",
      "t" : 1756458182223,
      "tn" : 1756458182223854664,
      "q" : "10000",
      "p" : "0.00009256",
      "s" : "sell",
      "i" : "FLOKIUSD-PERP",
      "m" : "4611686018430300213"
    }, {
      "d" : "1756458182113615773",
      "t" : 1756458182113,
      "tn" : 1756458182113615773,
      "q" : "10000",
      "p" : "0.00009257",
      "s" : "sell",
      "i" : "FLOKIUSD-PERP",
      "m" : "4611686018430300212"
    }, {
      "d" : "1756458181702719451",
      "t" : 1756458181702,
      "tn" : 1756458181702719451,
      "q" : "10000",
      "p" : "0.00009259",
      "s" : "sell",
      "i" : "FLOKIUSD-PERP",
      "m" : "4611686018430300211"
    }, {
      "d" : "1756458181587173323",
      "t" : 1756458181587,
      "tn" : 1756458181587173323,
      "q" : "10000",
      "p" : "0.00009260",
      "s" : "sell",
      "i" : "FLOKIUSD-PERP",
      "m" : "4611686018430300210"
    }, {
      "d" : "1756458181546916047",
      "t" : 1756458181546,
      "tn" : 1756458181546916047,
      "q" : "10000",
      "p" : "0.00009262",
      "s" : "sell",
      "i" : "FLOKIUSD-PERP",
      "m" : "4611686018430300209"
    }, {
      "d" : "1756458179039610520",
      "t" : 1756458179039,
      "tn" : 1756458179039610520,
      "q" : "10000",
      "p" : "0.00009266",
      "s" : "sell",
      "i" : "FLOKIUSD-PERP",
      "m" : "4611686018430300208"
    }, {
      "d" : "1756458178362988488",
      "t" : 1756458178362,
      "tn" : 1756458178362988487,
      "q" : "10000",
      "p" : "0.00009263",
      "s" : "sell",
      "i" : "FLOKIUSD-PERP",
      "m" : "4611686018430300207"
    }, {
      "d" : "1756458178362988487",
      "t" : 1756458178362,
      "tn" : 1756458178362988487,
      "q" : "2150000",
      "p" : "0.00009263",
      "s" : "sell",
      "i" : "FLOKIUSD-PERP",
      "m" : "4611686018430300207"
    }, {
      "d" : "1756458178362984664",
      "t" : 1756458178362,
      "tn" : 1756458178362984664,
      "q" : "2180000",
      "p" : "0.00009264",
      "s" : "sell",
      "i" : "FLOKIUSD-PERP",
      "m" : "4611686018430300206"
    }, {
      "d" : "1756458178245994894",
      "t" : 1756458178245,
      "tn" : 1756458178245994894,
      "q" : "4400000",
      "p" : "0.00009267",
      "s" : "buy",
      "i" : "FLOKIUSD-PERP",
      "m" : "4611686018430300205"
    }, {
      "d" : "1756458178155890769",
      "t" : 1756458178155,
      "tn" : 1756458178155890769,
      "q" : "2180000",
      "p" : "0.00009267",
      "s" : "buy",
      "i" : "FLOKIUSD-PERP",
      "m" : "4611686018430300204"
    }, {
      "d" : "1756458178147341421",
      "t" : 1756458178147,
      "tn" : 1756458178147341421,
      "q" : "5540000",
      "p" : "0.00009267",
      "s" : "buy",
      "i" : "FLOKIUSD-PERP",
      "m" : "4611686018430300203"
    }, {
      "d" : "1756458178147337680",
      "t" : 1756458178147,
      "tn" : 1756458178147337678,
      "q" : "4380000",
      "p" : "0.00009267",
      "s" : "buy",
      "i" : "FLOKIUSD-PERP",
      "m" : "4611686018430300202"
    }, {
      "d" : "1756458178147337679",
      "t" : 1756458178147,
      "tn" : 1756458178147337678,
      "q" : "10000",
      "p" : "0.00009267",
      "s" : "buy",
      "i" : "FLOKIUSD-PERP",
      "m" : "4611686018430300202"
    }, {
      "d" : "1756458178147337678",
      "t" : 1756458178147,
      "tn" : 1756458178147337678,
      "q" : "10000",
      "p" : "0.00009267",
      "s" : "buy",
      "i" : "FLOKIUSD-PERP",
      "m" : "4611686018430300202"
    }, {
      "d" : "1756458177699838871",
      "t" : 1756458177699,
      "tn" : 1756458177699838871,
      "q" : "2150000",
      "p" : "0.00009268",
      "s" : "sell",
      "i" : "FLOKIUSD-PERP",
      "m" : "4611686018430300201"
    }, {
      "d" : "1756458174175323681",
      "t" : 1756458174175,
      "tn" : 1756458174175323681,
      "q" : "190000",
      "p" : "0.00009280",
      "s" : "sell",
      "i" : "FLOKIUSD-PERP",
      "m" : "4611686018430300200"
    }, {
      "d" : "1756458174175321565",
      "t" : 1756458174175,
      "tn" : 1756458174175321565,
      "q" : "10000",
      "p" : "0.00009281",
      "s" : "sell",
      "i" : "FLOKIUSD-PERP",
      "m" : "4611686018430300199"
    }, {
      "d" : "1756458140348192901",
      "t" : 1756458140348,
      "tn" : 1756458140348192901,
      "q" : "10000",
      "p" : "0.00009303",
      "s" : "buy",
      "i" : "FLOKIUSD-PERP",
      "m" : "4611686018430300198"
    }, {
      "d" : "1756458140209779342",
      "t" : 1756458140209,
      "tn" : 1756458140209779342,
      "q" : "10000",
      "p" : "0.00009301",
      "s" : "buy",
      "i" : "FLOKIUSD-PERP",
      "m" : "4611686018430300197"
    }, {
      "d" : "1756458112244886227",
      "t" : 1756458112244,
      "tn" : 1756458112244886226,
      "q" : "10000",
      "p" : "0.00009302",
      "s" : "buy",
      "i" : "FLOKIUSD-PERP",
      "m" : "4611686018430300196"
    }, {
      "d" : "1756458112244886226",
      "t" : 1756458112244,
      "tn" : 1756458112244886226,
      "q" : "10000",
      "p" : "0.00009302",
      "s" : "buy",
      "i" : "FLOKIUSD-PERP",
      "m" : "4611686018430300196"
    }, {
      "d" : "1756458106021952986",
      "t" : 1756458106021,
      "tn" : 1756458106021952986,
      "q" : "10000",
      "p" : "0.00009307",
      "s" : "sell",
      "i" : "FLOKIUSD-PERP",
      "m" : "4611686018430300195"
    }, {
      "d" : "1756458080593564948",
      "t" : 1756458080593,
      "tn" : 1756458080593564948,
      "q" : "10000",
      "p" : "0.00009317",
      "s" : "buy",
      "i" : "FLOKIUSD-PERP",
      "m" : "4611686018430300194"
    }, {
      "d" : "1756458068572862000",
      "t" : 1756458068572,
      "tn" : 1756458068572862000,
      "q" : "10000",
      "p" : "0.00009326",
      "s" : "buy",
      "i" : "FLOKIUSD-PERP",
      "m" : "4611686018430300193"
    }, {
      "d" : "1756458068503543307",
      "t" : 1756458068503,
      "tn" : 1756458068503543307,
      "q" : "10000",
      "p" : "0.00009324",
      "s" : "buy",
      "i" : "FLOKIUSD-PERP",
      "m" : "4611686018430300192"
    }, {
      "d" : "1756458068428810829",
      "t" : 1756458068428,
      "tn" : 1756458068428810829,
      "q" : "10000",
      "p" : "0.00009323",
      "s" : "buy",
      "i" : "FLOKIUSD-PERP",
      "m" : "4611686018430300191"
    }, {
      "d" : "1756458068063579708",
      "t" : 1756458068063,
      "tn" : 1756458068063579708,
      "q" : "10000",
      "p" : "0.00009320",
      "s" : "buy",
      "i" : "FLOKIUSD-PERP",
      "m" : "4611686018430300190"
    }, {
      "d" : "1756457996007769954",
      "t" : 1756457996007,
      "tn" : 1756457996007769954,
      "q" : "2510000",
      "p" : "0.00009330",
      "s" : "buy",
      "i" : "FLOKIUSD-PERP",
      "m" : "4611686018430300189"
    }, {
      "d" : "1756457996007758663",
      "t" : 1756457996007,
      "tn" : 1756457996007758663,
      "q" : "200000",
      "p" : "0.00009330",
      "s" : "buy",
      "i" : "FLOKIUSD-PERP",
      "m" : "4611686018430300188"
    }, {
      "d" : "1756457996002220440",
      "t" : 1756457996002,
      "tn" : 1756457996002220439,
      "q" : "10000",
      "p" : "0.00009330",
      "s" : "buy",
      "i" : "FLOKIUSD-PERP",
      "m" : "4611686018430300187"
    }, {
      "d" : "1756457996002220439",
      "t" : 1756457996002,
      "tn" : 1756457996002220439,
      "q" : "190000",
      "p" : "0.00009330",
      "s" : "buy",
      "i" : "FLOKIUSD-PERP",
      "m" : "4611686018430300187"
    }, {
      "d" : "1756457996001583129",
      "t" : 1756457996001,
      "tn" : 1756457996001583129,
      "q" : "2740000",
      "p" : "0.00009330",
      "s" : "buy",
      "i" : "FLOKIUSD-PERP",
      "m" : "4611686018430300186"
    }, {
      "d" : "1756457995432232097",
      "t" : 1756457995432,
      "tn" : 1756457995432232097,
      "q" : "10000",
      "p" : "0.00009329",
      "s" : "buy",
      "i" : "FLOKIUSD-PERP",
      "m" : "4611686018430300185"
    }, {
      "d" : "1756457975714828982",
      "t" : 1756457975714,
      "tn" : 1756457975714828982,
      "q" : "10000",
      "p" : "0.00009328",
      "s" : "buy",
      "i" : "FLOKIUSD-PERP",
      "m" : "4611686018430300184"
    }, {
      "d" : "1756457941620453341",
      "t" : 1756457941620,
      "tn" : 1756457941620453341,
      "q" : "10000",
      "p" : "0.00009327",
      "s" : "buy",
      "i" : "FLOKIUSD-PERP",
      "m" : "4611686018430300183"
    }, {
      "d" : "1756457940682273842",
      "t" : 1756457940682,
      "tn" : 1756457940682273842,
      "q" : "10000",
      "p" : "0.00009327",
      "s" : "buy",
      "i" : "FLOKIUSD-PERP",
      "m" : "4611686018430300182"
    }, {
      "d" : "1756457940037491545",
      "t" : 1756457940037,
      "tn" : 1756457940037491544,
      "q" : "10000",
      "p" : "0.00009326",
      "s" : "buy",
      "i" : "FLOKIUSD-PERP",
      "m" : "4611686018430300181"
    }, {
      "d" : "1756457940037491544",
      "t" : 1756457940037,
      "tn" : 1756457940037491544,
      "q" : "10000",
      "p" : "0.00009326",
      "s" : "buy",
      "i" : "FLOKIUSD-PERP",
      "m" : "4611686018430300181"
    }, {
      "d" : "1756457886554750790",
      "t" : 1756457886554,
      "tn" : 1756457886554750789,
      "q" : "10000",
      "p" : "0.00009336",
      "s" : "buy",
      "i" : "FLOKIUSD-PERP",
      "m" : "4611686018430300180"
    }, {
      "d" : "1756457886554750789",
      "t" : 1756457886554,
      "tn" : 1756457886554750789,
      "q" : "10000",
      "p" : "0.00009336",
      "s" : "buy",
      "i" : "FLOKIUSD-PERP",
      "m" : "4611686018430300180"
    }, {
      "d" : "1756457884337902080",
      "t" : 1756457884337,
      "tn" : 1756457884337902080,
      "q" : "10000",
      "p" : "0.00009335",
      "s" : "buy",
      "i" : "FLOKIUSD-PERP",
      "m" : "4611686018430300179"
    }, {
      "d" : "1756457882256535922",
      "t" : 1756457882256,
      "tn" : 1756457882256535921,
      "q" : "10000",
      "p" : "0.00009332",
      "s" : "buy",
      "i" : "FLOKIUSD-PERP",
      "m" : "4611686018430300178"
    }, {
      "d" : "1756457882256535921",
      "t" : 1756457882256,
      "tn" : 1756457882256535921,
      "q" : "10000",
      "p" : "0.00009332",
      "s" : "buy",
      "i" : "FLOKIUSD-PERP",
      "m" : "4611686018430300178"
    }, {
      "d" : "1756457880496684647",
      "t" : 1756457880496,
      "tn" : 1756457880496684646,
      "q" : "10000",
      "p" : "0.00009329",
      "s" : "buy",
      "i" : "FLOKIUSD-PERP",
      "m" : "4611686018430300177"
    }, {
      "d" : "1756457880496684646",
      "t" : 1756457880496,
      "tn" : 1756457880496684646,
      "q" : "10000",
      "p" : "0.00009329",
      "s" : "buy",
      "i" : "FLOKIUSD-PERP",
      "m" : "4611686018430300177"
    }, {
      "d" : "1756457760267980724",
      "t" : 1756457760267,
      "tn" : 1756457760267980724,
      "q" : "10000",
      "p" : "0.00009343",
      "s" : "buy",
      "i" : "FLOKIUSD-PERP",
      "m" : "4611686018430300176"
    }, {
      "d" : "1756457746523876851",
      "t" : 1756457746523,
      "tn" : 1756457746523876851,
      "q" : "10000",
      "p" : "0.00009343",
      "s" : "buy",
      "i" : "FLOKIUSD-PERP",
      "m" : "4611686018430300175"
    }, {
      "d" : "1756457746409757055",
      "t" : 1756457746409,
      "tn" : 1756457746409757055,
      "q" : "10000",
      "p" : "0.00009342",
      "s" : "buy",
      "i" : "FLOKIUSD-PERP",
      "m" : "4611686018430300174"
    }, {
      "d" : "1756457731748504419",
      "t" : 1756457731748,
      "tn" : 1756457731748504419,
      "q" : "10000",
      "p" : "0.00009336",
      "s" : "buy",
      "i" : "FLOKIUSD-PERP",
      "m" : "4611686018430300173"
    }, {
      "d" : "1756457731747002610",
      "t" : 1756457731747,
      "tn" : 1756457731747002610,
      "q" : "10000",
      "p" : "0.00009335",
      "s" : "buy",
      "i" : "FLOKIUSD-PERP",
      "m" : "4611686018430300172"
    }, {
      "d" : "1756457667425503951",
      "t" : 1756457667425,
      "tn" : 1756457667425503951,
      "q" : "2130000",
      "p" : "0.00009345",
      "s" : "buy",
      "i" : "FLOKIUSD-PERP",
      "m" : "4611686018430300171"
    }, {
      "d" : "1756457667425499867",
      "t" : 1756457667425,
      "tn" : 1756457667425499867,
      "q" : "10000",
      "p" : "0.00009344",
      "s" : "buy",
      "i" : "FLOKIUSD-PERP",
      "m" : "4611686018430300170"
    }, {
      "d" : "1756457641533374305",
      "t" : 1756457641533,
      "tn" : 1756457641533374305,
      "q" : "10000",
      "p" : "0.00009349",
      "s" : "buy",
      "i" : "FLOKIUSD-PERP",
      "m" : "4611686018430300169"
    }, {
      "d" : "1756457640455158409",
      "t" : 1756457640455,
      "tn" : 1756457640455158409,
      "q" : "10000",
      "p" : "0.00009350",
      "s" : "buy",
      "i" : "FLOKIUSD-PERP",
      "m" : "4611686018430300168"
    }, {
      "d" : "1756457609988393322",
      "t" : 1756457609988,
      "tn" : 1756457609988393322,
      "q" : "10000",
      "p" : "0.00009351",
      "s" : "buy",
      "i" : "FLOKIUSD-PERP",
      "m" : "4611686018430300167"
    }, {
      "d" : "1756457605606962912",
      "t" : 1756457605606,
      "tn" : 1756457605606962912,
      "q" : "10000",
      "p" : "0.00009348",
      "s" : "buy",
      "i" : "FLOKIUSD-PERP",
      "m" : "4611686018430300166"
    }, {
      "d" : "1756457604677727227",
      "t" : 1756457604677,
      "tn" : 1756457604677727227,
      "q" : "10000",
      "p" : "0.00009347",
      "s" : "buy",
      "i" : "FLOKIUSD-PERP",
      "m" : "4611686018430300165"
    }, {
      "d" : "1756457602618284174",
      "t" : 1756457602618,
      "tn" : 1756457602618284174,
      "q" : "2110000",
      "p" : "0.00009351",
      "s" : "buy",
      "i" : "FLOKIUSD-PERP",
      "m" : "4611686018430300164"
    }, {
      "d" : "1756457602612233493",
      "t" : 1756457602612,
      "tn" : 1756457602612233493,
      "q" : "500000",
      "p" : "0.00009349",
      "s" : "sell",
      "i" : "FLOKIUSD-PERP",
      "m" : "4611686018430300163"
    }, {
      "d" : "1756457602611901823",
      "t" : 1756457602611,
      "tn" : 1756457602611901822,
      "q" : "1710000",
      "p" : "0.00009350",
      "s" : "sell",
      "i" : "FLOKIUSD-PERP",
      "m" : "4611686018430300162"
    }, {
      "d" : "1756457602611901822",
      "t" : 1756457602611,
      "tn" : 1756457602611901822,
      "q" : "500000",
      "p" : "0.00009350",
      "s" : "sell",
      "i" : "FLOKIUSD-PERP",
      "m" : "4611686018430300162"
    }, {
      "d" : "1756457602607682936",
      "t" : 1756457602607,
      "tn" : 1756457602607682935,
      "q" : "10000",
      "p" : "0.00009350",
      "s" : "buy",
      "i" : "FLOKIUSD-PERP",
      "m" : "4611686018430300161"
    }, {
      "d" : "1756457602607682935",
      "t" : 1756457602607,
      "tn" : 1756457602607682935,
      "q" : "2200000",
      "p" : "0.00009350",
      "s" : "buy",
      "i" : "FLOKIUSD-PERP",
      "m" : "4611686018430300161"
    }, {
      "d" : "1756457602603816112",
      "t" : 1756457602603,
      "tn" : 1756457602603816112,
      "q" : "2150000",
      "p" : "0.00009349",
      "s" : "buy",
      "i" : "FLOKIUSD-PERP",
      "m" : "4611686018430300160"
    }, {
      "d" : "1756457602601526603",
      "t" : 1756457602601,
      "tn" : 1756457602601526603,
      "q" : "2150000",
      "p" : "0.00009347",
      "s" : "buy",
      "i" : "FLOKIUSD-PERP",
      "m" : "4611686018430300159"
    }, {
      "d" : "1756457602601523930",
      "t" : 1756457602601,
      "tn" : 1756457602601523930,
      "q" : "10000",
      "p" : "0.00009345",
      "s" : "buy",
      "i" : "FLOKIUSD-PERP",
      "m" : "4611686018430300158"
    }, {
      "d" : "1756457575051701453",
      "t" : 1756457575051,
      "tn" : 1756457575051701453,
      "q" : "10000",
      "p" : "0.00009349",
      "s" : "sell",
      "i" : "FLOKIUSD-PERP",
      "m" : "4611686018430300157"
    }, {
      "d" : "1756457575051698870",
      "t" : 1756457575051,
      "tn" : 1756457575051698870,
      "q" : "10000",
      "p" : "0.00009350",
      "s" : "sell",
      "i" : "FLOKIUSD-PERP",
      "m" : "4611686018430300156"
    }, {
      "d" : "1756457574047732439",
      "t" : 1756457574047,
      "tn" : 1756457574047732439,
      "q" : "10000",
      "p" : "0.00009353",
      "s" : "sell",
      "i" : "FLOKIUSD-PERP",
      "m" : "4611686018430300155"
    }, {
      "d" : "1756457566163211515",
      "t" : 1756457566163,
      "tn" : 1756457566163211515,
      "q" : "1090000",
      "p" : "0.00009357",
      "s" : "sell",
      "i" : "FLOKIUSD-PERP",
      "m" : "4611686018430300154"
    } ]
  }
}