{
  "id" : -1,
  "method" : "public/get-trades",
  "code" : 0,
  "result" : {
    "data" : [ {
      "d" : "1756461013083642604",
      "t" : 1756461013083,
      "tn" : 1756461013083642604,
      "q" : "13000",
      "p" : "0.00009379",
      "s" : "sell",
      "i" : "FLOKI_USD",
      "m" : "4611686018431360375"
    }, {
      "d" : "1756461012901293700",
      "t" : 1756461012901,
      "tn" : 1756461012901293700,
      "q" : "13000",
      "p" : "0.00009380",
      "s" : "sell",
      "i" : "FLOKI_USD",
      "m" : "4611686018431360374"
    }, {
      "d" : "1756461012850168518",
      "t" : 1756461012850,
      "tn" : 1756461012850168518,
      "q" : "2140000",
      "p" : "0.00009379",
      "s" : "sell",
      "i" : "FLOKI_USD",
      "m" : "4611686018431360373"
    }, {
      "d" : "1756461012850166490",
      "t" : 1756461012850,
      "tn" : 1756461012850166490,
      "q" : "13000",
      "p" : "0.00009383",
      "s" : "sell",
      "i" : "FLOKI_USD",
      "m" : "4611686018431360372"
    }, {
      "d" : "1756460921887473484",
      "t" : 1756460921887,
      "tn" : 1756460921887473484,
      "q" : "13000",
      "p" : "0.00009385",
      "s" : "sell",
      "i" : "FLOKI_USD",
      "m" : "4611686018431360371"
    }, {
      "d" : "1756460898102428613",
      "t" : 1756460898102,
      "tn" : 1756460898102428613,
      "q" : "442000",
      "p" : "0.00009381",
      "s" : "sell",
      "i" : "FLOKI_USD",
      "m" : "4611686018431360370"
    }, {
      "d" : "1756460890864371138",
      "t" : 1756460890864,
      "tn" : 1756460890864371138,
      "q" : "13000",
      "p" : "0.00009383",
      "s" : "buy",
      "i" : "FLOKI_USD",
      "m" : "4611686018431360369"
    }, {
      "d" : "1756460890210731057",
      "t" : 1756460890210,
      "tn" : 1756460890210731057,
      "q" : "13000",
      "p" : "0.00009382",
      "s" : "buy",
      "i" : "FLOKI_USD",
      "m" : "4611686018431360368"
    }, {
      "d" : "1756460877730210151",
      "t" : 1756460877730,
      "tn" : 1756460877730210151,
      "q" : "13000",
      "p" : "0.00009379",
      "s" : "buy",
      "i" : "FLOKI_USD",
      "m" : "4611686018431360367"
    }, {
      "d" : "1756460868648896249",
      "t" : 1756460868648,
      "tn" : 1756460868648896249,
      "q" : "13000",
      "p" : "0.00009378",
      "s" : "buy",
      "i" : "FLOKI_USD",
      "m" : "4611686018431360366"
    }, {
      "d" : "1756460859370279341",
      "t" : 1756460859370,
      "tn" : 1756460859370279341,
      "q" : "13000",
      "p" : "0.00009372",
      "s" : "buy",
      "i" : "FLOKI_USD",
      "m" : "4611686018431360365"
    }, {
      "d" : "1756460802674249746",
      "t" : 1756460802674,
      "tn" : 1756460802674249746,
      "q" : "13000",
      "p" : "0.00009370",
      "s" : "buy",
      "i" : "FLOKI_USD",
      "m" : "4611686018431360364"
    }, {
      "d" : "1756460792985303366",
      "t" : 1756460792985,
      "tn" : 1756460792985303366,
      "q" : "13000",
      "p" : "0.00009367",
      "s" : "buy",
      "i" : "FLOKI_USD",
      "m" : "4611686018431360363"
    }, {
      "d" : "1756460792042726459",
      "t" : 1756460792042,
      "tn" : 1756460792042726459,
      "q" : "13000",
      "p" : "0.00009366",
      "s" : "buy",
      "i" : "FLOKI_USD",
      "m" : "4611686018431360362"
    }, {
      "d" : "1756460753700137782",
      "t" : 1756460753700,
      "tn" : 1756460753700137782,
      "q" : "13000",
      "p" : "0.00009355",
      "s" : "buy",
      "i" : "FLOKI_USD",
      "m" : "4611686018431360361"
    }, {
      "d" : "1756460750241374143",
      "t" : 1756460750241,
      "tn" : 1756460750241374143,
      "q" : "13000",
      "p" : "0.00009353",
      "s" : "buy",
      "i" : "FLOKI_USD",
      "m" : "4611686018431360360"
    }, {
      "d" : "1756460748334644289",
      "t" : 1756460748334,
      "tn" : 1756460748334644289,
      "q" : "13000",
      "p" : "0.00009351",
      "s" : "buy",
      "i" : "FLOKI_USD",
      "m" : "4611686018431360359"
    }, {
      "d" : "1756460746961758072",
      "t" : 1756460746961,
      "tn" : 1756460746961758072,
      "q" : "13000",
      "p" : "0.00009350",
      "s" : "buy",
      "i" : "FLOKI_USD",
      "m" : "4611686018431360358"
    }, {
      "d" : "1756460739967384234",
      "t" : 1756460739967,
      "tn" : 1756460739967384234,
      "q" : "13000",
      "p" : "0.00009346",
      "s" : "sell",
      "i" : "FLOKI_USD",
      "m" : "4611686018431360357"
    }, {
      "d" : "1756460735878642084",
      "t" : 1756460735878,
      "tn" : 1756460735878642084,
      "q" : "13000",
      "p" : "0.00009345",
      "s" : "buy",
      "i" : "FLOKI_USD",
      "m" : "4611686018431360356"
    }, {
      "d" : "1756460732764692705",
      "t" : 1756460732764,
      "tn" : 1756460732764692705,
      "q" : "13000",
      "p" : "0.00009345",
      "s" : "sell",
      "i" : "FLOKI_USD",
      "m" : "4611686018431360355"
    }, {
      "d" : "1756460647167126606",
      "t" : 1756460647167,
      "tn" : 1756460647167126606,
      "q" : "13000",
      "p" : "0.00009340",
      "s" : "sell",
      "i" : "FLOKI_USD",
      "m" : "4611686018431360354"
    }, {
      "d" : "1756460525756485394",
      "t" : 1756460525756,
      "tn" : 1756460525756485394,
      "q" : "13000",
      "p" : "0.00009338",
      "s" : "buy",
      "i" : "FLOKI_USD",
      "m" : "4611686018431360353"
    }, {
      "d" : "1756460515285867151",
      "t" : 1756460515285,
      "tn" : 1756460515285867151,
      "q" : "2487000",
      "p" : "0.00009336",
      "s" : "buy",
      "i" : "FLOKI_USD",
      "m" : "4611686018431360352"
    }, {
      "d" : "1756460515285864924",
      "t" : 1756460515285,
      "tn" : 1756460515285864924,
      "q" : "13000",
      "p" : "0.00009334",
      "s" : "buy",
      "i" : "FLOKI_USD",
      "m" : "4611686018431360351"
    }, {
      "d" : "1756460502912893719",
      "t" : 1756460502912,
      "tn" : 1756460502912893719,
      "q" : "500000",
      "p" : "0.00009344",
      "s" : "buy",
      "i" : "FLOKI_USD",
      "m" : "4611686018431360350"
    }, {
      "d" : "1756460502912891766",
      "t" : 1756460502912,
      "tn" : 1756460502912891766,
      "q" : "852000",
      "p" : "0.00009343",
      "s" : "buy",
      "i" : "FLOKI_USD",
      "m" : "4611686018431360349"
    }, {
      "d" : "1756460502912888709",
      "t" : 1756460502912,
      "tn" : 1756460502912888709,
      "q" : "13000",
      "p" : "0.00009338",
      "s" : "buy",
      "i" : "FLOKI_USD",
      "m" : "4611686018431360348"
    }, {
      "d" : "1756460502409852506",
      "t" : 1756460502409,
      "tn" : 1756460502409852506,
      "q" : "13000",
      "p" : "0.00009337",
      "s" : "sell",
      "i" : "FLOKI_USD",
      "m" : "4611686018431360347"
    }, {
      "d" : "1756460502297201065",
      "t" : 1756460502297,
      "tn" : 1756460502297201065,
      "q" : "2117000",
      "p" : "0.00009331",
      "s" : "sell",
      "i" : "FLOKI_USD",
      "m" : "4611686018431360346"
    }, {
      "d" : "1756460502297199534",
      "t" : 1756460502297,
      "tn" : 1756460502297199534,
      "q" : "13000",
      "p" : "0.00009337",
      "s" : "sell",
      "i" : "FLOKI_USD",
      "m" : "4611686018431360345"
    }, {
      "d" : "1756460501543571502",
      "t" : 1756460501543,
      "tn" : 1756460501543571502,
      "q" : "13000",
      "p" : "0.00009338",
      "s" : "sell",
      "i" : "FLOKI_USD",
      "m" : "4611686018431360344"
    }, {
      "d" : "1756460412229621801",
      "t" : 1756460412229,
      "tn" : 1756460412229621801,
      "q" : "13000",
      "p" : "0.00009334",
      "s" : "buy",
      "i" : "FLOKI_USD",
      "m" : "4611686018431360343"
    }, {
      "d" : "1756460288039013291",
      "t" : 1756460288039,
      "tn" : 1756460288039013291,
      "q" : "13000",
      "p" : "0.00009326",
      "s" : "buy",
      "i" : "FLOKI_USD",
      "m" : "4611686018431360342"
    }, {
      "d" : "1756460287578092693",
      "t" : 1756460287578,
      "tn" : 1756460287578092693,
      "q" : "13000",
      "p" : "0.00009325",
      "s" : "buy",
      "i" : "FLOKI_USD",
      "m" : "4611686018431360341"
    }, {
      "d" : "1756460285563180270",
      "t" : 1756460285563,
      "tn" : 1756460285563180270,
      "q" : "13000",
      "p" : "0.00009324",
      "s" : "buy",
      "i" : "FLOKI_USD",
      "m" : "4611686018431360340"
    }, {
      "d" : "1756460284634098410",
      "t" : 1756460284634,
      "tn" : 1756460284634098410,
      "q" : "13000",
      "p" : "0.00009323",
      "s" : "buy",
      "i" : "FLOKI_USD",
      "m" : "4611686018431360339"
    }, {
      "d" : "1756460265494619566",
      "t" : 1756460265494,
      "tn" : 1756460265494619566,
      "q" : "13000",
      "p" : "0.00009319",
      "s" : "buy",
      "i" : "FLOKI_USD",
      "m" : "4611686018431360338"
    }, {
      "d" : "1756460257610361958",
      "t" : 1756460257610,
      "tn" : 1756460257610361958,
      "q" : "13000",
      "p" : "0.00009320",
      "s" : "buy",
      "i" : "FLOKI_USD",
      "m" : "4611686018431360337"
    }, {
      "d" : "1756460252182235268",
      "t" : 1756460252182,
      "tn" : 1756460252182235268,
      "q" : "13000",
      "p" : "0.00009317",
      "s" : "buy",
      "i" : "FLOKI_USD",
      "m" : "4611686018431360336"
    }, {
      "d" : "1756460248902540302",
      "t" : 1756460248902,
      "tn" : 1756460248902540302,
      "q" : "13000",
      "p" : "0.00009320",
      "s" : "buy",
      "i" : "FLOKI_USD",
      "m" : "4611686018431360335"
    }, {
      "d" : "1756460248438201647",
      "t" : 1756460248438,
      "tn" : 1756460248438201647,
      "q" : "13000",
      "p" : "0.00009319",
      "s" : "buy",
      "i" : "FLOKI_USD",
      "m" : "4611686018431360334"
    }, {
      "d" : "1756460242934730492",
      "t" : 1756460242934,
      "tn" : 1756460242934730492,
      "q" : "13000",
      "p" : "0.00009318",
      "s" : "buy",
      "i" : "FLOKI_USD",
      "m" : "4611686018431360333"
    }, {
      "d" : "1756460235769611497",
      "t" : 1756460235769,
      "tn" : 1756460235769611497,
      "q" : "13000",
      "p" : "0.00009317",
      "s" : "buy",
      "i" : "FLOKI_USD",
      "m" : "4611686018431360332"
    }, {
      "d" : "1756460235313270814",
      "t" : 1756460235313,
      "tn" : 1756460235313270814,
      "q" : "13000",
      "p" : "0.00009316",
      "s" : "buy",
      "i" : "FLOKI_USD",
      "m" : "4611686018431360331"
    }, {
      "d" : "1756460234739609857",
      "t" : 1756460234739,
      "tn" : 1756460234739609857,
      "q" : "13000",
      "p" : "0.00009315",
      "s" : "buy",
      "i" : "FLOKI_USD",
      "m" : "4611686018431360330"
    }, {
      "d" : "1756460232716118966",
      "t" : 1756460232716,
      "tn" : 1756460232716118966,
      "q" : "13000",
      "p" : "0.00009313",
      "s" : "buy",
      "i" : "FLOKI_USD",
      "m" : "4611686018431360329"
    }, {
      "d" : "1756460230932978096",
      "t" : 1756460230932,
      "tn" : 1756460230932978096,
      "q" : "13000",
      "p" : "0.00009312",
      "s" : "buy",
      "i" : "FLOKI_USD",
      "m" : "4611686018431360328"
    }, {
      "d" : "1756460230653366241",
      "t" : 1756460230653,
      "tn" : 1756460230653366241,
      "q" : "13000",
      "p" : "0.00009311",
      "s" : "buy",
      "i" : "FLOKI_USD",
      "m" : "4611686018431360327"
    }, {
      "d" : "1756460223289485742",
      "t" : 1756460223289,
      "tn" : 1756460223289485742,
      "q" : "13000",
      "p" : "0.00009312",
      "s" : "buy",
      "i" : "FLOKI_USD",
      "m" : "4611686018431360326"
    }, {
      "d" : "1756460222748640365",
      "t" : 1756460222748,
      "tn" : 1756460222748640365,
      "q" : "13000",
      "p" : "0.00009311",
      "s" : "buy",
      "i" : "FLOKI_USD",
      "m" : "4611686018431360325"
    }, {
      "d" : "1756460206932523870",
      "t" : 1756460206932,
      "tn" : 1756460206932523870,
      "q" : "2130000",
      "p" : "0.00009310",
      "s" : "sell",
      "i" : "FLOKI_USD",
      "m" : "4611686018431360324"
    }, {
      "d" : "1756460185489791321",
      "t" : 1756460185489,
      "tn" : 1756460185489791321,
      "q" : "13000",
      "p" : "0.00009316",
      "s" : "sell",
      "i" : "FLOKI_USD",
      "m" : "4611686018431360323"
    }, {
      "d" : "1756460167183442509",
      "t" : 1756460167183,
      "tn" : 1756460167183442509,
      "q" : "13000",
      "p" : "0.00009310",
      "s" : "sell",
      "i" : "FLOKI_USD",
      "m" : "4611686018431360322"
    }, {
      "d" : "1756460164336358015",
      "t" : 1756460164336,
      "tn" : 1756460164336358015,
      "q" : "13000",
      "p" : "0.00009316",
      "s" : "sell",
      "i" : "FLOKI_USD",
      "m" : "4611686018431360321"
    }, {
      "d" : "1756460145032538480",
      "t" : 1756460145032,
      "tn" : 1756460145032538480,
      "q" : "13000",
      "p" : "0.00009318",
      "s" : "buy",
      "i" : "FLOKI_USD",
      "m" : "4611686018431360320"
    }, {
      "d" : "1756460096700983794",
      "t" : 1756460096700,
      "tn" : 1756460096700983794,
      "q" : "13000",
      "p" : "0.00009318",
      "s" : "buy",
      "i" : "FLOKI_USD",
      "m" : "4611686018431360319"
    }, {
      "d" : "1756460090720713680",
      "t" : 1756460090720,
      "tn" : 1756460090720713680,
      "q" : "13000",
      "p" : "0.00009318",
      "s" : "buy",
      "i" : "FLOKI_USD",
      "m" : "4611686018431360318"
    }, {
      "d" : "1756460084861965022",
      "t" : 1756460084861,
      "tn" : 1756460084861965022,
      "q" : "13000",
      "p" : "0.00009314",
      "s" : "buy",
      "i" : "FLOKI_USD",
      "m" : "4611686018431360317"
    }, {
      "d" : "1756460079308834628",
      "t" : 1756460079308,
      "tn" : 1756460079308834628,
      "q" : "13000",
      "p" : "0.00009318",
      "s" : "buy",
      "i" : "FLOKI_USD",
      "m" : "4611686018431360316"
    }, {
      "d" : "1756459980120919511",
      "t" : 1756459980120,
      "tn" : 1756459980120919511,
      "q" : "13000",
      "p" : "0.00009325",
      "s" : "buy",
      "i" : "FLOKI_USD",
      "m" : "4611686018431360315"
    }, {
      "d" : "1756459950591061896",
      "t" : 1756459950591,
      "tn" : 1756459950591061896,
      "q" : "174000",
      "p" : "0.00009315",
      "s" : "sell",
      "i" : "FLOKI_USD",
      "m" : "4611686018431360314"
    }, {
      "d" : "1756459950591059318",
      "t" : 1756459950591,
      "tn" : 1756459950591059318,
      "q" : "13000",
      "p" : "0.00009318",
      "s" : "sell",
      "i" : "FLOKI_USD",
      "m" : "4611686018431360313"
    }, {
      "d" : "1756459944706253382",
      "t" : 1756459944706,
      "tn" : 1756459944706253382,
      "q" : "13000",
      "p" : "0.00009324",
      "s" : "sell",
      "i" : "FLOKI_USD",
      "m" : "4611686018431360312"
    }, {
      "d" : "1756459939800881717",
      "t" : 1756459939800,
      "tn" : 1756459939800881717,
      "q" : "13000",
      "p" : "0.00009327",
      "s" : "sell",
      "i" : "FLOKI_USD",
      "m" : "4611686018431360311"
    }, {
      "d" : "1756459933699525797",
      "t" : 1756459933699,
      "tn" : 1756459933699525797,
      "q" : "13000",
      "p" : "0.00009327",
      "s" : "sell",
      "i" : "FLOKI_USD",
      "m" : "4611686018431360310"
    }, {
      "d" : "1756459927706968841",
      "t" : 1756459927706,
      "tn" : 1756459927706968841,
      "q" : "13000",
      "p" : "0.00009331",
      "s" : "sell",
      "i" : "FLOKI_USD",
      "m" : "4611686018431360309"
    }, {
      "d" : "1756459923027571130",
      "t" : 1756459923027,
      "tn" : 1756459923027571130,
      "q" : "1357000",
      "p" : "0.00009329",
      "s" : "sell",
      "i" : "FLOKI_USD",
      "m" : "4611686018431360308"
    }, {
      "d" : "1756459923027568654",
      "t" : 1756459923027,
      "tn" : 1756459923027568654,
      "q" : "13000",
      "p" : "0.00009332",
      "s" : "sell",
      "i" : "FLOKI_USD",
      "m" : "4611686018431360307"
    }, {
      "d" : "1756459921661226280",
      "t" : 1756459921661,
      "tn" : 1756459921661226280,
      "q" : "13000",
      "p" : "0.00009333",
      "s" : "sell",
      "i" : "FLOKI_USD",
      "m" : "4611686018431360306"
    }, {
      "d" : "1756459915778382184",
      "t" : 1756459915778,
      "tn" : 1756459915778382184,
      "q" : "13000",
      "p" : "0.00009332",
      "s" : "sell",
      "i" : "FLOKI_USD",
      "m" : "4611686018431360305"
    }, {
      "d" : "1756459909710537503",
      "t" : 1756459909710,
      "tn" : 1756459909710537503,
      "q" : "13000",
      "p" : "0.00009329",
      "s" : "sell",
      "i" : "FLOKI_USD",
      "m" : "4611686018431360304"
    }, {
      "d" : "1756459765415016178",
      "t" : 1756459765415,
      "tn" : 1756459765415016178,
      "q" : "13000",
      "p" : "0.00009338",
      "s" : "buy",
      "i" : "FLOKI_USD",
      "m" : "4611686018431360303"
    }, {
      "d" : "1756459604746418191",
      "t" : 1756459604746,
      "tn" : 1756459604746418191,
      "q" : "1807000",
      "p" : "0.00009332",
      "s" : "sell",
      "i" : "FLOKI_USD",
      "m" : "4611686018431360302"
    }, {
      "d" : "1756459604746416086",
      "t" : 1756459604746,
      "tn" : 1756459604746416086,
      "q" : "307000",
      "p" : "0.00009333",
      "s" : "sell",
      "i" : "FLOKI_USD",
      "m" : "4611686018431360301"
    }, {
      "d" : "1756459604746413527",
      "t" : 1756459604746,
      "tn" : 1756459604746413527,
      "q" : "13000",
      "p" : "0.00009334",
      "s" : "sell",
      "i" : "FLOKI_USD",
      "m" : "4611686018431360300"
    }, {
      "d" : "1756459501655819224",
      "t" : 1756459501655,
      "tn" : 1756459501655819224,
      "q" : "13000",
      "p" : "0.00009334",
      "s" : "buy",
      "i" : "FLOKI_USD",
      "m" : "4611686018431360299"
    }, {
      "d" : "1756459400531287626",
      "t" : 1756459400531,
      "tn" : 1756459400531287626,
      "q" : "2140000",
      "p" : "0.00009339",
      "s" : "sell",
      "i" : "FLOKI_USD",
      "m" : "4611686018431360298"
    }, {
      "d" : "1756459400531286055",
      "t" : 1756459400531,
      "tn" : 1756459400531286055,
      "q" : "13000",
      "p" : "0.00009343",
      "s" : "sell",
      "i" : "FLOKI_USD",
      "m" : "4611686018431360297"
    }, {
      "d" : "1756459354790302218",
      "t" : 1756459354790,
      "tn" : 1756459354790302218,
      "q" : "13000",
      "p" : "0.00009348",
      "s" : "buy",
      "i" : "FLOKI_USD",
      "m" : "4611686018431360296"
    }, {
      "d" : "1756459331998456031",
      "t" : 1756459331998,
      "tn" : 1756459331998456031,
      "q" : "13000",
      "p" : "0.00009345",
      "s" : "sell",
      "i" : "FLOKI_USD",
      "m" : "4611686018431360295"
    }, {
      "d" : "1756459331998454189",
      "t" : 1756459331998,
      "tn" : 1756459331998454189,
      "q" : "1024000",
      "p" : "0.00009347",
      "s" : "sell",
      "i" : "FLOKI_USD",
      "m" : "4611686018431360294"
    }, {
      "d" : "1756459330679562054",
      "t" : 1756459330679,
      "tn" : 1756459330679562054,
      "q" : "13000",
      "p" : "0.00009347",
      "s" : "buy",
      "i" : "FLOKI_USD",
      "m" : "4611686018431360293"
    }, {
      "d" : "1756459325313490994",
      "t" : 1756459325313,
      "tn" : 1756459325313490994,
      "q" : "156000",
      "p" : "0.00009350",
      "s" : "sell",
      "i" : "FLOKI_USD",
      "m" : "4611686018431360292"
    }, {
      "d" : "1756459324846128972",
      "t" : 1756459324846,
      "tn" : 1756459324846128972,
      "q" : "13000",
      "p" : "0.00009350",
      "s" : "buy",
      "i" : "FLOKI_USD",
      "m" : "4611686018431360291"
    }, {
      "d" : "1756459321731296794",
      "t" : 1756459321731,
      "tn" : 1756459321731296794,
      "q" : "13000",
      "p" : "0.00009351",
      "s" : "buy",
      "i" : "FLOKI_USD",
      "m" : "4611686018431360290"
    }, {
      "d" : "1756459309952776534",
      "t" : 1756459309952,
      "tn" : 1756459309952776534,
      "q" : "13000",
      "p" : "0.00009350",
      "s" : "sell",
      "i" : "FLOKI_USD",
      "m" : "4611686018431360289"
    }, {
      "d" : "1756459284529077591",
      "t" : 1756459284529,
      "tn" : 1756459284529077591,
      "q" : "13000",
      "p" : "0.00009342",
      "s" : "sell",
      "i" : "FLOKI_USD",
      "m" : "4611686018431360288"
    }, {
      "d" : "1756459182171277592",
      "t" : 1756459182171,
      "tn" : 1756459182171277592,
      "q" : "957000",
      "p" : "0.00009339",
      "s" : "sell",
      "i" : "FLOKI_USD",
      "m" : "4611686018431360287"
    }, {
      "d" : "1756459182171275621",
      "t" : 1756459182171,
      "tn" : 1756459182171275621,
      "q" : "13000",
      "p" : "0.00009343",
      "s" : "sell",
      "i" : "FLOKI_USD",
      "m" : "4611686018431360286"
    }, {
      "d" : "1756459179877016661",
      "t" : 1756459179877,
      "tn" : 1756459179877016661,
      "q" : "13000",
      "p" : "0.00009340",
      "s" : "buy",
      "i" : "FLOKI_USD",
      "m" : "4611686018431360285"
    }, {
      "d" : "1756459173036886528",
      "t" : 1756459173036,
      "tn" : 1756459173036886528,
      "q" : "13000",
      "p" : "0.00009339",
      "s" : "buy",
      "i" : "FLOKI_USD",
      "m" : "4611686018431360284"
    }, {
      "d" : "1756459171398377763",
      "t" : 1756459171398,
      "tn" : 1756459171398377763,
      "q" : "13000",
      "p" : "0.00009335",
      "s" : "buy",
      "i" : "FLOKI_USD",
      "m" : "4611686018431360283"
    }, {
      "d" : "1756459102761574525",
      "t" : 1756459102761,
      "tn" : 1756459102761574525,
      "q" : "13000",
      "p" : "0.00009332",
      "s" : "buy",
      "i" : "FLOKI_USD",
      "m" : "4611686018431360282"
    }, {
      "d" : "1756459087539919848",
      "t" : 1756459087539,
      "tn" : 1756459087539919848,
      "q" : "13000",
      "p" : "0.00009327",
      "s" : "buy",
      "i" : "FLOKI_USD",
      "m" : "4611686018431360281"
    }, {
      "d" : "1756459059303923414",
      "t" : 1756459059303,
      "tn" : 1756459059303923414,
      "q" : "13000",
      "p" : "0.00009308",
      "s" : "sell",
      "i" : "FLOKI_USD",
      "m" : "4611686018431360280"
    }, {
      "d" : "1756459051197743840",
      "t" : 1756459051197,
      "tn" : 1756459051197743840,
      "q" : "13000",
      "p" : "0.00009309",
      "s" : "sell",
      "i" : "FLOKI_USD",
      "m" : "4611686018431360279"
    }, {
      "d" : "1756459050691011219",
      "t" : 1756459050691,
      "tn" : 1756459050691011219,
      "q" : "13000",
      "p" : "0.00009311",
      "s" : "sell",
      "i" : "FLOKI_USD",
      "m" : "4611686018431360278"
    }, {
      "d" : "1756459050160432449",
      "t" : 1756459050160,
      "tn" : 1756459050160432449,
      "q" : "13000",
      "p" : "0.00009312",
      "s" : "sell",
      "i" : "FLOKI_USD",
      "m" : "4611686018431360277"
    }, {
      "d" : "1756459042645310529",
      "t" : 1756459042645,
      "tn" : 1756459042645310529,
      "q" : "13000",
      "p" : "0.00009313",
      "s" : "sell",
      "i" : "FLOKI_USD",
      "m" : "4611686018431360276"
    }, {
      "d" : "1756459039396873661",
      "t" : 1756459039396,
      "tn" : 1756459039396873661,
      "q" : "13000",
      "p" : "0.00009312",
      "s" : "sell",
      "i" : "FLOKI_USD",
      "m" : "4611686018431360275"
    }, {
      "d" : "1756459038991711265",
      "t" : 1756459038991,
      "tn" : 1756459038991711265,
      "q" : "13000",
      "p" : "0.00009315",
      "s" : "sell",
      "i" : "FLOKI_USD",
      "m" : "4611686018431360274"
    }, {
      "d" : "1756459038919690488",
      "t" : 1756459038919,
      "tn" : 1756459038919690488,
      "q" : "13000",
      "p" : "0.00009316",
      "s" : "sell",
      "i" : "FLOKI_USD",
      "m" : "4611686018431360273"
    }, {
      "d" : "1756459038818430396",
      "t" : 1756459038818,
      "tn" : 1756459038818430396,
      "q" : "13000",
      "p" : "0.00009317",
      "s" : "sell",
      "i" : "FLOKI_USD",
      "m" : "4611686018431360272"
    }, {
      "d" : "1756459036496303746",
      "t" : 1756459036496,
      "tn" : 1756459036496303746,
      "q" : "13000",
      "p" : "0.00009320",
      "s" : "buy",
      "i" : "FLOKI_USD",
      "m" : "4611686018431360271"
    }, {
      "d" : "1756459030530883392",
      "t" : 1756459030530,
      "tn" : 1756459030530883392,
      "q" : "13000",
      "p" : "0.00009319",
      "s" : "buy",
      "i" : "FLOKI_USD",
      "m" : "4611686018431360270"
    }, {
      "d" : "1756458976923808435",
      "t" : 1756458976923,
      "tn" : 1756458976923808435,
      "q" : "13000",
      "p" : "0.00009304",
      "s" : "buy",
      "i" : "FLOKI_USD",
      "m" : "4611686018431360269"
    }, {
      "d" : "1756458967793280998",
      "t" : 1756458967793,
      "tn" : 1756458967793280998,
      "q" : "13000",
      "p" : "0.00009304",
      "s" : "buy",
      "i" : "FLOKI_USD",
      "m" : "4611686018431360268"
    }, {
      "d" : "1756458967249500234",
      "t" : 1756458967249,
      "tn" : 1756458967249500234,
      "q" : "13000",
      "p" : "0.00009303",
      "s" : "buy",
      "i" : "FLOKI_USD",
      "m" : "4611686018431360267"
    }, {
      "d" : "1756458945064600982",
      "t" : 1756458945064,
      "tn" : 1756458945064600982,
      "q" : "13000",
      "p" : "0.00009299",
      "s" : "buy",
      "i" : "FLOKI_USD",
      "m" : "4611686018431360266"
    }, {
      "d" : "1756458898899901635",
      "t" : 1756458898899,
      "tn" : 1756458898899901635,
      "q" : "13000",
      "p" : "0.00009304",
      "s" : "sell",
      "i" : "FLOKI_USD",
      "m" : "4611686018431360265"
    }, {
      "d" : "1756458879196246947",
      "t" : 1756458879196,
      "tn" : 1756458879196246947,
      "q" : "13000",
      "p" : "0.00009304",
      "s" : "sell",
      "i" : "FLOKI_USD",
      "m" : "4611686018431360264"
    }, {
      "d" : "1756458707794508663",
      "t" : 1756458707794,
      "tn" : 1756458707794508663,
      "q" : "13000",
      "p" : "0.00009318",
      "s" : "buy",
      "i" : "FLOKI_USD",
      "m" : "4611686018431360263"
    }, {
      "d" : "1756458703541037484",
      "t" : 1756458703541,
      "tn" : 1756458703541037484,
      "q" : "13000",
      "p" : "0.00009312",
      "s" : "buy",
      "i" : "FLOKI_USD",
      "m" : "4611686018431360262"
    }, {
      "d" : "1756458701206608862",
      "t" : 1756458701206,
      "tn" : 1756458701206608862,
      "q" : "13000",
      "p" : "0.00009311",
      "s" : "buy",
      "i" : "FLOKI_USD",
      "m" : "4611686018431360261"
    }, {
      "d" : "1756458694934638358",
      "t" : 1756458694934,
      "tn" : 1756458694934638358,
      "q" : "13000",
      "p" : "0.00009308",
      "s" : "buy",
      "i" : "FLOKI_USD",
      "m" : "4611686018431360260"
    }, {
      "d" : "1756458687271378313",
      "t" : 1756458687271,
      "tn" : 1756458687271378313,
      "q" : "13000",
      "p" : "0.00009304",
      "s" : "buy",
      "i" : "FLOKI_USD",
      "m" : "4611686018431360259"
    }, {
      "d" : "1756458685812975650",
      "t" : 1756458685812,
      "tn" : 1756458685812975650,
      "q" : "13000",
      "p" : "0.00009302",
      "s" : "buy",
      "i" : "FLOKI_USD",
      "m" : "4611686018431360258"
    }, {
      "d" : "1756458676713619136",
      "t" : 1756458676713,
      "tn" : 1756458676713619136,
      "q" : "13000",
      "p" : "0.00009297",
      "s" : "sell",
      "i" : "FLOKI_USD",
      "m" : "4611686018431360257"
    }, {
      "d" : "1756458666799987855",
      "t" : 1756458666799,
      "tn" : 1756458666799987855,
      "q" : "13000",
      "p" : "0.00009294",
      "s" : "buy",
      "i" : "FLOKI_USD",
      "m" : "4611686018431360256"
    }, {
      "d" : "1756458634572980022",
      "t" : 1756458634572,
      "tn" : 1756458634572980022,
      "q" : "13000",
      "p" : "0.00009288",
      "s" : "sell",
      "i" : "FLOKI_USD",
      "m" : "4611686018431360255"
    }, {
      "d" : "1756458622678559134",
      "t" : 1756458622678,
      "tn" : 1756458622678559134,
      "q" : "13000",
      "p" : "0.00009289",
      "s" : "sell",
      "i" : "FLOKI_USD",
      "m" : "4611686018431360254"
    }, {
      "d" : "1756458598182129549",
      "t" : 1756458598182,
      "tn" : 1756458598182129549,
      "q" : "13000",
      "p" : "0.00009298",
      "s" : "buy",
      "i" : "FLOKI_USD",
      "m" : "4611686018431360253"
    }, {
      "d" : "1756458590312956586",
      "t" : 1756458590312,
      "tn" : 1756458590312956586,
      "q" : "13000",
      "p" : "0.00009294",
      "s" : "sell",
      "i" : "FLOKI_USD",
      "m" : "4611686018431360252"
    }, {
      "d" : "1756458570054455558",
      "t" : 1756458570054,
      "tn" : 1756458570054455558,
      "q" : "13000",
      "p" : "0.00009300",
      "s" : "buy",
      "i" : "FLOKI_USD",
      "m" : "4611686018431360251"
    }, {
      "d" : "1756458568762103742",
      "t" : 1756458568762,
      "tn" : 1756458568762103742,
      "q" : "13000",
      "p" : "0.00009294",
      "s" : "sell",
      "i" : "FLOKI_USD",
      "m" : "4611686018431360250"
    }, {
      "d" : "1756458568449614044",
      "t" : 1756458568449,
      "tn" : 1756458568449614044,
      "q" : "13000",
      "p" : "0.00009297",
      "s" : "sell",
      "i" : "FLOKI_USD",
      "m" : "4611686018431360249"
    }, {
      "d" : "1756458548549143419",
      "t" : 1756458548549,
      "tn" : 1756458548549143419,
      "q" : "13000",
      "p" : "0.00009304",
      "s" : "buy",
      "i" : "FLOKI_USD",
      "m" : "4611686018431360248"
    }, {
      "d" : "1756458548171568487",
      "t" : 1756458548171,
      "tn" : 1756458548171568487,
      "q" : "13000",
      "p" : "0.00009303",
      "s" : "buy",
      "i" : "FLOKI_USD",
      "m" : "4611686018431360247"
    }, {
      "d" : "1756458547811578935",
      "t" : 1756458547811,
      "tn" : 1756458547811578935,
      "q" : "13000",
      "p" : "0.00009302",
      "s" : "buy",
      "i" : "FLOKI_USD",
      "m" : "4611686018431360246"
    }, {
      "d" : "1756458541815341902",
      "t" : 1756458541815,
      "tn" : 1756458541815341902,
      "q" : "13000",
      "p" : "0.00009301",
      "s" : "buy",
      "i" : "FLOKI_USD",
      "m" : "4611686018431360245"
    }, {
      "d" : "1756458538784312061",
      "t" : 1756458538784,
      "tn" : 1756458538784312061,
      "q" : "13000",
      "p" : "0.00009297",
      "s" : "buy",
      "i" : "FLOKI_USD",
      "m" : "4611686018431360244"
    }, {
      "d" : "1756458471039520768",
      "t" : 1756458471039,
      "tn" : 1756458471039520768,
      "q" : "13000",
      "p" : "0.00009291",
      "s" : "buy",
      "i" : "FLOKI_USD",
      "m" : "4611686018431360243"
    }, {
      "d" : "1756458470242266867",
      "t" : 1756458470242,
      "tn" : 1756458470242266867,
      "q" : "503000",
      "p" : "0.00009296",
      "s" : "buy",
      "i" : "FLOKI_USD",
      "m" : "4611686018431360242"
    }, {
      "d" : "1756458470242264803",
      "t" : 1756458470242,
      "tn" : 1756458470242264803,
      "q" : "857000",
      "p" : "0.00009295",
      "s" : "buy",
      "i" : "FLOKI_USD",
      "m" : "4611686018431360241"
    }, {
      "d" : "1756458470242261679",
      "t" : 1756458470242,
      "tn" : 1756458470242261679,
      "q" : "13000",
      "p" : "0.00009291",
      "s" : "buy",
      "i" : "FLOKI_USD",
      "m" : "4611686018431360240"
    }, {
      "d" : "1756458468946946660",
      "t" : 1756458468946,
      "tn" : 1756458468946946660,
      "q" : "13000",
      "p" : "0.00009289",
      "s" : "sell",
      "i" : "FLOKI_USD",
      "m" : "4611686018431360239"
    }, {
      "d" : "1756458317605054262",
      "t" : 1756458317605,
      "tn" : 1756458317605054262,
      "q" : "13000",
      "p" : "0.00009298",
      "s" : "buy",
      "i" : "FLOKI_USD",
      "m" : "4611686018431360238"
    }, {
      "d" : "1756458317228126092",
      "t" : 1756458317228,
      "tn" : 1756458317228126092,
      "q" : "13000",
      "p" : "0.00009297",
      "s" : "buy",
      "i" : "FLOKI_USD",
      "m" : "4611686018431360237"
    }, {
      "d" : "1756458305890915108",
      "t" : 1756458305890,
      "tn" : 1756458305890915108,
      "q" : "13000",
      "p" : "0.00009289",
      "s" : "buy",
      "i" : "FLOKI_USD",
      "m" : "4611686018431360236"
    }, {
      "d" : "1756458248439162492",
      "t" : 1756458248439,
      "tn" : 1756458248439162492,
      "q" : "502000",
      "p" : "0.00009283",
      "s" : "sell",
      "i" : "FLOKI_USD",
      "m" : "4611686018431360235"
    }, {
      "d" : "1756458247516165519",
      "t" : 1756458247516,
      "tn" : 1756458247516165519,
      "q" : "65000",
      "p" : "0.00009283",
      "s" : "sell",
      "i" : "FLOKI_USD",
      "m" : "4611686018431360234"
    }, {
      "d" : "1756458246871058252",
      "t" : 1756458246871,
      "tn" : 1756458246871058252,
      "q" : "13000",
      "p" : "0.00009283",
      "s" : "buy",
      "i" : "FLOKI_USD",
      "m" : "4611686018431360233"
    }, {
      "d" : "1756458245163169957",
      "t" : 1756458245163,
      "tn" : 1756458245163169957,
      "q" : "13000",
      "p" : "0.00009280",
      "s" : "buy",
      "i" : "FLOKI_USD",
      "m" : "4611686018431360232"
    }, {
      "d" : "1756458245119206659",
      "t" : 1756458245119,
      "tn" : 1756458245119206659,
      "q" : "13000",
      "p" : "0.00009279",
      "s" : "buy",
      "i" : "FLOKI_USD",
      "m" : "4611686018431360231"
    }, {
      "d" : "1756458244123662476",
      "t" : 1756458244123,
      "tn" : 1756458244123662476,
      "q" : "13000",
      "p" : "0.00009277",
      "s" : "buy",
      "i" : "FLOKI_USD",
      "m" : "4611686018431360230"
    }, {
      "d" : "1756458241773475765",
      "t" : 1756458241773,
      "tn" : 1756458241773475765,
      "q" : "13000",
      "p" : "0.00009272",
      "s" : "buy",
      "i" : "FLOKI_USD",
      "m" : "4611686018431360229"
    }, {
      "d" : "1756458240655688590",
      "t" : 1756458240655,
      "tn" : 1756458240655688590,
      "q" : "13000",
      "p" : "0.00009267",
      "s" : "buy",
      "i" : "FLOKI_USD",
      "m" : "4611686018431360228"
    }, {
      "d" : "1756458235725442685",
      "t" : 1756458235725,
      "tn" : 1756458235725442685,
      "q" : "13000",
      "p" : "0.00009267",
      "s" : "buy",
      "i" : "FLOKI_USD",
      "m" : "4611686018431360227"
    }, {
      "d" : "1756458229733710286",
      "t" : 1756458229733,
      "tn" : 1756458229733710286,
      "q" : "13000",
      "p" : "0.00009269",
      "s" : "buy",
      "i" : "FLOKI_USD",
      "m" : "4611686018431360226"
    } ]
  }
}