{
  "id" : -1,
  "method" : "public/get-trades",
  "code" : 0,
  "result" : {
    "data" : [ {
      "d" : "1756452964478092161",
      "t" : 1756452964478,
      "tn" : 1756452964478092161,
      "q" : "32.7",
      "p" : "0.41140",
      "s" : "sell",
      "i" : "FLOW_USD",
      "m" : "4611686018430451374"
    }, {
      "d" : "1756452807186947499",
      "t" : 1756452807186,
      "tn" : 1756452807186947499,
      "q" : "50.0",
      "p" : "0.41321",
      "s" : "sell",
      "i" : "FLOW_USD",
      "m" : "4611686018430451373"
    }, {
      "d" : "1756452056756420120",
      "t" : 1756452056756,
      "tn" : 1756452056756420120,
      "q" : "15.0",
      "p" : "0.41119",
      "s" : "buy",
      "i" : "FLOW_USD",
      "m" : "4611686018430451372"
    }, {
      "d" : "1756450900131149478",
      "t" : 1756450900131,
      "tn" : 1756450900131149477,
      "q" : "726.8",
      "p" : "0.41298",
      "s" : "sell",
      "i" : "FLOW_USD",
      "m" : "4611686018430451371"
    }, {
      "d" : "1756450900131149477",
      "t" : 1756450900131,
      "tn" : 1756450900131149477,
      "q" : "72.8",
      "p" : "0.41298",
      "s" : "sell",
      "i" : "FLOW_USD",
      "m" : "4611686018430451371"
    }, {
      "d" : "1756450900131146128",
      "t" : 1756450900131,
      "tn" : 1756450900131146127,
      "q" : "1324.7",
      "p" : "0.41299",
      "s" : "sell",
      "i" : "FLOW_USD",
      "m" : "4611686018430451370"
    }, {
      "d" : "1756450900131146127",
      "t" : 1756450900131,
      "tn" : 1756450900131146127,
      "q" : "77.9",
      "p" : "0.41299",
      "s" : "sell",
      "i" : "FLOW_USD",
      "m" : "4611686018430451370"
    }, {
      "d" : "1756450900131142153",
      "t" : 1756450900131,
      "tn" : 1756450900131142153,
      "q" : "579.3",
      "p" : "0.41300",
      "s" : "sell",
      "i" : "FLOW_USD",
      "m" : "4611686018430451369"
    }, {
      "d" : "1756450476392931888",
      "t" : 1756450476392,
      "tn" : 1756450476392931888,
      "q" : "291.6",
      "p" : "0.41687",
      "s" : "buy",
      "i" : "FLOW_USD",
      "m" : "4611686018430451368"
    }, {
      "d" : "1756449282836052442",
      "t" : 1756449282836,
      "tn" : 1756449282836052442,
      "q" : "427.5",
      "p" : "0.41743",
      "s" : "buy",
      "i" : "FLOW_USD",
      "m" : "4611686018430451367"
    }, {
      "d" : "1756446890237694758",
      "t" : 1756446890237,
      "tn" : 1756446890237694758,
      "q" : "8.8",
      "p" : "0.42562",
      "s" : "sell",
      "i" : "FLOW_USD",
      "m" : "4611686018430451366"
    }, {
      "d" : "1756446743822289100",
      "t" : 1756446743822,
      "tn" : 1756446743822289100,
      "q" : "51.9",
      "p" : "0.42555",
      "s" : "sell",
      "i" : "FLOW_USD",
      "m" : "4611686018430451365"
    }, {
      "d" : "1756445994148161935",
      "t" : 1756445994148,
      "tn" : 1756445994148161935,
      "q" : "36.0",
      "p" : "0.42527",
      "s" : "buy",
      "i" : "FLOW_USD",
      "m" : "4611686018430451364"
    }, {
      "d" : "1756443697505647494",
      "t" : 1756443697505,
      "tn" : 1756443697505647494,
      "q" : "9.0",
      "p" : "0.42717",
      "s" : "sell",
      "i" : "FLOW_USD",
      "m" : "4611686018430451363"
    }, {
      "d" : "1756443619463449786",
      "t" : 1756443619463,
      "tn" : 1756443619463449786,
      "q" : "238.8",
      "p" : "0.42653",
      "s" : "sell",
      "i" : "FLOW_USD",
      "m" : "4611686018430451362"
    }, {
      "d" : "1756443448387313267",
      "t" : 1756443448387,
      "tn" : 1756443448387313267,
      "q" : "489.8",
      "p" : "0.42649",
      "s" : "sell",
      "i" : "FLOW_USD",
      "m" : "4611686018430451361"
    }, {
      "d" : "1756443448387310908",
      "t" : 1756443448387,
      "tn" : 1756443448387310908,
      "q" : "231.9",
      "p" : "0.42650",
      "s" : "sell",
      "i" : "FLOW_USD",
      "m" : "4611686018430451360"
    }, {
      "d" : "1756443117952869696",
      "t" : 1756443117952,
      "tn" : 1756443117952869696,
      "q" : "30.6",
      "p" : "0.42812",
      "s" : "sell",
      "i" : "FLOW_USD",
      "m" : "4611686018430451359"
    }, {
      "d" : "1756442895097586286",
      "t" : 1756442895097,
      "tn" : 1756442895097586286,
      "q" : "308.6",
      "p" : "0.42902",
      "s" : "sell",
      "i" : "FLOW_USD",
      "m" : "4611686018430451358"
    }, {
      "d" : "1756441613558018451",
      "t" : 1756441613558,
      "tn" : 1756441613558018451,
      "q" : "101.7",
      "p" : "0.42574",
      "s" : "buy",
      "i" : "FLOW_USD",
      "m" : "4611686018430451357"
    }, {
      "d" : "1756437311528806040",
      "t" : 1756437311528,
      "tn" : 1756437311528806040,
      "q" : "1076.6",
      "p" : "0.42532",
      "s" : "buy",
      "i" : "FLOW_USD",
      "m" : "4611686018430451356"
    }, {
      "d" : "1756437311528804042",
      "t" : 1756437311528,
      "tn" : 1756437311528804042,
      "q" : "293.9",
      "p" : "0.42531",
      "s" : "buy",
      "i" : "FLOW_USD",
      "m" : "4611686018430451355"
    }, {
      "d" : "1756437311269883160",
      "t" : 1756437311269,
      "tn" : 1756437311269883160,
      "q" : "829.6",
      "p" : "0.42532",
      "s" : "buy",
      "i" : "FLOW_USD",
      "m" : "4611686018430451354"
    }, {
      "d" : "1756437311269881437",
      "t" : 1756437311269,
      "tn" : 1756437311269881437,
      "q" : "293.9",
      "p" : "0.42531",
      "s" : "buy",
      "i" : "FLOW_USD",
      "m" : "4611686018430451353"
    }, {
      "d" : "1756435265545533290",
      "t" : 1756435265545,
      "tn" : 1756435265545533290,
      "q" : "192.5",
      "p" : "0.42145",
      "s" : "buy",
      "i" : "FLOW_USD",
      "m" : "4611686018430451352"
    }, {
      "d" : "1756432297901849760",
      "t" : 1756432297901,
      "tn" : 1756432297901849760,
      "q" : "35.4",
      "p" : "0.42052",
      "s" : "buy",
      "i" : "FLOW_USD",
      "m" : "4611686018430451351"
    }, {
      "d" : "1756431118120039947",
      "t" : 1756431118120,
      "tn" : 1756431118120039947,
      "q" : "162.9",
      "p" : "0.42094",
      "s" : "buy",
      "i" : "FLOW_USD",
      "m" : "4611686018430451350"
    }, {
      "d" : "1756431118120038190",
      "t" : 1756431118120,
      "tn" : 1756431118120038190,
      "q" : "568.5",
      "p" : "0.42085",
      "s" : "buy",
      "i" : "FLOW_USD",
      "m" : "4611686018430451349"
    }, {
      "d" : "1756431118120035425",
      "t" : 1756431118120,
      "tn" : 1756431118120035425,
      "q" : "297.0",
      "p" : "0.42084",
      "s" : "buy",
      "i" : "FLOW_USD",
      "m" : "4611686018430451348"
    }, {
      "d" : "1756430528996765457",
      "t" : 1756430528996,
      "tn" : 1756430528996765457,
      "q" : "80.8",
      "p" : "0.42112",
      "s" : "buy",
      "i" : "FLOW_USD",
      "m" : "4611686018430451347"
    }, {
      "d" : "1756430083612270028",
      "t" : 1756430083612,
      "tn" : 1756430083612270028,
      "q" : "9.5",
      "p" : "0.42230",
      "s" : "buy",
      "i" : "FLOW_USD",
      "m" : "4611686018430451346"
    }, {
      "d" : "1756429609196268148",
      "t" : 1756429609196,
      "tn" : 1756429609196268147,
      "q" : "22.7",
      "p" : "0.42437",
      "s" : "sell",
      "i" : "FLOW_USD",
      "m" : "4611686018430451345"
    }, {
      "d" : "1756429609196268147",
      "t" : 1756429609196,
      "tn" : 1756429609196268147,
      "q" : "113.2",
      "p" : "0.42437",
      "s" : "sell",
      "i" : "FLOW_USD",
      "m" : "4611686018430451345"
    }, {
      "d" : "1756428450792237174",
      "t" : 1756428450792,
      "tn" : 1756428450792237174,
      "q" : "145.0",
      "p" : "0.42635",
      "s" : "buy",
      "i" : "FLOW_USD",
      "m" : "4611686018430451344"
    }, {
      "d" : "1756428329563498710",
      "t" : 1756428329563,
      "tn" : 1756428329563498710,
      "q" : "16.1",
      "p" : "0.42524",
      "s" : "sell",
      "i" : "FLOW_USD",
      "m" : "4611686018430451343"
    }, {
      "d" : "1756427530372841591",
      "t" : 1756427530372,
      "tn" : 1756427530372841591,
      "q" : "224.2",
      "p" : "0.43195",
      "s" : "sell",
      "i" : "FLOW_USD",
      "m" : "4611686018430451342"
    }, {
      "d" : "1756425910954086369",
      "t" : 1756425910954,
      "tn" : 1756425910954086369,
      "q" : "1240.4",
      "p" : "0.43467",
      "s" : "sell",
      "i" : "FLOW_USD",
      "m" : "4611686018430451341"
    }, {
      "d" : "1756425910954084018",
      "t" : 1756425910954,
      "tn" : 1756425910954084017,
      "q" : "243.0",
      "p" : "0.43468",
      "s" : "sell",
      "i" : "FLOW_USD",
      "m" : "4611686018430451340"
    }, {
      "d" : "1756425910954084017",
      "t" : 1756425910954,
      "tn" : 1756425910954084017,
      "q" : "1127.8",
      "p" : "0.43468",
      "s" : "sell",
      "i" : "FLOW_USD",
      "m" : "4611686018430451340"
    }, {
      "d" : "1756425910954080071",
      "t" : 1756425910954,
      "tn" : 1756425910954080071,
      "q" : "64.6",
      "p" : "0.43469",
      "s" : "sell",
      "i" : "FLOW_USD",
      "m" : "4611686018430451339"
    }, {
      "d" : "1756425910954077789",
      "t" : 1756425910954,
      "tn" : 1756425910954077789,
      "q" : "107.2",
      "p" : "0.43471",
      "s" : "sell",
      "i" : "FLOW_USD",
      "m" : "4611686018430451338"
    }, {
      "d" : "1756425910954074859",
      "t" : 1756425910954,
      "tn" : 1756425910954074859,
      "q" : "568.5",
      "p" : "0.43472",
      "s" : "sell",
      "i" : "FLOW_USD",
      "m" : "4611686018430451337"
    }, {
      "d" : "1756425625943389543",
      "t" : 1756425625943,
      "tn" : 1756425625943389543,
      "q" : "340.0",
      "p" : "0.44000",
      "s" : "buy",
      "i" : "FLOW_USD",
      "m" : "4611686018430451336"
    }, {
      "d" : "1756425625849915557",
      "t" : 1756425625849,
      "tn" : 1756425625849915556,
      "q" : "949.4",
      "p" : "0.43979",
      "s" : "buy",
      "i" : "FLOW_USD",
      "m" : "4611686018430451335"
    }, {
      "d" : "1756425625849915556",
      "t" : 1756425625849,
      "tn" : 1756425625849915556,
      "q" : "1348.0",
      "p" : "0.43979",
      "s" : "buy",
      "i" : "FLOW_USD",
      "m" : "4611686018430451335"
    }, {
      "d" : "1756425625849911155",
      "t" : 1756425625849,
      "tn" : 1756425625849911155,
      "q" : "562.0",
      "p" : "0.43978",
      "s" : "buy",
      "i" : "FLOW_USD",
      "m" : "4611686018430451334"
    }, {
      "d" : "1756424721691869045",
      "t" : 1756424721691,
      "tn" : 1756424721691869045,
      "q" : "88.9",
      "p" : "0.43728",
      "s" : "sell",
      "i" : "FLOW_USD",
      "m" : "4611686018430451333"
    }, {
      "d" : "1756424388096122774",
      "t" : 1756424388096,
      "tn" : 1756424388096122774,
      "q" : "15.8",
      "p" : "0.43614",
      "s" : "buy",
      "i" : "FLOW_USD",
      "m" : "4611686018430451332"
    }, {
      "d" : "1756424326342010762",
      "t" : 1756424326342,
      "tn" : 1756424326342010762,
      "q" : "29.7",
      "p" : "0.43491",
      "s" : "buy",
      "i" : "FLOW_USD",
      "m" : "4611686018430451331"
    }, {
      "d" : "1756422174937638665",
      "t" : 1756422174937,
      "tn" : 1756422174937638665,
      "q" : "30.0",
      "p" : "0.42805",
      "s" : "buy",
      "i" : "FLOW_USD",
      "m" : "4611686018430451330"
    }, {
      "d" : "1756422073978813852",
      "t" : 1756422073978,
      "tn" : 1756422073978813852,
      "q" : "0.1",
      "p" : "0.42742",
      "s" : "sell",
      "i" : "FLOW_USD",
      "m" : "4611686018430451329"
    }, {
      "d" : "1756422073957551097",
      "t" : 1756422073957,
      "tn" : 1756422073957551097,
      "q" : "40.7",
      "p" : "0.42742",
      "s" : "sell",
      "i" : "FLOW_USD",
      "m" : "4611686018430451328"
    }, {
      "d" : "1756421341903138774",
      "t" : 1756421341903,
      "tn" : 1756421341903138774,
      "q" : "113.2",
      "p" : "0.42834",
      "s" : "sell",
      "i" : "FLOW_USD",
      "m" : "4611686018430451327"
    }, {
      "d" : "1756421341013532037",
      "t" : 1756421341013,
      "tn" : 1756421341013532037,
      "q" : "1251.9",
      "p" : "0.42647",
      "s" : "sell",
      "i" : "FLOW_USD",
      "m" : "4611686018430451326"
    }, {
      "d" : "1756420814731029410",
      "t" : 1756420814731,
      "tn" : 1756420814731029410,
      "q" : "125.0",
      "p" : "0.42826",
      "s" : "sell",
      "i" : "FLOW_USD",
      "m" : "4611686018430451325"
    }, {
      "d" : "1756420500678212994",
      "t" : 1756420500678,
      "tn" : 1756420500678212994,
      "q" : "798.7",
      "p" : "0.43000",
      "s" : "sell",
      "i" : "FLOW_USD",
      "m" : "4611686018430451324"
    }, {
      "d" : "1756420465995276323",
      "t" : 1756420465995,
      "tn" : 1756420465995276323,
      "q" : "289.7",
      "p" : "0.42899",
      "s" : "buy",
      "i" : "FLOW_USD",
      "m" : "4611686018430451323"
    }, {
      "d" : "1756419811512110074",
      "t" : 1756419811512,
      "tn" : 1756419811512110074,
      "q" : "0.1",
      "p" : "0.42320",
      "s" : "buy",
      "i" : "FLOW_USD",
      "m" : "4611686018430451322"
    }, {
      "d" : "1756419811454816862",
      "t" : 1756419811454,
      "tn" : 1756419811454816862,
      "q" : "1502.0",
      "p" : "0.42320",
      "s" : "buy",
      "i" : "FLOW_USD",
      "m" : "4611686018430451321"
    }, {
      "d" : "1756419806975991589",
      "t" : 1756419806975,
      "tn" : 1756419806975991589,
      "q" : "149.4",
      "p" : "0.42321",
      "s" : "buy",
      "i" : "FLOW_USD",
      "m" : "4611686018430451320"
    }, {
      "d" : "1756417943785239111",
      "t" : 1756417943785,
      "tn" : 1756417943785239111,
      "q" : "580.9",
      "p" : "0.41899",
      "s" : "buy",
      "i" : "FLOW_USD",
      "m" : "4611686018430451319"
    }, {
      "d" : "1756416691761592174",
      "t" : 1756416691761,
      "tn" : 1756416691761592174,
      "q" : "231.9",
      "p" : "0.41850",
      "s" : "buy",
      "i" : "FLOW_USD",
      "m" : "4611686018430451318"
    }, {
      "d" : "1756416414516822183",
      "t" : 1756416414516,
      "tn" : 1756416414516822183,
      "q" : "385.0",
      "p" : "0.41588",
      "s" : "buy",
      "i" : "FLOW_USD",
      "m" : "4611686018430451317"
    }, {
      "d" : "1756415640007394769",
      "t" : 1756415640007,
      "tn" : 1756415640007394769,
      "q" : "75.5",
      "p" : "0.41304",
      "s" : "buy",
      "i" : "FLOW_USD",
      "m" : "4611686018430451316"
    }, {
      "d" : "1756414390994447189",
      "t" : 1756414390994,
      "tn" : 1756414390994447189,
      "q" : "20.0",
      "p" : "0.41206",
      "s" : "buy",
      "i" : "FLOW_USD",
      "m" : "4611686018430451315"
    }, {
      "d" : "1756414253026367800",
      "t" : 1756414253026,
      "tn" : 1756414253026367800,
      "q" : "63.8",
      "p" : "0.41207",
      "s" : "sell",
      "i" : "FLOW_USD",
      "m" : "4611686018430451314"
    }, {
      "d" : "1756413165351106170",
      "t" : 1756413165351,
      "tn" : 1756413165351106170,
      "q" : "3.9",
      "p" : "0.41201",
      "s" : "sell",
      "i" : "FLOW_USD",
      "m" : "4611686018430451313"
    }, {
      "d" : "1756413055136005504",
      "t" : 1756413055136,
      "tn" : 1756413055136005504,
      "q" : "4.3",
      "p" : "0.41166",
      "s" : "buy",
      "i" : "FLOW_USD",
      "m" : "4611686018430451312"
    }, {
      "d" : "1756412525230221912",
      "t" : 1756412525230,
      "tn" : 1756412525230221912,
      "q" : "702.7",
      "p" : "0.41209",
      "s" : "buy",
      "i" : "FLOW_USD",
      "m" : "4611686018430451311"
    }, {
      "d" : "1756412525230218959",
      "t" : 1756412525230,
      "tn" : 1756412525230218959,
      "q" : "207.6",
      "p" : "0.41207",
      "s" : "buy",
      "i" : "FLOW_USD",
      "m" : "4611686018430451310"
    }, {
      "d" : "1756412525230215824",
      "t" : 1756412525230,
      "tn" : 1756412525230215824,
      "q" : "303.3",
      "p" : "0.41206",
      "s" : "buy",
      "i" : "FLOW_USD",
      "m" : "4611686018430451309"
    }, {
      "d" : "1756411611652184933",
      "t" : 1756411611652,
      "tn" : 1756411611652184933,
      "q" : "2421.9",
      "p" : "0.40654",
      "s" : "buy",
      "i" : "FLOW_USD",
      "m" : "4611686018430451308"
    }, {
      "d" : "1756409975179076075",
      "t" : 1756409975179,
      "tn" : 1756409975179076075,
      "q" : "56.9",
      "p" : "0.41167",
      "s" : "sell",
      "i" : "FLOW_USD",
      "m" : "4611686018430451307"
    }, {
      "d" : "1756406700485050033",
      "t" : 1756406700485,
      "tn" : 1756406700485050033,
      "q" : "7.4",
      "p" : "0.41240",
      "s" : "sell",
      "i" : "FLOW_USD",
      "m" : "4611686018430451306"
    }, {
      "d" : "1756402440042451332",
      "t" : 1756402440042,
      "tn" : 1756402440042451332,
      "q" : "129.5",
      "p" : "0.41044",
      "s" : "sell",
      "i" : "FLOW_USD",
      "m" : "4611686018430451305"
    }, {
      "d" : "1756400401547237825",
      "t" : 1756400401547,
      "tn" : 1756400401547237825,
      "q" : "1261.7",
      "p" : "0.40786",
      "s" : "sell",
      "i" : "FLOW_USD",
      "m" : "4611686018430451304"
    }, {
      "d" : "1756400401547236425",
      "t" : 1756400401547,
      "tn" : 1756400401547236425,
      "q" : "140.8",
      "p" : "0.40788",
      "s" : "sell",
      "i" : "FLOW_USD",
      "m" : "4611686018430451303"
    }, {
      "d" : "1756400401547233570",
      "t" : 1756400401547,
      "tn" : 1756400401547233570,
      "q" : "562.0",
      "p" : "0.40789",
      "s" : "sell",
      "i" : "FLOW_USD",
      "m" : "4611686018430451302"
    }, {
      "d" : "1756400232187491886",
      "t" : 1756400232187,
      "tn" : 1756400232187491886,
      "q" : "13.3",
      "p" : "0.41066",
      "s" : "sell",
      "i" : "FLOW_USD",
      "m" : "4611686018430451301"
    }, {
      "d" : "1756398800731328516",
      "t" : 1756398800731,
      "tn" : 1756398800731328516,
      "q" : "18.1",
      "p" : "0.41406",
      "s" : "sell",
      "i" : "FLOW_USD",
      "m" : "4611686018430451300"
    }, {
      "d" : "1756397388388391007",
      "t" : 1756397388388,
      "tn" : 1756397388388391007,
      "q" : "14.8",
      "p" : "0.41530",
      "s" : "sell",
      "i" : "FLOW_USD",
      "m" : "4611686018430451299"
    }, {
      "d" : "1756397081654977475",
      "t" : 1756397081654,
      "tn" : 1756397081654977475,
      "q" : "30.2",
      "p" : "0.41586",
      "s" : "buy",
      "i" : "FLOW_USD",
      "m" : "4611686018430451298"
    }, {
      "d" : "1756395416307527694",
      "t" : 1756395416307,
      "tn" : 1756395416307527694,
      "q" : "658.4",
      "p" : "0.41850",
      "s" : "sell",
      "i" : "FLOW_USD",
      "m" : "4611686018430451297"
    }, {
      "d" : "1756395150787352641",
      "t" : 1756395150787,
      "tn" : 1756395150787352641,
      "q" : "8.0",
      "p" : "0.41761",
      "s" : "sell",
      "i" : "FLOW_USD",
      "m" : "4611686018430451296"
    }, {
      "d" : "1756395149675654475",
      "t" : 1756395149675,
      "tn" : 1756395149675654475,
      "q" : "73.8",
      "p" : "0.41760",
      "s" : "sell",
      "i" : "FLOW_USD",
      "m" : "4611686018430451295"
    }, {
      "d" : "1756394400486045321",
      "t" : 1756394400486,
      "tn" : 1756394400486045321,
      "q" : "36.7",
      "p" : "0.42041",
      "s" : "sell",
      "i" : "FLOW_USD",
      "m" : "4611686018430451294"
    }, {
      "d" : "1756393957270260202",
      "t" : 1756393957270,
      "tn" : 1756393957270260202,
      "q" : "104.2",
      "p" : "0.41763",
      "s" : "sell",
      "i" : "FLOW_USD",
      "m" : "4611686018430451293"
    }, {
      "d" : "1756392974825747839",
      "t" : 1756392974825,
      "tn" : 1756392974825747839,
      "q" : "53.8",
      "p" : "0.41280",
      "s" : "buy",
      "i" : "FLOW_USD",
      "m" : "4611686018430451292"
    }, {
      "d" : "1756392703960976230",
      "t" : 1756392703960,
      "tn" : 1756392703960976230,
      "q" : "36.9",
      "p" : "0.41081",
      "s" : "buy",
      "i" : "FLOW_USD",
      "m" : "4611686018430451291"
    }, {
      "d" : "1756392295694948272",
      "t" : 1756392295694,
      "tn" : 1756392295694948272,
      "q" : "51.0",
      "p" : "0.41183",
      "s" : "sell",
      "i" : "FLOW_USD",
      "m" : "4611686018430451290"
    }, {
      "d" : "1756392172505823914",
      "t" : 1756392172505,
      "tn" : 1756392172505823914,
      "q" : "48.0",
      "p" : "0.41364",
      "s" : "sell",
      "i" : "FLOW_USD",
      "m" : "4611686018430451289"
    }, {
      "d" : "1756391855846534191",
      "t" : 1756391855846,
      "tn" : 1756391855846534191,
      "q" : "2345.9",
      "p" : "0.41182",
      "s" : "sell",
      "i" : "FLOW_USD",
      "m" : "4611686018430451288"
    }, {
      "d" : "1756391851962922179",
      "t" : 1756391851962,
      "tn" : 1756391851962922179,
      "q" : "3.9",
      "p" : "0.41113",
      "s" : "buy",
      "i" : "FLOW_USD",
      "m" : "4611686018430451287"
    }, {
      "d" : "1756391851847452869",
      "t" : 1756391851847,
      "tn" : 1756391851847452869,
      "q" : "607.0",
      "p" : "0.41113",
      "s" : "buy",
      "i" : "FLOW_USD",
      "m" : "4611686018430451286"
    }, {
      "d" : "1756391851764397836",
      "t" : 1756391851764,
      "tn" : 1756391851764397836,
      "q" : "901.5",
      "p" : "0.41108",
      "s" : "buy",
      "i" : "FLOW_USD",
      "m" : "4611686018430451285"
    }, {
      "d" : "1756391851764395703",
      "t" : 1756391851764,
      "tn" : 1756391851764395703,
      "q" : "200.8",
      "p" : "0.41105",
      "s" : "buy",
      "i" : "FLOW_USD",
      "m" : "4611686018430451284"
    }, {
      "d" : "1756391851764393324",
      "t" : 1756391851764,
      "tn" : 1756391851764393324,
      "q" : "32.6",
      "p" : "0.41103",
      "s" : "buy",
      "i" : "FLOW_USD",
      "m" : "4611686018430451283"
    }, {
      "d" : "1756391851761726439",
      "t" : 1756391851761,
      "tn" : 1756391851761726439,
      "q" : "525.1",
      "p" : "0.41103",
      "s" : "buy",
      "i" : "FLOW_USD",
      "m" : "4611686018430451282"
    }, {
      "d" : "1756391851761724873",
      "t" : 1756391851761,
      "tn" : 1756391851761724873,
      "q" : "226.5",
      "p" : "0.41102",
      "s" : "buy",
      "i" : "FLOW_USD",
      "m" : "4611686018430451281"
    }, {
      "d" : "1756391851759111475",
      "t" : 1756391851759,
      "tn" : 1756391851759111475,
      "q" : "16.3",
      "p" : "0.41102",
      "s" : "buy",
      "i" : "FLOW_USD",
      "m" : "4611686018430451280"
    }, {
      "d" : "1756391316272024679",
      "t" : 1756391316272,
      "tn" : 1756391316272024679,
      "q" : "247.4",
      "p" : "0.40680",
      "s" : "sell",
      "i" : "FLOW_USD",
      "m" : "4611686018430451279"
    }, {
      "d" : "1756391316272022764",
      "t" : 1756391316272,
      "tn" : 1756391316272022764,
      "q" : "245.1",
      "p" : "0.40780",
      "s" : "sell",
      "i" : "FLOW_USD",
      "m" : "4611686018430451278"
    }, {
      "d" : "1756391312897456000",
      "t" : 1756391312897,
      "tn" : 1756391312897456000,
      "q" : "557.7",
      "p" : "0.41276",
      "s" : "sell",
      "i" : "FLOW_USD",
      "m" : "4611686018430451277"
    }, {
      "d" : "1756391180479046190",
      "t" : 1756391180479,
      "tn" : 1756391180479046190,
      "q" : "29.5",
      "p" : "0.41053",
      "s" : "buy",
      "i" : "FLOW_USD",
      "m" : "4611686018430451276"
    }, {
      "d" : "1756391177201348374",
      "t" : 1756391177201,
      "tn" : 1756391177201348374,
      "q" : "20.2",
      "p" : "0.40873",
      "s" : "buy",
      "i" : "FLOW_USD",
      "m" : "4611686018430451275"
    }, {
      "d" : "1756390573834158866",
      "t" : 1756390573834,
      "tn" : 1756390573834158866,
      "q" : "10.0",
      "p" : "0.40884",
      "s" : "buy",
      "i" : "FLOW_USD",
      "m" : "4611686018430451274"
    }, {
      "d" : "1756389853295062265",
      "t" : 1756389853295,
      "tn" : 1756389853295062265,
      "q" : "270.7",
      "p" : "0.40854",
      "s" : "sell",
      "i" : "FLOW_USD",
      "m" : "4611686018430451273"
    }, {
      "d" : "1756389779957907382",
      "t" : 1756389779957,
      "tn" : 1756389779957907382,
      "q" : "15.0",
      "p" : "0.40725",
      "s" : "buy",
      "i" : "FLOW_USD",
      "m" : "4611686018430451272"
    }, {
      "d" : "1756389758104032489",
      "t" : 1756389758104,
      "tn" : 1756389758104032489,
      "q" : "20.0",
      "p" : "0.40545",
      "s" : "buy",
      "i" : "FLOW_USD",
      "m" : "4611686018430451271"
    }, {
      "d" : "1756388030007281478",
      "t" : 1756388030007,
      "tn" : 1756388030007281478,
      "q" : "10.8",
      "p" : "0.40363",
      "s" : "buy",
      "i" : "FLOW_USD",
      "m" : "4611686018430451270"
    }, {
      "d" : "1756387599565213998",
      "t" : 1756387599565,
      "tn" : 1756387599565213998,
      "q" : "66.6",
      "p" : "0.40182",
      "s" : "buy",
      "i" : "FLOW_USD",
      "m" : "4611686018430451269"
    }, {
      "d" : "1756386638004535166",
      "t" : 1756386638004,
      "tn" : 1756386638004535166,
      "q" : "2909.4",
      "p" : "0.40008",
      "s" : "buy",
      "i" : "FLOW_USD",
      "m" : "4611686018430451268"
    }, {
      "d" : "1756385744087882824",
      "t" : 1756385744087,
      "tn" : 1756385744087882824,
      "q" : "494.5",
      "p" : "0.40622",
      "s" : "buy",
      "i" : "FLOW_USD",
      "m" : "4611686018430451267"
    }, {
      "d" : "1756385601279070784",
      "t" : 1756385601279,
      "tn" : 1756385601279070784,
      "q" : "225.9",
      "p" : "0.40213",
      "s" : "sell",
      "i" : "FLOW_USD",
      "m" : "4611686018430451266"
    }, {
      "d" : "1756385600765334176",
      "t" : 1756385600765,
      "tn" : 1756385600765334176,
      "q" : "290.5",
      "p" : "0.40411",
      "s" : "buy",
      "i" : "FLOW_USD",
      "m" : "4611686018430451265"
    }, {
      "d" : "1756385600765332568",
      "t" : 1756385600765,
      "tn" : 1756385600765332568,
      "q" : "81.0",
      "p" : "0.40410",
      "s" : "buy",
      "i" : "FLOW_USD",
      "m" : "4611686018430451264"
    }, {
      "d" : "1756383765280310777",
      "t" : 1756383765280,
      "tn" : 1756383765280310777,
      "q" : "50.7",
      "p" : "0.39798",
      "s" : "buy",
      "i" : "FLOW_USD",
      "m" : "4611686018430451263"
    }, {
      "d" : "1756383228540009347",
      "t" : 1756383228540,
      "tn" : 1756383228540009347,
      "q" : "81.0",
      "p" : "0.39635",
      "s" : "sell",
      "i" : "FLOW_USD",
      "m" : "4611686018430451262"
    }, {
      "d" : "1756383030926378848",
      "t" : 1756383030926,
      "tn" : 1756383030926378848,
      "q" : "51.4",
      "p" : "0.39859",
      "s" : "buy",
      "i" : "FLOW_USD",
      "m" : "4611686018430451261"
    }, {
      "d" : "1756381779412478902",
      "t" : 1756381779412,
      "tn" : 1756381779412478902,
      "q" : "146.4",
      "p" : "0.39761",
      "s" : "buy",
      "i" : "FLOW_USD",
      "m" : "4611686018430451260"
    }, {
      "d" : "1756379823170569320",
      "t" : 1756379823170,
      "tn" : 1756379823170569320,
      "q" : "12.6",
      "p" : "0.39688",
      "s" : "buy",
      "i" : "FLOW_USD",
      "m" : "4611686018430451259"
    }, {
      "d" : "1756377095776038349",
      "t" : 1756377095776,
      "tn" : 1756377095776038349,
      "q" : "1003.2",
      "p" : "0.39799",
      "s" : "buy",
      "i" : "FLOW_USD",
      "m" : "4611686018430451258"
    }, {
      "d" : "1756377039090851794",
      "t" : 1756377039090,
      "tn" : 1756377039090851794,
      "q" : "489.0",
      "p" : "0.39624",
      "s" : "buy",
      "i" : "FLOW_USD",
      "m" : "4611686018430451257"
    }, {
      "d" : "1756376954921044032",
      "t" : 1756376954921,
      "tn" : 1756376954921044032,
      "q" : "18.0",
      "p" : "0.39623",
      "s" : "buy",
      "i" : "FLOW_USD",
      "m" : "4611686018430451256"
    }, {
      "d" : "1756376094103493505",
      "t" : 1756376094103,
      "tn" : 1756376094103493505,
      "q" : "1401.3",
      "p" : "0.39799",
      "s" : "sell",
      "i" : "FLOW_USD",
      "m" : "4611686018430451255"
    }, {
      "d" : "1756376094101971134",
      "t" : 1756376094101,
      "tn" : 1756376094101971134,
      "q" : "152.1",
      "p" : "0.39799",
      "s" : "sell",
      "i" : "FLOW_USD",
      "m" : "4611686018430451254"
    }, {
      "d" : "1756376094101969376",
      "t" : 1756376094101,
      "tn" : 1756376094101969376,
      "q" : "1228.2",
      "p" : "0.39800",
      "s" : "sell",
      "i" : "FLOW_USD",
      "m" : "4611686018430451253"
    } ]
  }
}