{
  "id" : -1,
  "method" : "public/get-trades",
  "code" : 0,
  "result" : {
    "data" : [ {
      "d" : "1756448079801886562",
      "t" : 1756448079801,
      "tn" : 1756448079801886562,
      "q" : "527.1",
      "p" : "0.42133",
      "s" : "sell",
      "i" : "FLOW_USDT",
      "m" : "4611686018430822503"
    }, {
      "d" : "1756448079801884878",
      "t" : 1756448079801,
      "tn" : 1756448079801884878,
      "q" : "258.4",
      "p" : "0.42137",
      "s" : "sell",
      "i" : "FLOW_USDT",
      "m" : "4611686018430822502"
    }, {
      "d" : "1756448079801881416",
      "t" : 1756448079801,
      "tn" : 1756448079801881416,
      "q" : "355.9",
      "p" : "0.42138",
      "s" : "sell",
      "i" : "FLOW_USDT",
      "m" : "4611686018430822501"
    }, {
      "d" : "1756443448387985870",
      "t" : 1756443448387,
      "tn" : 1756443448387985870,
      "q" : "42.3",
      "p" : "0.42611",
      "s" : "sell",
      "i" : "FLOW_USDT",
      "m" : "4611686018430822500"
    }, {
      "d" : "1756441613558028529",
      "t" : 1756441613558,
      "tn" : 1756441613558028529,
      "q" : "1115.5",
      "p" : "0.42578",
      "s" : "buy",
      "i" : "FLOW_USDT",
      "m" : "4611686018430822499"
    }, {
      "d" : "1756441613558026987",
      "t" : 1756441613558,
      "tn" : 1756441613558026987,
      "q" : "200.0",
      "p" : "0.42577",
      "s" : "buy",
      "i" : "FLOW_USDT",
      "m" : "4611686018430822498"
    }, {
      "d" : "1756430462899176817",
      "t" : 1756430462899,
      "tn" : 1756430462899176817,
      "q" : "634.9",
      "p" : "0.42076",
      "s" : "sell",
      "i" : "FLOW_USDT",
      "m" : "4611686018430822497"
    }, {
      "d" : "1756430462899175186",
      "t" : 1756430462899,
      "tn" : 1756430462899175186,
      "q" : "240.4",
      "p" : "0.42078",
      "s" : "sell",
      "i" : "FLOW_USDT",
      "m" : "4611686018430822496"
    }, {
      "d" : "1756430462899172464",
      "t" : 1756430462899,
      "tn" : 1756430462899172464,
      "q" : "144.7",
      "p" : "0.42080",
      "s" : "sell",
      "i" : "FLOW_USDT",
      "m" : "4611686018430822495"
    }, {
      "d" : "1756430457896270884",
      "t" : 1756430457896,
      "tn" : 1756430457896270884,
      "q" : "438.1",
      "p" : "0.42078",
      "s" : "sell",
      "i" : "FLOW_USDT",
      "m" : "4611686018430822494"
    }, {
      "d" : "1756430457896269204",
      "t" : 1756430457896,
      "tn" : 1756430457896269204,
      "q" : "181.9",
      "p" : "0.42079",
      "s" : "sell",
      "i" : "FLOW_USDT",
      "m" : "4611686018430822493"
    }, {
      "d" : "1756430452994740157",
      "t" : 1756430452994,
      "tn" : 1756430452994740157,
      "q" : "56.4",
      "p" : "0.42076",
      "s" : "sell",
      "i" : "FLOW_USDT",
      "m" : "4611686018430822492"
    }, {
      "d" : "1756430452983274508",
      "t" : 1756430452983,
      "tn" : 1756430452983274508,
      "q" : "1003.3",
      "p" : "0.42076",
      "s" : "sell",
      "i" : "FLOW_USDT",
      "m" : "4611686018430822491"
    }, {
      "d" : "1756430452983272530",
      "t" : 1756430452983,
      "tn" : 1756430452983272530,
      "q" : "356.4",
      "p" : "0.42077",
      "s" : "sell",
      "i" : "FLOW_USDT",
      "m" : "4611686018430822490"
    }, {
      "d" : "1756427721724536898",
      "t" : 1756427721724,
      "tn" : 1756427721724536898,
      "q" : "200.0",
      "p" : "0.42966",
      "s" : "sell",
      "i" : "FLOW_USDT",
      "m" : "4611686018430822489"
    }, {
      "d" : "1756427721724535273",
      "t" : 1756427721724,
      "tn" : 1756427721724535273,
      "q" : "134.0",
      "p" : "0.42970",
      "s" : "sell",
      "i" : "FLOW_USDT",
      "m" : "4611686018430822488"
    }, {
      "d" : "1756427721724531401",
      "t" : 1756427721724,
      "tn" : 1756427721724531401,
      "q" : "349.0",
      "p" : "0.42975",
      "s" : "sell",
      "i" : "FLOW_USDT",
      "m" : "4611686018430822487"
    }, {
      "d" : "1756427199795307643",
      "t" : 1756427199795,
      "tn" : 1756427199795307643,
      "q" : "213.5",
      "p" : "0.43295",
      "s" : "buy",
      "i" : "FLOW_USDT",
      "m" : "4611686018430822486"
    }, {
      "d" : "1756427199795305914",
      "t" : 1756427199795,
      "tn" : 1756427199795305914,
      "q" : "253.2",
      "p" : "0.43294",
      "s" : "buy",
      "i" : "FLOW_USDT",
      "m" : "4611686018430822485"
    }, {
      "d" : "1756427199795302649",
      "t" : 1756427199795,
      "tn" : 1756427199795302649,
      "q" : "321.4",
      "p" : "0.43293",
      "s" : "buy",
      "i" : "FLOW_USDT",
      "m" : "4611686018430822484"
    }, {
      "d" : "1756425902824395448",
      "t" : 1756425902824,
      "tn" : 1756425902824395448,
      "q" : "129.0",
      "p" : "0.43595",
      "s" : "sell",
      "i" : "FLOW_USDT",
      "m" : "4611686018430822483"
    }, {
      "d" : "1756425902824393616",
      "t" : 1756425902824,
      "tn" : 1756425902824393616,
      "q" : "317.8",
      "p" : "0.43598",
      "s" : "sell",
      "i" : "FLOW_USDT",
      "m" : "4611686018430822482"
    }, {
      "d" : "1756425902824389730",
      "t" : 1756425902824,
      "tn" : 1756425902824389730,
      "q" : "253.2",
      "p" : "0.43599",
      "s" : "sell",
      "i" : "FLOW_USDT",
      "m" : "4611686018430822481"
    }, {
      "d" : "1756419824849031653",
      "t" : 1756419824849,
      "tn" : 1756419824849031653,
      "q" : "794.3",
      "p" : "0.42570",
      "s" : "buy",
      "i" : "FLOW_USDT",
      "m" : "4611686018430822480"
    }, {
      "d" : "1756401746635985294",
      "t" : 1756401746635,
      "tn" : 1756401746635985294,
      "q" : "229.7",
      "p" : "0.41065",
      "s" : "buy",
      "i" : "FLOW_USDT",
      "m" : "4611686018430822479"
    }, {
      "d" : "1756401746635983456",
      "t" : 1756401746635,
      "tn" : 1756401746635983456,
      "q" : "268.9",
      "p" : "0.41064",
      "s" : "buy",
      "i" : "FLOW_USDT",
      "m" : "4611686018430822478"
    }, {
      "d" : "1756400357580981270",
      "t" : 1756400357580,
      "tn" : 1756400357580981270,
      "q" : "164.7",
      "p" : "0.40826",
      "s" : "sell",
      "i" : "FLOW_USDT",
      "m" : "4611686018430822477"
    }, {
      "d" : "1756400357580979333",
      "t" : 1756400357580,
      "tn" : 1756400357580979333,
      "q" : "248.6",
      "p" : "0.40827",
      "s" : "sell",
      "i" : "FLOW_USDT",
      "m" : "4611686018430822476"
    }, {
      "d" : "1756400110306831751",
      "t" : 1756400110306,
      "tn" : 1756400110306831751,
      "q" : "471.8",
      "p" : "0.41014",
      "s" : "sell",
      "i" : "FLOW_USDT",
      "m" : "4611686018430822475"
    }, {
      "d" : "1756400110306830022",
      "t" : 1756400110306,
      "tn" : 1756400110306830022,
      "q" : "365.7",
      "p" : "0.41015",
      "s" : "sell",
      "i" : "FLOW_USDT",
      "m" : "4611686018430822474"
    }, {
      "d" : "1756394410452904566",
      "t" : 1756394410452,
      "tn" : 1756394410452904565,
      "q" : "400.4",
      "p" : "0.41850",
      "s" : "sell",
      "i" : "FLOW_USDT",
      "m" : "4611686018430822473"
    }, {
      "d" : "1756394410452904565",
      "t" : 1756394410452,
      "tn" : 1756394410452904565,
      "q" : "77.3",
      "p" : "0.41850",
      "s" : "sell",
      "i" : "FLOW_USDT",
      "m" : "4611686018430822473"
    }, {
      "d" : "1756394410328036753",
      "t" : 1756394410328,
      "tn" : 1756394410328036753,
      "q" : "644.6",
      "p" : "0.41850",
      "s" : "sell",
      "i" : "FLOW_USDT",
      "m" : "4611686018430822472"
    }, {
      "d" : "1756394410317393610",
      "t" : 1756394410317,
      "tn" : 1756394410317393610,
      "q" : "1688.6",
      "p" : "0.41850",
      "s" : "sell",
      "i" : "FLOW_USDT",
      "m" : "4611686018430822471"
    }, {
      "d" : "1756393026706395888",
      "t" : 1756393026706,
      "tn" : 1756393026706395888,
      "q" : "670.6",
      "p" : "0.41366",
      "s" : "buy",
      "i" : "FLOW_USDT",
      "m" : "4611686018430822470"
    }, {
      "d" : "1756393023308208367",
      "t" : 1756393023308,
      "tn" : 1756393023308208367,
      "q" : "678.8",
      "p" : "0.41366",
      "s" : "buy",
      "i" : "FLOW_USDT",
      "m" : "4611686018430822469"
    }, {
      "d" : "1756393023147586859",
      "t" : 1756393023147,
      "tn" : 1756393023147586859,
      "q" : "670.5",
      "p" : "0.41366",
      "s" : "buy",
      "i" : "FLOW_USDT",
      "m" : "4611686018430822468"
    }, {
      "d" : "1756393021916314834",
      "t" : 1756393021916,
      "tn" : 1756393021916314834,
      "q" : "992.6",
      "p" : "0.41366",
      "s" : "buy",
      "i" : "FLOW_USDT",
      "m" : "4611686018430822467"
    }, {
      "d" : "1756393021916311820",
      "t" : 1756393021916,
      "tn" : 1756393021916311820,
      "q" : "369.3",
      "p" : "0.41365",
      "s" : "buy",
      "i" : "FLOW_USDT",
      "m" : "4611686018430822466"
    }, {
      "d" : "1756392508087039409",
      "t" : 1756392508087,
      "tn" : 1756392508087039409,
      "q" : "437.7",
      "p" : "0.41041",
      "s" : "sell",
      "i" : "FLOW_USDT",
      "m" : "4611686018430822465"
    }, {
      "d" : "1756392508087037786",
      "t" : 1756392508087,
      "tn" : 1756392508087037786,
      "q" : "268.9",
      "p" : "0.41043",
      "s" : "sell",
      "i" : "FLOW_USDT",
      "m" : "4611686018430822464"
    }, {
      "d" : "1756392508087034285",
      "t" : 1756392508087,
      "tn" : 1756392508087034285,
      "q" : "365.4",
      "p" : "0.41044",
      "s" : "sell",
      "i" : "FLOW_USDT",
      "m" : "4611686018430822463"
    }, {
      "d" : "1756391919025545967",
      "t" : 1756391919025,
      "tn" : 1756391919025545967,
      "q" : "157.1",
      "p" : "0.41199",
      "s" : "buy",
      "i" : "FLOW_USDT",
      "m" : "4611686018430822462"
    }, {
      "d" : "1756391919024601542",
      "t" : 1756391919024,
      "tn" : 1756391919024601542,
      "q" : "1355.5",
      "p" : "0.41199",
      "s" : "buy",
      "i" : "FLOW_USDT",
      "m" : "4611686018430822461"
    }, {
      "d" : "1756391917697834442",
      "t" : 1756391917697,
      "tn" : 1756391917697834442,
      "q" : "782.2",
      "p" : "0.41199",
      "s" : "buy",
      "i" : "FLOW_USDT",
      "m" : "4611686018430822460"
    }, {
      "d" : "1756391917697832709",
      "t" : 1756391917697,
      "tn" : 1756391917697832709,
      "q" : "122.1",
      "p" : "0.41198",
      "s" : "buy",
      "i" : "FLOW_USDT",
      "m" : "4611686018430822459"
    }, {
      "d" : "1756391917693609064",
      "t" : 1756391917693,
      "tn" : 1756391917693609064,
      "q" : "949.6",
      "p" : "0.41198",
      "s" : "buy",
      "i" : "FLOW_USDT",
      "m" : "4611686018430822458"
    }, {
      "d" : "1756391917693607282",
      "t" : 1756391917693,
      "tn" : 1756391917693607282,
      "q" : "267.9",
      "p" : "0.41197",
      "s" : "buy",
      "i" : "FLOW_USDT",
      "m" : "4611686018430822457"
    }, {
      "d" : "1756391912269497620",
      "t" : 1756391912269,
      "tn" : 1756391912269497620,
      "q" : "1030.0",
      "p" : "0.41198",
      "s" : "buy",
      "i" : "FLOW_USDT",
      "m" : "4611686018430822456"
    }, {
      "d" : "1756391912219960259",
      "t" : 1756391912219,
      "tn" : 1756391912219960259,
      "q" : "157.7",
      "p" : "0.41198",
      "s" : "buy",
      "i" : "FLOW_USDT",
      "m" : "4611686018430822455"
    }, {
      "d" : "1756391326034938743",
      "t" : 1756391326034,
      "tn" : 1756391326034938743,
      "q" : "411.8",
      "p" : "0.40984",
      "s" : "sell",
      "i" : "FLOW_USDT",
      "m" : "4611686018430822454"
    }, {
      "d" : "1756391326034936255",
      "t" : 1756391326034,
      "tn" : 1756391326034936255,
      "q" : "365.8",
      "p" : "0.40985",
      "s" : "sell",
      "i" : "FLOW_USDT",
      "m" : "4611686018430822453"
    }, {
      "d" : "1756391323916724263",
      "t" : 1756391323916,
      "tn" : 1756391323916724263,
      "q" : "1682.0",
      "p" : "0.40985",
      "s" : "sell",
      "i" : "FLOW_USDT",
      "m" : "4611686018430822452"
    }, {
      "d" : "1756391323899663190",
      "t" : 1756391323899,
      "tn" : 1756391323899663190,
      "q" : "690.3",
      "p" : "0.40985",
      "s" : "sell",
      "i" : "FLOW_USDT",
      "m" : "4611686018430822451"
    }, {
      "d" : "1756391323881141472",
      "t" : 1756391323881,
      "tn" : 1756391323881141472,
      "q" : "206.0",
      "p" : "0.40985",
      "s" : "sell",
      "i" : "FLOW_USDT",
      "m" : "4611686018430822450"
    }, {
      "d" : "1756391323881139459",
      "t" : 1756391323881,
      "tn" : 1756391323881139459,
      "q" : "38.1",
      "p" : "0.40987",
      "s" : "sell",
      "i" : "FLOW_USDT",
      "m" : "4611686018430822449"
    }, {
      "d" : "1756391323880771039",
      "t" : 1756391323880,
      "tn" : 1756391323880771039,
      "q" : "122.0",
      "p" : "0.40987",
      "s" : "sell",
      "i" : "FLOW_USDT",
      "m" : "4611686018430822448"
    }, {
      "d" : "1756391323700927538",
      "t" : 1756391323700,
      "tn" : 1756391323700927538,
      "q" : "107.8",
      "p" : "0.40987",
      "s" : "sell",
      "i" : "FLOW_USDT",
      "m" : "4611686018430822447"
    }, {
      "d" : "1756391323700925541",
      "t" : 1756391323700,
      "tn" : 1756391323700925540,
      "q" : "301.6",
      "p" : "0.40988",
      "s" : "sell",
      "i" : "FLOW_USDT",
      "m" : "4611686018430822446"
    }, {
      "d" : "1756391323700925540",
      "t" : 1756391323700,
      "tn" : 1756391323700925540,
      "q" : "277.5",
      "p" : "0.40988",
      "s" : "sell",
      "i" : "FLOW_USDT",
      "m" : "4611686018430822446"
    }, {
      "d" : "1756390597242827553",
      "t" : 1756390597242,
      "tn" : 1756390597242827553,
      "q" : "490.5",
      "p" : "0.40932",
      "s" : "buy",
      "i" : "FLOW_USDT",
      "m" : "4611686018430822445"
    }, {
      "d" : "1756390597242825642",
      "t" : 1756390597242,
      "tn" : 1756390597242825642,
      "q" : "258.0",
      "p" : "0.40931",
      "s" : "buy",
      "i" : "FLOW_USDT",
      "m" : "4611686018430822444"
    }, {
      "d" : "1756389765766595596",
      "t" : 1756389765766,
      "tn" : 1756389765766595596,
      "q" : "258.0",
      "p" : "0.40199",
      "s" : "sell",
      "i" : "FLOW_USDT",
      "m" : "4611686018430822443"
    }, {
      "d" : "1756387841791368013",
      "t" : 1756387841791,
      "tn" : 1756387841791368013,
      "q" : "5.2",
      "p" : "0.40281",
      "s" : "buy",
      "i" : "FLOW_USDT",
      "m" : "4611686018430822442"
    }, {
      "d" : "1756384871757459562",
      "t" : 1756384871757,
      "tn" : 1756384871757459562,
      "q" : "201.8",
      "p" : "0.40119",
      "s" : "buy",
      "i" : "FLOW_USDT",
      "m" : "4611686018430822441"
    }, {
      "d" : "1756384871757457327",
      "t" : 1756384871757,
      "tn" : 1756384871757457327,
      "q" : "1506.3",
      "p" : "0.40117",
      "s" : "buy",
      "i" : "FLOW_USDT",
      "m" : "4611686018430822440"
    }, {
      "d" : "1756384860562612583",
      "t" : 1756384860562,
      "tn" : 1756384860562612583,
      "q" : "482.0",
      "p" : "0.40118",
      "s" : "buy",
      "i" : "FLOW_USDT",
      "m" : "4611686018430822439"
    }, {
      "d" : "1756384860562610819",
      "t" : 1756384860562,
      "tn" : 1756384860562610819,
      "q" : "285.0",
      "p" : "0.40117",
      "s" : "buy",
      "i" : "FLOW_USDT",
      "m" : "4611686018430822438"
    }, {
      "d" : "1756384860560525150",
      "t" : 1756384860560,
      "tn" : 1756384860560525150,
      "q" : "797.1",
      "p" : "0.40117",
      "s" : "buy",
      "i" : "FLOW_USDT",
      "m" : "4611686018430822437"
    }, {
      "d" : "1756384848412136721",
      "t" : 1756384848412,
      "tn" : 1756384848412136721,
      "q" : "753.9",
      "p" : "0.40118",
      "s" : "buy",
      "i" : "FLOW_USDT",
      "m" : "4611686018430822436"
    }, {
      "d" : "1756383228539343004",
      "t" : 1756383228539,
      "tn" : 1756383228539343004,
      "q" : "81.0",
      "p" : "0.39526",
      "s" : "sell",
      "i" : "FLOW_USDT",
      "m" : "4611686018430822435"
    } ]
  }
}