{
  "id" : -1,
  "method" : "public/get-trades",
  "code" : 0,
  "result" : {
    "data" : [ {
      "d" : "1756394410451940849",
      "t" : 1756394410451,
      "tn" : 1756394410451940849,
      "q" : "477.9",
      "p" : "0.41840",
      "s" : "sell",
      "i" : "FLOWUSD-PERP",
      "m" : "4611686018430765131"
    }, {
      "d" : "1756391323879823712",
      "t" : 1756391323879,
      "tn" : 1756391323879823712,
      "q" : "122.0",
      "p" : "0.40928",
      "s" : "sell",
      "i" : "FLOWUSD-PERP",
      "m" : "4611686018430765130"
    }, {
      "d" : "1756391323879821445",
      "t" : 1756391323879,
      "tn" : 1756391323879821445,
      "q" : "122.1",
      "p" : "0.40936",
      "s" : "sell",
      "i" : "FLOWUSD-PERP",
      "m" : "4611686018430765129"
    }, {
      "d" : "1756391323879819954",
      "t" : 1756391323879,
      "tn" : 1756391323879819954,
      "q" : "122.1",
      "p" : "0.40944",
      "s" : "sell",
      "i" : "FLOWUSD-PERP",
      "m" : "4611686018430765128"
    }, {
      "d" : "1756391323691925251",
      "t" : 1756391323691,
      "tn" : 1756391323691925251,
      "q" : "487.0",
      "p" : "0.41064",
      "s" : "sell",
      "i" : "FLOWUSD-PERP",
      "m" : "4611686018430765127"
    }, {
      "d" : "1756391323691922480",
      "t" : 1756391323691,
      "tn" : 1756391323691922480,
      "q" : "0.1",
      "p" : "0.41132",
      "s" : "sell",
      "i" : "FLOWUSD-PERP",
      "m" : "4611686018430765126"
    }, {
      "d" : "1756391323691919542",
      "t" : 1756391323691,
      "tn" : 1756391323691919542,
      "q" : "0.1",
      "p" : "0.41140",
      "s" : "sell",
      "i" : "FLOWUSD-PERP",
      "m" : "4611686018430765125"
    }, {
      "d" : "1756391240998126110",
      "t" : 1756391240998,
      "tn" : 1756391240998126110,
      "q" : "121.1",
      "p" : "0.41264",
      "s" : "buy",
      "i" : "FLOWUSD-PERP",
      "m" : "4611686018430765124"
    }, {
      "d" : "1756391240998123801",
      "t" : 1756391240998,
      "tn" : 1756391240998123801,
      "q" : "121.1",
      "p" : "0.41256",
      "s" : "buy",
      "i" : "FLOWUSD-PERP",
      "m" : "4611686018430765123"
    }, {
      "d" : "1756391240995030827",
      "t" : 1756391240995,
      "tn" : 1756391240995030827,
      "q" : "485.4",
      "p" : "0.41200",
      "s" : "buy",
      "i" : "FLOWUSD-PERP",
      "m" : "4611686018430765122"
    }, {
      "d" : "1756391240995028560",
      "t" : 1756391240995,
      "tn" : 1756391240995028560,
      "q" : "0.1",
      "p" : "0.41164",
      "s" : "buy",
      "i" : "FLOWUSD-PERP",
      "m" : "4611686018430765121"
    }, {
      "d" : "1756391240995025799",
      "t" : 1756391240995,
      "tn" : 1756391240995025799,
      "q" : "0.1",
      "p" : "0.41127",
      "s" : "buy",
      "i" : "FLOWUSD-PERP",
      "m" : "4611686018430765120"
    } ]
  }
}