{
  "id" : -1,
  "method" : "public/get-trades",
  "code" : 0,
  "result" : {
    "data" : [ {
      "d" : "1756461040687754037",
      "t" : 1756461040687,
      "tn" : 1756461040687754037,
      "q" : "60",
      "p" : "0.021363",
      "s" : "sell",
      "i" : "FLR_USD",
      "m" : "4611686018431133962"
    }, {
      "d" : "1756460964595843020",
      "t" : 1756460964595,
      "tn" : 1756460964595843020,
      "q" : "60",
      "p" : "0.021374",
      "s" : "buy",
      "i" : "FLR_USD",
      "m" : "4611686018431133961"
    }, {
      "d" : "1756460951858054155",
      "t" : 1756460951858,
      "tn" : 1756460951858054155,
      "q" : "60",
      "p" : "0.021369",
      "s" : "buy",
      "i" : "FLR_USD",
      "m" : "4611686018431133960"
    }, {
      "d" : "1756460951750816789",
      "t" : 1756460951750,
      "tn" : 1756460951750816789,
      "q" : "60",
      "p" : "0.021364",
      "s" : "buy",
      "i" : "FLR_USD",
      "m" : "4611686018431133959"
    }, {
      "d" : "1756460903232006504",
      "t" : 1756460903232,
      "tn" : 1756460903232006504,
      "q" : "60",
      "p" : "0.021369",
      "s" : "buy",
      "i" : "FLR_USD",
      "m" : "4611686018431133958"
    }, {
      "d" : "1756460903099709886",
      "t" : 1756460903099,
      "tn" : 1756460903099709886,
      "q" : "900",
      "p" : "0.021367",
      "s" : "buy",
      "i" : "FLR_USD",
      "m" : "4611686018431133957"
    }, {
      "d" : "1756460903099707183",
      "t" : 1756460903099,
      "tn" : 1756460903099707183,
      "q" : "60",
      "p" : "0.021364",
      "s" : "buy",
      "i" : "FLR_USD",
      "m" : "4611686018431133956"
    }, {
      "d" : "1756460903089854620",
      "t" : 1756460903089,
      "tn" : 1756460903089854620,
      "q" : "60",
      "p" : "0.021364",
      "s" : "buy",
      "i" : "FLR_USD",
      "m" : "4611686018431133955"
    }, {
      "d" : "1756460893720006360",
      "t" : 1756460893720,
      "tn" : 1756460893720006360,
      "q" : "410",
      "p" : "0.021364",
      "s" : "sell",
      "i" : "FLR_USD",
      "m" : "4611686018431133954"
    }, {
      "d" : "1756460892821263222",
      "t" : 1756460892821,
      "tn" : 1756460892821263222,
      "q" : "60",
      "p" : "0.021364",
      "s" : "buy",
      "i" : "FLR_USD",
      "m" : "4611686018431133953"
    }, {
      "d" : "1756460856769588666",
      "t" : 1756460856769,
      "tn" : 1756460856769588666,
      "q" : "60",
      "p" : "0.021358",
      "s" : "sell",
      "i" : "FLR_USD",
      "m" : "4611686018431133952"
    }, {
      "d" : "1756460807758708761",
      "t" : 1756460807758,
      "tn" : 1756460807758708761,
      "q" : "60",
      "p" : "0.021348",
      "s" : "sell",
      "i" : "FLR_USD",
      "m" : "4611686018431133951"
    }, {
      "d" : "1756460796026519018",
      "t" : 1756460796026,
      "tn" : 1756460796026519018,
      "q" : "60",
      "p" : "0.021349",
      "s" : "buy",
      "i" : "FLR_USD",
      "m" : "4611686018431133950"
    }, {
      "d" : "1756460793529492601",
      "t" : 1756460793529,
      "tn" : 1756460793529492601,
      "q" : "1810",
      "p" : "0.021351",
      "s" : "buy",
      "i" : "FLR_USD",
      "m" : "4611686018431133949"
    }, {
      "d" : "1756460793529490042",
      "t" : 1756460793529,
      "tn" : 1756460793529490042,
      "q" : "60",
      "p" : "0.021344",
      "s" : "buy",
      "i" : "FLR_USD",
      "m" : "4611686018431133948"
    }, {
      "d" : "1756460763262659606",
      "t" : 1756460763262,
      "tn" : 1756460763262659606,
      "q" : "60",
      "p" : "0.021335",
      "s" : "buy",
      "i" : "FLR_USD",
      "m" : "4611686018431133947"
    }, {
      "d" : "1756460763215242783",
      "t" : 1756460763215,
      "tn" : 1756460763215242783,
      "q" : "60",
      "p" : "0.021335",
      "s" : "buy",
      "i" : "FLR_USD",
      "m" : "4611686018431133946"
    }, {
      "d" : "1756460732793955402",
      "t" : 1756460732793,
      "tn" : 1756460732793955402,
      "q" : "60",
      "p" : "0.021334",
      "s" : "buy",
      "i" : "FLR_USD",
      "m" : "4611686018431133945"
    }, {
      "d" : "1756460728613932704",
      "t" : 1756460728613,
      "tn" : 1756460728613932704,
      "q" : "60",
      "p" : "0.021337",
      "s" : "buy",
      "i" : "FLR_USD",
      "m" : "4611686018431133944"
    }, {
      "d" : "1756460727977266535",
      "t" : 1756460727977,
      "tn" : 1756460727977266535,
      "q" : "60",
      "p" : "0.021335",
      "s" : "buy",
      "i" : "FLR_USD",
      "m" : "4611686018431133943"
    }, {
      "d" : "1756460721818752266",
      "t" : 1756460721818,
      "tn" : 1756460721818752266,
      "q" : "60",
      "p" : "0.021334",
      "s" : "buy",
      "i" : "FLR_USD",
      "m" : "4611686018431133942"
    }, {
      "d" : "1756460715815230939",
      "t" : 1756460715815,
      "tn" : 1756460715815230939,
      "q" : "60",
      "p" : "0.021341",
      "s" : "buy",
      "i" : "FLR_USD",
      "m" : "4611686018431133941"
    }, {
      "d" : "1756460709745638932",
      "t" : 1756460709745,
      "tn" : 1756460709745638932,
      "q" : "60",
      "p" : "0.021337",
      "s" : "buy",
      "i" : "FLR_USD",
      "m" : "4611686018431133940"
    }, {
      "d" : "1756460703794034379",
      "t" : 1756460703794,
      "tn" : 1756460703794034379,
      "q" : "60",
      "p" : "0.021334",
      "s" : "buy",
      "i" : "FLR_USD",
      "m" : "4611686018431133939"
    }, {
      "d" : "1756460670792375297",
      "t" : 1756460670792,
      "tn" : 1756460670792375297,
      "q" : "60",
      "p" : "0.021334",
      "s" : "buy",
      "i" : "FLR_USD",
      "m" : "4611686018431133938"
    }, {
      "d" : "1756460637592667828",
      "t" : 1756460637592,
      "tn" : 1756460637592667828,
      "q" : "60",
      "p" : "0.021339",
      "s" : "buy",
      "i" : "FLR_USD",
      "m" : "4611686018431133937"
    }, {
      "d" : "1756460594630035095",
      "t" : 1756460594630,
      "tn" : 1756460594630035095,
      "q" : "60",
      "p" : "0.021335",
      "s" : "buy",
      "i" : "FLR_USD",
      "m" : "4611686018431133936"
    }, {
      "d" : "1756460570573911773",
      "t" : 1756460570573,
      "tn" : 1756460570573911773,
      "q" : "60",
      "p" : "0.021334",
      "s" : "buy",
      "i" : "FLR_USD",
      "m" : "4611686018431133935"
    }, {
      "d" : "1756460567593985210",
      "t" : 1756460567593,
      "tn" : 1756460567593985210,
      "q" : "60",
      "p" : "0.021330",
      "s" : "buy",
      "i" : "FLR_USD",
      "m" : "4611686018431133934"
    }, {
      "d" : "1756460562554674261",
      "t" : 1756460562554,
      "tn" : 1756460562554674261,
      "q" : "60",
      "p" : "0.021335",
      "s" : "buy",
      "i" : "FLR_USD",
      "m" : "4611686018431133933"
    }, {
      "d" : "1756460548802916392",
      "t" : 1756460548802,
      "tn" : 1756460548802916392,
      "q" : "240",
      "p" : "0.021344",
      "s" : "sell",
      "i" : "FLR_USD",
      "m" : "4611686018431133932"
    }, {
      "d" : "1756460522572184861",
      "t" : 1756460522572,
      "tn" : 1756460522572184861,
      "q" : "60",
      "p" : "0.021334",
      "s" : "buy",
      "i" : "FLR_USD",
      "m" : "4611686018431133931"
    }, {
      "d" : "1756460501058559221",
      "t" : 1756460501058,
      "tn" : 1756460501058559221,
      "q" : "60",
      "p" : "0.021339",
      "s" : "buy",
      "i" : "FLR_USD",
      "m" : "4611686018431133930"
    }, {
      "d" : "1756460494545445235",
      "t" : 1756460494545,
      "tn" : 1756460494545445235,
      "q" : "60",
      "p" : "0.021341",
      "s" : "buy",
      "i" : "FLR_USD",
      "m" : "4611686018431133929"
    }, {
      "d" : "1756460484970286857",
      "t" : 1756460484970,
      "tn" : 1756460484970286857,
      "q" : "60",
      "p" : "0.021339",
      "s" : "buy",
      "i" : "FLR_USD",
      "m" : "4611686018431133928"
    }, {
      "d" : "1756460481795594001",
      "t" : 1756460481795,
      "tn" : 1756460481795594001,
      "q" : "1260",
      "p" : "0.021346",
      "s" : "sell",
      "i" : "FLR_USD",
      "m" : "4611686018431133927"
    }, {
      "d" : "1756460481774307864",
      "t" : 1756460481774,
      "tn" : 1756460481774307864,
      "q" : "640",
      "p" : "0.021346",
      "s" : "sell",
      "i" : "FLR_USD",
      "m" : "4611686018431133926"
    }, {
      "d" : "1756460475939638122",
      "t" : 1756460475939,
      "tn" : 1756460475939638122,
      "q" : "60",
      "p" : "0.021343",
      "s" : "sell",
      "i" : "FLR_USD",
      "m" : "4611686018431133925"
    }, {
      "d" : "1756460465476646018",
      "t" : 1756460465476,
      "tn" : 1756460465476646018,
      "q" : "60",
      "p" : "0.021343",
      "s" : "sell",
      "i" : "FLR_USD",
      "m" : "4611686018431133924"
    }, {
      "d" : "1756460461536068820",
      "t" : 1756460461536,
      "tn" : 1756460461536068820,
      "q" : "60",
      "p" : "0.021344",
      "s" : "buy",
      "i" : "FLR_USD",
      "m" : "4611686018431133923"
    }, {
      "d" : "1756460455147530437",
      "t" : 1756460455147,
      "tn" : 1756460455147530437,
      "q" : "60",
      "p" : "0.021334",
      "s" : "buy",
      "i" : "FLR_USD",
      "m" : "4611686018431133922"
    }, {
      "d" : "1756460442698810425",
      "t" : 1756460442698,
      "tn" : 1756460442698810425,
      "q" : "60",
      "p" : "0.021335",
      "s" : "buy",
      "i" : "FLR_USD",
      "m" : "4611686018431133921"
    }, {
      "d" : "1756460430645104681",
      "t" : 1756460430645,
      "tn" : 1756460430645104681,
      "q" : "60",
      "p" : "0.021333",
      "s" : "sell",
      "i" : "FLR_USD",
      "m" : "4611686018431133920"
    }, {
      "d" : "1756460422577225824",
      "t" : 1756460422577,
      "tn" : 1756460422577225824,
      "q" : "60",
      "p" : "0.021334",
      "s" : "buy",
      "i" : "FLR_USD",
      "m" : "4611686018431133919"
    }, {
      "d" : "1756460411304420764",
      "t" : 1756460411304,
      "tn" : 1756460411304420764,
      "q" : "60",
      "p" : "0.021339",
      "s" : "buy",
      "i" : "FLR_USD",
      "m" : "4611686018431133918"
    }, {
      "d" : "1756460366609019530",
      "t" : 1756460366609,
      "tn" : 1756460366609019530,
      "q" : "60",
      "p" : "0.021337",
      "s" : "buy",
      "i" : "FLR_USD",
      "m" : "4611686018431133917"
    }, {
      "d" : "1756460282425870715",
      "t" : 1756460282425,
      "tn" : 1756460282425870715,
      "q" : "60",
      "p" : "0.021358",
      "s" : "sell",
      "i" : "FLR_USD",
      "m" : "4611686018431133916"
    }, {
      "d" : "1756460263658866421",
      "t" : 1756460263658,
      "tn" : 1756460263658866421,
      "q" : "1080",
      "p" : "0.021345",
      "s" : "buy",
      "i" : "FLR_USD",
      "m" : "4611686018431133915"
    }, {
      "d" : "1756460263655439853",
      "t" : 1756460263655,
      "tn" : 1756460263655439853,
      "q" : "3610",
      "p" : "0.021344",
      "s" : "buy",
      "i" : "FLR_USD",
      "m" : "4611686018431133914"
    }, {
      "d" : "1756460260812029057",
      "t" : 1756460260812,
      "tn" : 1756460260812029057,
      "q" : "1860",
      "p" : "0.021345",
      "s" : "sell",
      "i" : "FLR_USD",
      "m" : "4611686018431133913"
    }, {
      "d" : "1756460224876549789",
      "t" : 1756460224876,
      "tn" : 1756460224876549789,
      "q" : "610",
      "p" : "0.021347",
      "s" : "buy",
      "i" : "FLR_USD",
      "m" : "4611686018431133912"
    }, {
      "d" : "1756460182201851331",
      "t" : 1756460182201,
      "tn" : 1756460182201851331,
      "q" : "640",
      "p" : "0.021342",
      "s" : "sell",
      "i" : "FLR_USD",
      "m" : "4611686018431133911"
    }, {
      "d" : "1756460182183791827",
      "t" : 1756460182183,
      "tn" : 1756460182183791827,
      "q" : "1930",
      "p" : "0.021342",
      "s" : "sell",
      "i" : "FLR_USD",
      "m" : "4611686018431133910"
    }, {
      "d" : "1756460182176668025",
      "t" : 1756460182176,
      "tn" : 1756460182176668025,
      "q" : "540",
      "p" : "0.021342",
      "s" : "sell",
      "i" : "FLR_USD",
      "m" : "4611686018431133909"
    }, {
      "d" : "1756460182172604380",
      "t" : 1756460182172,
      "tn" : 1756460182172604380,
      "q" : "10360",
      "p" : "0.021344",
      "s" : "sell",
      "i" : "FLR_USD",
      "m" : "4611686018431133908"
    }, {
      "d" : "1756460174568114401",
      "t" : 1756460174568,
      "tn" : 1756460174568114401,
      "q" : "60",
      "p" : "0.021340",
      "s" : "buy",
      "i" : "FLR_USD",
      "m" : "4611686018431133907"
    }, {
      "d" : "1756460168575750348",
      "t" : 1756460168575,
      "tn" : 1756460168575750348,
      "q" : "60",
      "p" : "0.021338",
      "s" : "buy",
      "i" : "FLR_USD",
      "m" : "4611686018431133906"
    }, {
      "d" : "1756460152946876511",
      "t" : 1756460152946,
      "tn" : 1756460152946876511,
      "q" : "3280",
      "p" : "0.021367",
      "s" : "sell",
      "i" : "FLR_USD",
      "m" : "4611686018431133905"
    }, {
      "d" : "1756460152939747895",
      "t" : 1756460152939,
      "tn" : 1756460152939747895,
      "q" : "7330",
      "p" : "0.021367",
      "s" : "buy",
      "i" : "FLR_USD",
      "m" : "4611686018431133904"
    }, {
      "d" : "1756460146724285756",
      "t" : 1756460146724,
      "tn" : 1756460146724285756,
      "q" : "60",
      "p" : "0.021345",
      "s" : "buy",
      "i" : "FLR_USD",
      "m" : "4611686018431133903"
    }, {
      "d" : "1756460140709527154",
      "t" : 1756460140709,
      "tn" : 1756460140709527154,
      "q" : "60",
      "p" : "0.021343",
      "s" : "buy",
      "i" : "FLR_USD",
      "m" : "4611686018431133902"
    }, {
      "d" : "1756460108587524984",
      "t" : 1756460108587,
      "tn" : 1756460108587524984,
      "q" : "60",
      "p" : "0.021340",
      "s" : "buy",
      "i" : "FLR_USD",
      "m" : "4611686018431133901"
    }, {
      "d" : "1756460102611465907",
      "t" : 1756460102611,
      "tn" : 1756460102611465907,
      "q" : "60",
      "p" : "0.021344",
      "s" : "buy",
      "i" : "FLR_USD",
      "m" : "4611686018431133900"
    }, {
      "d" : "1756460095731005039",
      "t" : 1756460095731,
      "tn" : 1756460095731005039,
      "q" : "3860",
      "p" : "0.021361",
      "s" : "sell",
      "i" : "FLR_USD",
      "m" : "4611686018431133899"
    }, {
      "d" : "1756460095724733432",
      "t" : 1756460095724,
      "tn" : 1756460095724733432,
      "q" : "740",
      "p" : "0.021361",
      "s" : "buy",
      "i" : "FLR_USD",
      "m" : "4611686018431133898"
    }, {
      "d" : "1756460090831324806",
      "t" : 1756460090831,
      "tn" : 1756460090831324806,
      "q" : "60",
      "p" : "0.021341",
      "s" : "buy",
      "i" : "FLR_USD",
      "m" : "4611686018431133897"
    }, {
      "d" : "1756460089956009316",
      "t" : 1756460089956,
      "tn" : 1756460089956009316,
      "q" : "60",
      "p" : "0.021334",
      "s" : "buy",
      "i" : "FLR_USD",
      "m" : "4611686018431133896"
    }, {
      "d" : "1756460082689546243",
      "t" : 1756460082689,
      "tn" : 1756460082689546243,
      "q" : "60",
      "p" : "0.021334",
      "s" : "buy",
      "i" : "FLR_USD",
      "m" : "4611686018431133895"
    }, {
      "d" : "1756460080682077287",
      "t" : 1756460080682,
      "tn" : 1756460080682077287,
      "q" : "60",
      "p" : "0.021335",
      "s" : "buy",
      "i" : "FLR_USD",
      "m" : "4611686018431133894"
    }, {
      "d" : "1756460056561453331",
      "t" : 1756460056561,
      "tn" : 1756460056561453331,
      "q" : "60",
      "p" : "0.021334",
      "s" : "buy",
      "i" : "FLR_USD",
      "m" : "4611686018431133893"
    }, {
      "d" : "1756460053581549919",
      "t" : 1756460053581,
      "tn" : 1756460053581549919,
      "q" : "60",
      "p" : "0.021335",
      "s" : "buy",
      "i" : "FLR_USD",
      "m" : "4611686018431133892"
    }, {
      "d" : "1756460012574862206",
      "t" : 1756460012574,
      "tn" : 1756460012574862206,
      "q" : "240",
      "p" : "0.021347",
      "s" : "sell",
      "i" : "FLR_USD",
      "m" : "4611686018431133891"
    }, {
      "d" : "1756459983869169392",
      "t" : 1756459983869,
      "tn" : 1756459983869169392,
      "q" : "60",
      "p" : "0.021344",
      "s" : "buy",
      "i" : "FLR_USD",
      "m" : "4611686018431133890"
    }, {
      "d" : "1756459962199361231",
      "t" : 1756459962199,
      "tn" : 1756459962199361231,
      "q" : "60",
      "p" : "0.021339",
      "s" : "buy",
      "i" : "FLR_USD",
      "m" : "4611686018431133889"
    }, {
      "d" : "1756459958960925143",
      "t" : 1756459958960,
      "tn" : 1756459958960925143,
      "q" : "60",
      "p" : "0.021335",
      "s" : "buy",
      "i" : "FLR_USD",
      "m" : "4611686018431133888"
    }, {
      "d" : "1756459905128193255",
      "t" : 1756459905128,
      "tn" : 1756459905128193255,
      "q" : "60",
      "p" : "0.021319",
      "s" : "buy",
      "i" : "FLR_USD",
      "m" : "4611686018431133887"
    }, {
      "d" : "1756459903154353655",
      "t" : 1756459903154,
      "tn" : 1756459903154353655,
      "q" : "5610",
      "p" : "0.021324",
      "s" : "sell",
      "i" : "FLR_USD",
      "m" : "4611686018431133886"
    }, {
      "d" : "1756459902585147275",
      "t" : 1756459902585,
      "tn" : 1756459902585147275,
      "q" : "60",
      "p" : "0.021325",
      "s" : "buy",
      "i" : "FLR_USD",
      "m" : "4611686018431133885"
    }, {
      "d" : "1756459892610916735",
      "t" : 1756459892610,
      "tn" : 1756459892610916735,
      "q" : "60",
      "p" : "0.021324",
      "s" : "buy",
      "i" : "FLR_USD",
      "m" : "4611686018431133884"
    }, {
      "d" : "1756459881139648063",
      "t" : 1756459881139,
      "tn" : 1756459881139648063,
      "q" : "60",
      "p" : "0.021327",
      "s" : "buy",
      "i" : "FLR_USD",
      "m" : "4611686018431133883"
    }, {
      "d" : "1756459821589065499",
      "t" : 1756459821589,
      "tn" : 1756459821589065499,
      "q" : "60",
      "p" : "0.021324",
      "s" : "buy",
      "i" : "FLR_USD",
      "m" : "4611686018431133882"
    }, {
      "d" : "1756459815166233257",
      "t" : 1756459815166,
      "tn" : 1756459815166233257,
      "q" : "60",
      "p" : "0.021328",
      "s" : "buy",
      "i" : "FLR_USD",
      "m" : "4611686018431133881"
    }, {
      "d" : "1756459814989275461",
      "t" : 1756459814989,
      "tn" : 1756459814989275461,
      "q" : "60",
      "p" : "0.021326",
      "s" : "buy",
      "i" : "FLR_USD",
      "m" : "4611686018431133880"
    }, {
      "d" : "1756459814569454690",
      "t" : 1756459814569,
      "tn" : 1756459814569454690,
      "q" : "60",
      "p" : "0.021324",
      "s" : "buy",
      "i" : "FLR_USD",
      "m" : "4611686018431133879"
    }, {
      "d" : "1756459813967063164",
      "t" : 1756459813967,
      "tn" : 1756459813967063164,
      "q" : "60",
      "p" : "0.021329",
      "s" : "buy",
      "i" : "FLR_USD",
      "m" : "4611686018431133878"
    }, {
      "d" : "1756459790518751361",
      "t" : 1756459790518,
      "tn" : 1756459790518751361,
      "q" : "740",
      "p" : "0.021334",
      "s" : "sell",
      "i" : "FLR_USD",
      "m" : "4611686018431133877"
    }, {
      "d" : "1756459503869948300",
      "t" : 1756459503869,
      "tn" : 1756459503869948300,
      "q" : "770",
      "p" : "0.021303",
      "s" : "buy",
      "i" : "FLR_USD",
      "m" : "4611686018431133876"
    }, {
      "d" : "1756459503851597088",
      "t" : 1756459503851,
      "tn" : 1756459503851597088,
      "q" : "5100",
      "p" : "0.021302",
      "s" : "buy",
      "i" : "FLR_USD",
      "m" : "4611686018431133875"
    }, {
      "d" : "1756459404095313628",
      "t" : 1756459404095,
      "tn" : 1756459404095313628,
      "q" : "2720",
      "p" : "0.021302",
      "s" : "sell",
      "i" : "FLR_USD",
      "m" : "4611686018431133874"
    }, {
      "d" : "1756459403614244258",
      "t" : 1756459403614,
      "tn" : 1756459403614244258,
      "q" : "60",
      "p" : "0.021301",
      "s" : "buy",
      "i" : "FLR_USD",
      "m" : "4611686018431133873"
    }, {
      "d" : "1756459396605815467",
      "t" : 1756459396605,
      "tn" : 1756459396605815467,
      "q" : "60",
      "p" : "0.021302",
      "s" : "buy",
      "i" : "FLR_USD",
      "m" : "4611686018431133872"
    }, {
      "d" : "1756459395586505004",
      "t" : 1756459395586,
      "tn" : 1756459395586505004,
      "q" : "60",
      "p" : "0.021300",
      "s" : "buy",
      "i" : "FLR_USD",
      "m" : "4611686018431133871"
    }, {
      "d" : "1756459394899488691",
      "t" : 1756459394899,
      "tn" : 1756459394899488691,
      "q" : "60",
      "p" : "0.021309",
      "s" : "buy",
      "i" : "FLR_USD",
      "m" : "4611686018431133870"
    }, {
      "d" : "1756459372695506181",
      "t" : 1756459372695,
      "tn" : 1756459372695506181,
      "q" : "60",
      "p" : "0.021306",
      "s" : "buy",
      "i" : "FLR_USD",
      "m" : "4611686018431133869"
    }, {
      "d" : "1756459352651557907",
      "t" : 1756459352651,
      "tn" : 1756459352651557907,
      "q" : "60",
      "p" : "0.021304",
      "s" : "buy",
      "i" : "FLR_USD",
      "m" : "4611686018431133868"
    }, {
      "d" : "1756459351632324774",
      "t" : 1756459351632,
      "tn" : 1756459351632324774,
      "q" : "60",
      "p" : "0.021305",
      "s" : "buy",
      "i" : "FLR_USD",
      "m" : "4611686018431133867"
    }, {
      "d" : "1756459336407253179",
      "t" : 1756459336407,
      "tn" : 1756459336407253179,
      "q" : "1130",
      "p" : "0.021323",
      "s" : "sell",
      "i" : "FLR_USD",
      "m" : "4611686018431133866"
    }, {
      "d" : "1756459336318651241",
      "t" : 1756459336318,
      "tn" : 1756459336318651241,
      "q" : "2260",
      "p" : "0.021328",
      "s" : "sell",
      "i" : "FLR_USD",
      "m" : "4611686018431133865"
    }, {
      "d" : "1756459312233007268",
      "t" : 1756459312233,
      "tn" : 1756459312233007268,
      "q" : "2790",
      "p" : "0.021306",
      "s" : "buy",
      "i" : "FLR_USD",
      "m" : "4611686018431133864"
    }, {
      "d" : "1756459312192531776",
      "t" : 1756459312192,
      "tn" : 1756459312192531776,
      "q" : "2790",
      "p" : "0.021304",
      "s" : "buy",
      "i" : "FLR_USD",
      "m" : "4611686018431133863"
    }, {
      "d" : "1756459247750783746",
      "t" : 1756459247750,
      "tn" : 1756459247750783746,
      "q" : "60",
      "p" : "0.021259",
      "s" : "buy",
      "i" : "FLR_USD",
      "m" : "4611686018431133862"
    }, {
      "d" : "1756459242211377076",
      "t" : 1756459242211,
      "tn" : 1756459242211377076,
      "q" : "60",
      "p" : "0.021260",
      "s" : "buy",
      "i" : "FLR_USD",
      "m" : "4611686018431133861"
    }, {
      "d" : "1756459236549103257",
      "t" : 1756459236549,
      "tn" : 1756459236549103257,
      "q" : "60",
      "p" : "0.021267",
      "s" : "buy",
      "i" : "FLR_USD",
      "m" : "4611686018431133860"
    }, {
      "d" : "1756459227345230747",
      "t" : 1756459227345,
      "tn" : 1756459227345230747,
      "q" : "60",
      "p" : "0.021259",
      "s" : "buy",
      "i" : "FLR_USD",
      "m" : "4611686018431133859"
    }, {
      "d" : "1756459221284082361",
      "t" : 1756459221284,
      "tn" : 1756459221284082361,
      "q" : "60",
      "p" : "0.021265",
      "s" : "buy",
      "i" : "FLR_USD",
      "m" : "4611686018431133858"
    }, {
      "d" : "1756459214790906331",
      "t" : 1756459214790,
      "tn" : 1756459214790906331,
      "q" : "60",
      "p" : "0.021259",
      "s" : "buy",
      "i" : "FLR_USD",
      "m" : "4611686018431133857"
    }, {
      "d" : "1756459209271916000",
      "t" : 1756459209271,
      "tn" : 1756459209271916000,
      "q" : "60",
      "p" : "0.021263",
      "s" : "buy",
      "i" : "FLR_USD",
      "m" : "4611686018431133856"
    }, {
      "d" : "1756459202800621896",
      "t" : 1756459202800,
      "tn" : 1756459202800621896,
      "q" : "60",
      "p" : "0.021259",
      "s" : "buy",
      "i" : "FLR_USD",
      "m" : "4611686018431133855"
    }, {
      "d" : "1756459196778860001",
      "t" : 1756459196778,
      "tn" : 1756459196778860001,
      "q" : "60",
      "p" : "0.021253",
      "s" : "buy",
      "i" : "FLR_USD",
      "m" : "4611686018431133854"
    }, {
      "d" : "1756459190716179611",
      "t" : 1756459190716,
      "tn" : 1756459190716179611,
      "q" : "60",
      "p" : "0.021269",
      "s" : "buy",
      "i" : "FLR_USD",
      "m" : "4611686018431133853"
    }, {
      "d" : "1756459184638386034",
      "t" : 1756459184638,
      "tn" : 1756459184638386034,
      "q" : "60",
      "p" : "0.021269",
      "s" : "buy",
      "i" : "FLR_USD",
      "m" : "4611686018431133852"
    }, {
      "d" : "1756459179223911655",
      "t" : 1756459179223,
      "tn" : 1756459179223911655,
      "q" : "60",
      "p" : "0.021269",
      "s" : "buy",
      "i" : "FLR_USD",
      "m" : "4611686018431133851"
    }, {
      "d" : "1756459172726098378",
      "t" : 1756459172726,
      "tn" : 1756459172726098378,
      "q" : "60",
      "p" : "0.021264",
      "s" : "buy",
      "i" : "FLR_USD",
      "m" : "4611686018431133850"
    }, {
      "d" : "1756459167222669842",
      "t" : 1756459167222,
      "tn" : 1756459167222669842,
      "q" : "60",
      "p" : "0.021268",
      "s" : "buy",
      "i" : "FLR_USD",
      "m" : "4611686018431133849"
    }, {
      "d" : "1756459161274569905",
      "t" : 1756459161274,
      "tn" : 1756459161274569905,
      "q" : "60",
      "p" : "0.021264",
      "s" : "buy",
      "i" : "FLR_USD",
      "m" : "4611686018431133848"
    }, {
      "d" : "1756459097929877488",
      "t" : 1756459097929,
      "tn" : 1756459097929877488,
      "q" : "60",
      "p" : "0.021264",
      "s" : "buy",
      "i" : "FLR_USD",
      "m" : "4611686018431133847"
    }, {
      "d" : "1756459097929875392",
      "t" : 1756459097929,
      "tn" : 1756459097929875392,
      "q" : "790",
      "p" : "0.021263",
      "s" : "buy",
      "i" : "FLR_USD",
      "m" : "4611686018431133846"
    }, {
      "d" : "1756459095770370374",
      "t" : 1756459095770,
      "tn" : 1756459095770370374,
      "q" : "60",
      "p" : "0.021263",
      "s" : "sell",
      "i" : "FLR_USD",
      "m" : "4611686018431133845"
    }, {
      "d" : "1756459089917650277",
      "t" : 1756459089917,
      "tn" : 1756459089917650277,
      "q" : "60",
      "p" : "0.021263",
      "s" : "sell",
      "i" : "FLR_USD",
      "m" : "4611686018431133844"
    }, {
      "d" : "1756459083914096546",
      "t" : 1756459083914,
      "tn" : 1756459083914096546,
      "q" : "60",
      "p" : "0.021263",
      "s" : "sell",
      "i" : "FLR_USD",
      "m" : "4611686018431133843"
    }, {
      "d" : "1756459078927018690",
      "t" : 1756459078927,
      "tn" : 1756459078927018690,
      "q" : "60",
      "p" : "0.021262",
      "s" : "sell",
      "i" : "FLR_USD",
      "m" : "4611686018431133842"
    }, {
      "d" : "1756459074675268020",
      "t" : 1756459074675,
      "tn" : 1756459074675268020,
      "q" : "60",
      "p" : "0.021263",
      "s" : "sell",
      "i" : "FLR_USD",
      "m" : "4611686018431133841"
    }, {
      "d" : "1756459013191827627",
      "t" : 1756459013191,
      "tn" : 1756459013191827627,
      "q" : "60",
      "p" : "0.021274",
      "s" : "buy",
      "i" : "FLR_USD",
      "m" : "4611686018431133840"
    }, {
      "d" : "1756459002253451502",
      "t" : 1756459002253,
      "tn" : 1756459002253451502,
      "q" : "60",
      "p" : "0.021273",
      "s" : "sell",
      "i" : "FLR_USD",
      "m" : "4611686018431133839"
    }, {
      "d" : "1756459000479274789",
      "t" : 1756459000479,
      "tn" : 1756459000479274789,
      "q" : "60",
      "p" : "0.021268",
      "s" : "sell",
      "i" : "FLR_USD",
      "m" : "4611686018431133838"
    }, {
      "d" : "1756458993713659224",
      "t" : 1756458993713,
      "tn" : 1756458993713659224,
      "q" : "60",
      "p" : "0.021273",
      "s" : "sell",
      "i" : "FLR_USD",
      "m" : "4611686018431133837"
    }, {
      "d" : "1756458837492038741",
      "t" : 1756458837492,
      "tn" : 1756458837492038741,
      "q" : "20",
      "p" : "0.021244",
      "s" : "buy",
      "i" : "FLR_USD",
      "m" : "4611686018431133836"
    }, {
      "d" : "1756458746231271531",
      "t" : 1756458746231,
      "tn" : 1756458746231271531,
      "q" : "60",
      "p" : "0.021243",
      "s" : "sell",
      "i" : "FLR_USD",
      "m" : "4611686018431133835"
    }, {
      "d" : "1756458746180925264",
      "t" : 1756458746180,
      "tn" : 1756458746180925264,
      "q" : "10910",
      "p" : "0.021254",
      "s" : "sell",
      "i" : "FLR_USD",
      "m" : "4611686018431133834"
    }, {
      "d" : "1756458745927548036",
      "t" : 1756458745927,
      "tn" : 1756458745927548036,
      "q" : "60",
      "p" : "0.021254",
      "s" : "buy",
      "i" : "FLR_USD",
      "m" : "4611686018431133833"
    }, {
      "d" : "1756458739783061754",
      "t" : 1756458739783,
      "tn" : 1756458739783061754,
      "q" : "60",
      "p" : "0.021248",
      "s" : "buy",
      "i" : "FLR_USD",
      "m" : "4611686018431133832"
    }, {
      "d" : "1756458733823811074",
      "t" : 1756458733823,
      "tn" : 1756458733823811074,
      "q" : "60",
      "p" : "0.021254",
      "s" : "buy",
      "i" : "FLR_USD",
      "m" : "4611686018431133831"
    }, {
      "d" : "1756458728014920200",
      "t" : 1756458728014,
      "tn" : 1756458728014920200,
      "q" : "60",
      "p" : "0.021254",
      "s" : "buy",
      "i" : "FLR_USD",
      "m" : "4611686018431133830"
    }, {
      "d" : "1756458724524720597",
      "t" : 1756458724524,
      "tn" : 1756458724524720597,
      "q" : "5330",
      "p" : "0.021255",
      "s" : "buy",
      "i" : "FLR_USD",
      "m" : "4611686018431133829"
    }, {
      "d" : "1756458724524718511",
      "t" : 1756458724524,
      "tn" : 1756458724524718511,
      "q" : "60",
      "p" : "0.021254",
      "s" : "buy",
      "i" : "FLR_USD",
      "m" : "4611686018431133828"
    }, {
      "d" : "1756458708609758150",
      "t" : 1756458708609,
      "tn" : 1756458708609758150,
      "q" : "60",
      "p" : "0.021254",
      "s" : "buy",
      "i" : "FLR_USD",
      "m" : "4611686018431133827"
    }, {
      "d" : "1756458702664465309",
      "t" : 1756458702664,
      "tn" : 1756458702664465309,
      "q" : "60",
      "p" : "0.021249",
      "s" : "buy",
      "i" : "FLR_USD",
      "m" : "4611686018431133826"
    }, {
      "d" : "1756458662570040272",
      "t" : 1756458662570,
      "tn" : 1756458662570040272,
      "q" : "60",
      "p" : "0.021244",
      "s" : "buy",
      "i" : "FLR_USD",
      "m" : "4611686018431133825"
    }, {
      "d" : "1756458634673547800",
      "t" : 1756458634673,
      "tn" : 1756458634673547800,
      "q" : "60",
      "p" : "0.021245",
      "s" : "buy",
      "i" : "FLR_USD",
      "m" : "4611686018431133824"
    }, {
      "d" : "1756458622808860626",
      "t" : 1756458622808,
      "tn" : 1756458622808860626,
      "q" : "60",
      "p" : "0.021244",
      "s" : "buy",
      "i" : "FLR_USD",
      "m" : "4611686018431133823"
    }, {
      "d" : "1756458615629478477",
      "t" : 1756458615629,
      "tn" : 1756458615629478477,
      "q" : "60",
      "p" : "0.021245",
      "s" : "buy",
      "i" : "FLR_USD",
      "m" : "4611686018431133822"
    }, {
      "d" : "1756458605760483441",
      "t" : 1756458605760,
      "tn" : 1756458605760483441,
      "q" : "60",
      "p" : "0.021244",
      "s" : "buy",
      "i" : "FLR_USD",
      "m" : "4611686018431133821"
    }, {
      "d" : "1756458604138416415",
      "t" : 1756458604138,
      "tn" : 1756458604138416415,
      "q" : "60",
      "p" : "0.021249",
      "s" : "buy",
      "i" : "FLR_USD",
      "m" : "4611686018431133820"
    }, {
      "d" : "1756458595719380450",
      "t" : 1756458595719,
      "tn" : 1756458595719380450,
      "q" : "2180",
      "p" : "0.021250",
      "s" : "sell",
      "i" : "FLR_USD",
      "m" : "4611686018431133819"
    }, {
      "d" : "1756458544609661079",
      "t" : 1756458544609,
      "tn" : 1756458544609661079,
      "q" : "60",
      "p" : "0.021259",
      "s" : "buy",
      "i" : "FLR_USD",
      "m" : "4611686018431133818"
    }, {
      "d" : "1756458540529454950",
      "t" : 1756458540529,
      "tn" : 1756458540529454950,
      "q" : "60",
      "p" : "0.021243",
      "s" : "sell",
      "i" : "FLR_USD",
      "m" : "4611686018431133817"
    }, {
      "d" : "1756458540474699412",
      "t" : 1756458540474,
      "tn" : 1756458540474699412,
      "q" : "3510",
      "p" : "0.021246",
      "s" : "sell",
      "i" : "FLR_USD",
      "m" : "4611686018431133816"
    }, {
      "d" : "1756458480538797864",
      "t" : 1756458480538,
      "tn" : 1756458480538797864,
      "q" : "60",
      "p" : "0.021254",
      "s" : "buy",
      "i" : "FLR_USD",
      "m" : "4611686018431133815"
    }, {
      "d" : "1756458480356027589",
      "t" : 1756458480356,
      "tn" : 1756458480356027589,
      "q" : "60",
      "p" : "0.021263",
      "s" : "sell",
      "i" : "FLR_USD",
      "m" : "4611686018431133814"
    }, {
      "d" : "1756458315350774485",
      "t" : 1756458315350,
      "tn" : 1756458315350774485,
      "q" : "60",
      "p" : "0.021293",
      "s" : "sell",
      "i" : "FLR_USD",
      "m" : "4611686018431133813"
    } ]
  }
}