{
  "id" : -1,
  "method" : "public/get-trades",
  "code" : 0,
  "result" : {
    "data" : [ {
      "d" : "1756461036872667694",
      "t" : 1756461036872,
      "tn" : 1756461036872667694,
      "q" : "17.3",
      "p" : "0.20369",
      "s" : "sell",
      "i" : "FLUX_USDT",
      "m" : "4611686018434271683"
    }, {
      "d" : "1756461013370629131",
      "t" : 1756461013370,
      "tn" : 1756461013370629131,
      "q" : "17.3",
      "p" : "0.20378",
      "s" : "sell",
      "i" : "FLUX_USDT",
      "m" : "4611686018434271682"
    }, {
      "d" : "1756460909359220143",
      "t" : 1756460909359,
      "tn" : 1756460909359220143,
      "q" : "17.3",
      "p" : "0.20384",
      "s" : "buy",
      "i" : "FLUX_USDT",
      "m" : "4611686018434271681"
    }, {
      "d" : "1756460908446976243",
      "t" : 1756460908446,
      "tn" : 1756460908446976243,
      "q" : "17.3",
      "p" : "0.20378",
      "s" : "buy",
      "i" : "FLUX_USDT",
      "m" : "4611686018434271680"
    }, {
      "d" : "1756460905302459241",
      "t" : 1756460905302,
      "tn" : 1756460905302459241,
      "q" : "17.3",
      "p" : "0.20372",
      "s" : "buy",
      "i" : "FLUX_USDT",
      "m" : "4611686018434271679"
    }, {
      "d" : "1756460903520283328",
      "t" : 1756460903520,
      "tn" : 1756460903520283328,
      "q" : "5.6",
      "p" : "0.20370",
      "s" : "buy",
      "i" : "FLUX_USDT",
      "m" : "4611686018434271678"
    }, {
      "d" : "1756460902522099909",
      "t" : 1756460902522,
      "tn" : 1756460902522099909,
      "q" : "5.6",
      "p" : "0.20370",
      "s" : "buy",
      "i" : "FLUX_USDT",
      "m" : "4611686018434271677"
    }, {
      "d" : "1756460902128436173",
      "t" : 1756460902128,
      "tn" : 1756460902128436173,
      "q" : "5.6",
      "p" : "0.20370",
      "s" : "buy",
      "i" : "FLUX_USDT",
      "m" : "4611686018434271676"
    }, {
      "d" : "1756460897344802867",
      "t" : 1756460897344,
      "tn" : 1756460897344802867,
      "q" : "5.6",
      "p" : "0.20370",
      "s" : "buy",
      "i" : "FLUX_USDT",
      "m" : "4611686018434271675"
    }, {
      "d" : "1756460896525665332",
      "t" : 1756460896525,
      "tn" : 1756460896525665332,
      "q" : "5.6",
      "p" : "0.20370",
      "s" : "buy",
      "i" : "FLUX_USDT",
      "m" : "4611686018434271674"
    }, {
      "d" : "1756460895945227172",
      "t" : 1756460895945,
      "tn" : 1756460895945227172,
      "q" : "5.6",
      "p" : "0.20370",
      "s" : "buy",
      "i" : "FLUX_USDT",
      "m" : "4611686018434271673"
    }, {
      "d" : "1756460895524145563",
      "t" : 1756460895524,
      "tn" : 1756460895524145563,
      "q" : "5.6",
      "p" : "0.20370",
      "s" : "buy",
      "i" : "FLUX_USDT",
      "m" : "4611686018434271672"
    }, {
      "d" : "1756460894946189526",
      "t" : 1756460894946,
      "tn" : 1756460894946189526,
      "q" : "5.6",
      "p" : "0.20370",
      "s" : "buy",
      "i" : "FLUX_USDT",
      "m" : "4611686018434271671"
    }, {
      "d" : "1756460893420574661",
      "t" : 1756460893420,
      "tn" : 1756460893420574661,
      "q" : "17.3",
      "p" : "0.20366",
      "s" : "buy",
      "i" : "FLUX_USDT",
      "m" : "4611686018434271670"
    }, {
      "d" : "1756460884595465880",
      "t" : 1756460884595,
      "tn" : 1756460884595465880,
      "q" : "17.3",
      "p" : "0.20360",
      "s" : "buy",
      "i" : "FLUX_USDT",
      "m" : "4611686018434271669"
    }, {
      "d" : "1756460863543291704",
      "t" : 1756460863543,
      "tn" : 1756460863543291704,
      "q" : "17.3",
      "p" : "0.20354",
      "s" : "buy",
      "i" : "FLUX_USDT",
      "m" : "4611686018434271668"
    }, {
      "d" : "1756460825710440138",
      "t" : 1756460825710,
      "tn" : 1756460825710440138,
      "q" : "17.3",
      "p" : "0.20348",
      "s" : "buy",
      "i" : "FLUX_USDT",
      "m" : "4611686018434271667"
    }, {
      "d" : "1756460793373580105",
      "t" : 1756460793373,
      "tn" : 1756460793373580105,
      "q" : "17.4",
      "p" : "0.20348",
      "s" : "buy",
      "i" : "FLUX_USDT",
      "m" : "4611686018434271666"
    }, {
      "d" : "1756460791275992363",
      "t" : 1756460791275,
      "tn" : 1756460791275992363,
      "q" : "17.4",
      "p" : "0.20336",
      "s" : "buy",
      "i" : "FLUX_USDT",
      "m" : "4611686018434271665"
    }, {
      "d" : "1756460791025192239",
      "t" : 1756460791025,
      "tn" : 1756460791025192239,
      "q" : "17.4",
      "p" : "0.20330",
      "s" : "buy",
      "i" : "FLUX_USDT",
      "m" : "4611686018434271664"
    }, {
      "d" : "1756460756669160296",
      "t" : 1756460756669,
      "tn" : 1756460756669160296,
      "q" : "17.4",
      "p" : "0.20324",
      "s" : "buy",
      "i" : "FLUX_USDT",
      "m" : "4611686018434271663"
    }, {
      "d" : "1756460755001700468",
      "t" : 1756460755001,
      "tn" : 1756460755001700468,
      "q" : "17.4",
      "p" : "0.20318",
      "s" : "buy",
      "i" : "FLUX_USDT",
      "m" : "4611686018434271662"
    }, {
      "d" : "1756460754750427519",
      "t" : 1756460754750,
      "tn" : 1756460754750427519,
      "q" : "17.4",
      "p" : "0.20312",
      "s" : "buy",
      "i" : "FLUX_USDT",
      "m" : "4611686018434271661"
    }, {
      "d" : "1756460754271323045",
      "t" : 1756460754271,
      "tn" : 1756460754271323045,
      "q" : "17.4",
      "p" : "0.20306",
      "s" : "buy",
      "i" : "FLUX_USDT",
      "m" : "4611686018434271660"
    }, {
      "d" : "1756460702091114073",
      "t" : 1756460702091,
      "tn" : 1756460702091114073,
      "q" : "17.4",
      "p" : "0.20300",
      "s" : "buy",
      "i" : "FLUX_USDT",
      "m" : "4611686018434271659"
    }, {
      "d" : "1756460702091112057",
      "t" : 1756460702091,
      "tn" : 1756460702091112057,
      "q" : "17.4",
      "p" : "0.20294",
      "s" : "buy",
      "i" : "FLUX_USDT",
      "m" : "4611686018434271658"
    }, {
      "d" : "1756460702091109554",
      "t" : 1756460702091,
      "tn" : 1756460702091109554,
      "q" : "17.4",
      "p" : "0.20288",
      "s" : "buy",
      "i" : "FLUX_USDT",
      "m" : "4611686018434271657"
    }, {
      "d" : "1756460702091106233",
      "t" : 1756460702091,
      "tn" : 1756460702091106233,
      "q" : "384.6",
      "p" : "0.20286",
      "s" : "buy",
      "i" : "FLUX_USDT",
      "m" : "4611686018434271656"
    }, {
      "d" : "1756460702091104357",
      "t" : 1756460702091,
      "tn" : 1756460702091104357,
      "q" : "17.5",
      "p" : "0.20282",
      "s" : "buy",
      "i" : "FLUX_USDT",
      "m" : "4611686018434271655"
    }, {
      "d" : "1756460702091101086",
      "t" : 1756460702091,
      "tn" : 1756460702091101086,
      "q" : "17.5",
      "p" : "0.20276",
      "s" : "buy",
      "i" : "FLUX_USDT",
      "m" : "4611686018434271654"
    }, {
      "d" : "1756460702091097949",
      "t" : 1756460702091,
      "tn" : 1756460702091097949,
      "q" : "5.6",
      "p" : "0.20275",
      "s" : "buy",
      "i" : "FLUX_USDT",
      "m" : "4611686018434271653"
    }, {
      "d" : "1756460565901973501",
      "t" : 1756460565901,
      "tn" : 1756460565901973501,
      "q" : "17.5",
      "p" : "0.20270",
      "s" : "sell",
      "i" : "FLUX_USDT",
      "m" : "4611686018434271652"
    }, {
      "d" : "1756460565901970743",
      "t" : 1756460565901,
      "tn" : 1756460565901970743,
      "q" : "17.5",
      "p" : "0.20276",
      "s" : "sell",
      "i" : "FLUX_USDT",
      "m" : "4611686018434271651"
    }, {
      "d" : "1756460472865461922",
      "t" : 1756460472865,
      "tn" : 1756460472865461922,
      "q" : "17.5",
      "p" : "0.20282",
      "s" : "buy",
      "i" : "FLUX_USDT",
      "m" : "4611686018434271650"
    }, {
      "d" : "1756460363239297333",
      "t" : 1756460363239,
      "tn" : 1756460363239297333,
      "q" : "17.5",
      "p" : "0.20276",
      "s" : "sell",
      "i" : "FLUX_USDT",
      "m" : "4611686018434271649"
    }, {
      "d" : "1756460297069452506",
      "t" : 1756460297069,
      "tn" : 1756460297069452506,
      "q" : "17.5",
      "p" : "0.20282",
      "s" : "buy",
      "i" : "FLUX_USDT",
      "m" : "4611686018434271648"
    }, {
      "d" : "1756460287042476098",
      "t" : 1756460287042,
      "tn" : 1756460287042476098,
      "q" : "17.5",
      "p" : "0.20276",
      "s" : "buy",
      "i" : "FLUX_USDT",
      "m" : "4611686018434271647"
    }, {
      "d" : "1756460286192247605",
      "t" : 1756460286192,
      "tn" : 1756460286192247605,
      "q" : "17.5",
      "p" : "0.20275",
      "s" : "buy",
      "i" : "FLUX_USDT",
      "m" : "4611686018434271646"
    }, {
      "d" : "1756460187063347604",
      "t" : 1756460187063,
      "tn" : 1756460187063347604,
      "q" : "17.5",
      "p" : "0.20264",
      "s" : "buy",
      "i" : "FLUX_USDT",
      "m" : "4611686018434271645"
    }, {
      "d" : "1756460125400342333",
      "t" : 1756460125400,
      "tn" : 1756460125400342333,
      "q" : "17.5",
      "p" : "0.20258",
      "s" : "buy",
      "i" : "FLUX_USDT",
      "m" : "4611686018434271644"
    }, {
      "d" : "1756460116542552915",
      "t" : 1756460116542,
      "tn" : 1756460116542552915,
      "q" : "17.5",
      "p" : "0.20252",
      "s" : "buy",
      "i" : "FLUX_USDT",
      "m" : "4611686018434271643"
    }, {
      "d" : "1756459984525868502",
      "t" : 1756459984525,
      "tn" : 1756459984525868502,
      "q" : "5.6",
      "p" : "0.20245",
      "s" : "buy",
      "i" : "FLUX_USDT",
      "m" : "4611686018434271642"
    }, {
      "d" : "1756459944977501535",
      "t" : 1756459944977,
      "tn" : 1756459944977501535,
      "q" : "17.5",
      "p" : "0.20247",
      "s" : "sell",
      "i" : "FLUX_USDT",
      "m" : "4611686018434271641"
    }, {
      "d" : "1756459944963326297",
      "t" : 1756459944963,
      "tn" : 1756459944963326297,
      "q" : "17.5",
      "p" : "0.20249",
      "s" : "sell",
      "i" : "FLUX_USDT",
      "m" : "4611686018434271640"
    }, {
      "d" : "1756459878848229480",
      "t" : 1756459878848,
      "tn" : 1756459878848229480,
      "q" : "17.5",
      "p" : "0.20258",
      "s" : "sell",
      "i" : "FLUX_USDT",
      "m" : "4611686018434271639"
    }, {
      "d" : "1756459878848227078",
      "t" : 1756459878848,
      "tn" : 1756459878848227078,
      "q" : "17.5",
      "p" : "0.20264",
      "s" : "sell",
      "i" : "FLUX_USDT",
      "m" : "4611686018434271638"
    }, {
      "d" : "1756459878597403535",
      "t" : 1756459878597,
      "tn" : 1756459878597403535,
      "q" : "5.6",
      "p" : "0.20265",
      "s" : "buy",
      "i" : "FLUX_USDT",
      "m" : "4611686018434271637"
    }, {
      "d" : "1756459877152505977",
      "t" : 1756459877152,
      "tn" : 1756459877152505977,
      "q" : "17.5",
      "p" : "0.20270",
      "s" : "sell",
      "i" : "FLUX_USDT",
      "m" : "4611686018434271636"
    }, {
      "d" : "1756459826846010651",
      "t" : 1756459826846,
      "tn" : 1756459826846010651,
      "q" : "17.5",
      "p" : "0.20276",
      "s" : "buy",
      "i" : "FLUX_USDT",
      "m" : "4611686018434271635"
    }, {
      "d" : "1756459734302161772",
      "t" : 1756459734302,
      "tn" : 1756459734302161772,
      "q" : "17.5",
      "p" : "0.20270",
      "s" : "sell",
      "i" : "FLUX_USDT",
      "m" : "4611686018434271634"
    }, {
      "d" : "1756459734302158739",
      "t" : 1756459734302,
      "tn" : 1756459734302158739,
      "q" : "17.5",
      "p" : "0.20276",
      "s" : "sell",
      "i" : "FLUX_USDT",
      "m" : "4611686018434271633"
    }, {
      "d" : "1756459683942958182",
      "t" : 1756459683942,
      "tn" : 1756459683942958182,
      "q" : "17.5",
      "p" : "0.20282",
      "s" : "buy",
      "i" : "FLUX_USDT",
      "m" : "4611686018434271632"
    }, {
      "d" : "1756459683942955967",
      "t" : 1756459683942,
      "tn" : 1756459683942955967,
      "q" : "17.5",
      "p" : "0.20276",
      "s" : "buy",
      "i" : "FLUX_USDT",
      "m" : "4611686018434271631"
    }, {
      "d" : "1756459683691641402",
      "t" : 1756459683691,
      "tn" : 1756459683691641402,
      "q" : "17.5",
      "p" : "0.20270",
      "s" : "buy",
      "i" : "FLUX_USDT",
      "m" : "4611686018434271630"
    }, {
      "d" : "1756459683691639078",
      "t" : 1756459683691,
      "tn" : 1756459683691639078,
      "q" : "17.5",
      "p" : "0.20264",
      "s" : "buy",
      "i" : "FLUX_USDT",
      "m" : "4611686018434271629"
    }, {
      "d" : "1756459683691636605",
      "t" : 1756459683691,
      "tn" : 1756459683691636605,
      "q" : "17.5",
      "p" : "0.20258",
      "s" : "buy",
      "i" : "FLUX_USDT",
      "m" : "4611686018434271628"
    }, {
      "d" : "1756459683691633321",
      "t" : 1756459683691,
      "tn" : 1756459683691633321,
      "q" : "346.7",
      "p" : "0.20254",
      "s" : "buy",
      "i" : "FLUX_USDT",
      "m" : "4611686018434271627"
    }, {
      "d" : "1756459668690993172",
      "t" : 1756459668690,
      "tn" : 1756459668690993172,
      "q" : "17.5",
      "p" : "0.20247",
      "s" : "sell",
      "i" : "FLUX_USDT",
      "m" : "4611686018434271626"
    }, {
      "d" : "1756459665508242598",
      "t" : 1756459665508,
      "tn" : 1756459665508242598,
      "q" : "17.5",
      "p" : "0.20254",
      "s" : "sell",
      "i" : "FLUX_USDT",
      "m" : "4611686018434271625"
    }, {
      "d" : "1756459596992380566",
      "t" : 1756459596992,
      "tn" : 1756459596992380566,
      "q" : "17.5",
      "p" : "0.20265",
      "s" : "buy",
      "i" : "FLUX_USDT",
      "m" : "4611686018434271624"
    }, {
      "d" : "1756459549759313176",
      "t" : 1756459549759,
      "tn" : 1756459549759313176,
      "q" : "17.5",
      "p" : "0.20258",
      "s" : "buy",
      "i" : "FLUX_USDT",
      "m" : "4611686018434271623"
    }, {
      "d" : "1756459549759310822",
      "t" : 1756459549759,
      "tn" : 1756459549759310822,
      "q" : "17.5",
      "p" : "0.20252",
      "s" : "buy",
      "i" : "FLUX_USDT",
      "m" : "4611686018434271622"
    }, {
      "d" : "1756459527524211155",
      "t" : 1756459527524,
      "tn" : 1756459527524211155,
      "q" : "5.6",
      "p" : "0.20235",
      "s" : "buy",
      "i" : "FLUX_USDT",
      "m" : "4611686018434271621"
    }, {
      "d" : "1756459527216173996",
      "t" : 1756459527216,
      "tn" : 1756459527216173996,
      "q" : "366.1",
      "p" : "0.20247",
      "s" : "buy",
      "i" : "FLUX_USDT",
      "m" : "4611686018434271620"
    }, {
      "d" : "1756459526965253610",
      "t" : 1756459526965,
      "tn" : 1756459526965253610,
      "q" : "383.0",
      "p" : "0.20245",
      "s" : "buy",
      "i" : "FLUX_USDT",
      "m" : "4611686018434271619"
    }, {
      "d" : "1756459526965252247",
      "t" : 1756459526965,
      "tn" : 1756459526965252247,
      "q" : "5.6",
      "p" : "0.20232",
      "s" : "buy",
      "i" : "FLUX_USDT",
      "m" : "4611686018434271618"
    }, {
      "d" : "1756459526714436604",
      "t" : 1756459526714,
      "tn" : 1756459526714436604,
      "q" : "17.5",
      "p" : "0.20247",
      "s" : "buy",
      "i" : "FLUX_USDT",
      "m" : "4611686018434271617"
    }, {
      "d" : "1756459526714434378",
      "t" : 1756459526714,
      "tn" : 1756459526714434378,
      "q" : "384.1",
      "p" : "0.20241",
      "s" : "buy",
      "i" : "FLUX_USDT",
      "m" : "4611686018434271616"
    }, {
      "d" : "1756459526714431956",
      "t" : 1756459526714,
      "tn" : 1756459526714431956,
      "q" : "5.6",
      "p" : "0.20232",
      "s" : "buy",
      "i" : "FLUX_USDT",
      "m" : "4611686018434271615"
    }, {
      "d" : "1756459526463538044",
      "t" : 1756459526463,
      "tn" : 1756459526463538044,
      "q" : "381.1",
      "p" : "0.20237",
      "s" : "buy",
      "i" : "FLUX_USDT",
      "m" : "4611686018434271614"
    }, {
      "d" : "1756459526463535343",
      "t" : 1756459526463,
      "tn" : 1756459526463535343,
      "q" : "5.6",
      "p" : "0.20232",
      "s" : "buy",
      "i" : "FLUX_USDT",
      "m" : "4611686018434271613"
    }, {
      "d" : "1756459508590367892",
      "t" : 1756459508590,
      "tn" : 1756459508590367891,
      "q" : "17.5",
      "p" : "0.20242",
      "s" : "sell",
      "i" : "FLUX_USDT",
      "m" : "4611686018434271612"
    }, {
      "d" : "1756459508590367891",
      "t" : 1756459508590,
      "tn" : 1756459508590367891,
      "q" : "17.5",
      "p" : "0.20242",
      "s" : "sell",
      "i" : "FLUX_USDT",
      "m" : "4611686018434271612"
    }, {
      "d" : "1756459475447255422",
      "t" : 1756459475447,
      "tn" : 1756459475447255422,
      "q" : "17.5",
      "p" : "0.20247",
      "s" : "sell",
      "i" : "FLUX_USDT",
      "m" : "4611686018434271611"
    }, {
      "d" : "1756459459793959617",
      "t" : 1756459459793,
      "tn" : 1756459459793959617,
      "q" : "17.5",
      "p" : "0.20258",
      "s" : "sell",
      "i" : "FLUX_USDT",
      "m" : "4611686018434271610"
    }, {
      "d" : "1756459459793956905",
      "t" : 1756459459793,
      "tn" : 1756459459793956905,
      "q" : "17.5",
      "p" : "0.20264",
      "s" : "sell",
      "i" : "FLUX_USDT",
      "m" : "4611686018434271609"
    }, {
      "d" : "1756459459543139251",
      "t" : 1756459459543,
      "tn" : 1756459459543139251,
      "q" : "17.5",
      "p" : "0.20270",
      "s" : "sell",
      "i" : "FLUX_USDT",
      "m" : "4611686018434271608"
    }, {
      "d" : "1756459424031082443",
      "t" : 1756459424031,
      "tn" : 1756459424031082443,
      "q" : "17.5",
      "p" : "0.20276",
      "s" : "sell",
      "i" : "FLUX_USDT",
      "m" : "4611686018434271607"
    }, {
      "d" : "1756459401856091276",
      "t" : 1756459401856,
      "tn" : 1756459401856091276,
      "q" : "17.5",
      "p" : "0.20282",
      "s" : "sell",
      "i" : "FLUX_USDT",
      "m" : "4611686018434271606"
    }, {
      "d" : "1756459401605308365",
      "t" : 1756459401605,
      "tn" : 1756459401605308365,
      "q" : "17.3",
      "p" : "0.20288",
      "s" : "sell",
      "i" : "FLUX_USDT",
      "m" : "4611686018434271605"
    }, {
      "d" : "1756459338359714544",
      "t" : 1756459338359,
      "tn" : 1756459338359714544,
      "q" : "17.3",
      "p" : "0.20294",
      "s" : "sell",
      "i" : "FLUX_USDT",
      "m" : "4611686018434271604"
    }, {
      "d" : "1756459336043288323",
      "t" : 1756459336043,
      "tn" : 1756459336043288323,
      "q" : "17.3",
      "p" : "0.20300",
      "s" : "sell",
      "i" : "FLUX_USDT",
      "m" : "4611686018434271603"
    }, {
      "d" : "1756459240849135646",
      "t" : 1756459240849,
      "tn" : 1756459240849135646,
      "q" : "17.3",
      "p" : "0.20306",
      "s" : "buy",
      "i" : "FLUX_USDT",
      "m" : "4611686018434271602"
    }, {
      "d" : "1756459230519341685",
      "t" : 1756459230519,
      "tn" : 1756459230519341685,
      "q" : "5.6",
      "p" : "0.20300",
      "s" : "buy",
      "i" : "FLUX_USDT",
      "m" : "4611686018434271601"
    }, {
      "d" : "1756459229525636097",
      "t" : 1756459229525,
      "tn" : 1756459229525636097,
      "q" : "5.6",
      "p" : "0.20300",
      "s" : "buy",
      "i" : "FLUX_USDT",
      "m" : "4611686018434271600"
    }, {
      "d" : "1756459228775723196",
      "t" : 1756459228775,
      "tn" : 1756459228775723196,
      "q" : "5.6",
      "p" : "0.20300",
      "s" : "buy",
      "i" : "FLUX_USDT",
      "m" : "4611686018434271599"
    }, {
      "d" : "1756459228524831156",
      "t" : 1756459228524,
      "tn" : 1756459228524831156,
      "q" : "5.6",
      "p" : "0.20300",
      "s" : "buy",
      "i" : "FLUX_USDT",
      "m" : "4611686018434271598"
    }, {
      "d" : "1756459228269974979",
      "t" : 1756459228269,
      "tn" : 1756459228269974979,
      "q" : "17.3",
      "p" : "0.20300",
      "s" : "buy",
      "i" : "FLUX_USDT",
      "m" : "4611686018434271597"
    }, {
      "d" : "1756459228269972906",
      "t" : 1756459228269,
      "tn" : 1756459228269972906,
      "q" : "17.3",
      "p" : "0.20294",
      "s" : "buy",
      "i" : "FLUX_USDT",
      "m" : "4611686018434271596"
    }, {
      "d" : "1756459228019216889",
      "t" : 1756459228019,
      "tn" : 1756459228019216889,
      "q" : "5.6",
      "p" : "0.20290",
      "s" : "buy",
      "i" : "FLUX_USDT",
      "m" : "4611686018434271595"
    }, {
      "d" : "1756459227527152442",
      "t" : 1756459227527,
      "tn" : 1756459227527152442,
      "q" : "5.6",
      "p" : "0.20290",
      "s" : "buy",
      "i" : "FLUX_USDT",
      "m" : "4611686018434271594"
    }, {
      "d" : "1756459226898566339",
      "t" : 1756459226898,
      "tn" : 1756459226898566339,
      "q" : "5.6",
      "p" : "0.20290",
      "s" : "buy",
      "i" : "FLUX_USDT",
      "m" : "4611686018434271593"
    }, {
      "d" : "1756459226647825774",
      "t" : 1756459226647,
      "tn" : 1756459226647825774,
      "q" : "5.6",
      "p" : "0.20290",
      "s" : "buy",
      "i" : "FLUX_USDT",
      "m" : "4611686018434271592"
    }, {
      "d" : "1756459226397089872",
      "t" : 1756459226397,
      "tn" : 1756459226397089872,
      "q" : "5.6",
      "p" : "0.20290",
      "s" : "buy",
      "i" : "FLUX_USDT",
      "m" : "4611686018434271591"
    }, {
      "d" : "1756459226146262798",
      "t" : 1756459226146,
      "tn" : 1756459226146262798,
      "q" : "5.6",
      "p" : "0.20290",
      "s" : "buy",
      "i" : "FLUX_USDT",
      "m" : "4611686018434271590"
    }, {
      "d" : "1756459225524394222",
      "t" : 1756459225524,
      "tn" : 1756459225524394222,
      "q" : "5.6",
      "p" : "0.20290",
      "s" : "buy",
      "i" : "FLUX_USDT",
      "m" : "4611686018434271589"
    }, {
      "d" : "1756459224695877734",
      "t" : 1756459224695,
      "tn" : 1756459224695877734,
      "q" : "5.6",
      "p" : "0.20290",
      "s" : "buy",
      "i" : "FLUX_USDT",
      "m" : "4611686018434271588"
    }, {
      "d" : "1756459224445170329",
      "t" : 1756459224445,
      "tn" : 1756459224445170329,
      "q" : "5.6",
      "p" : "0.20290",
      "s" : "buy",
      "i" : "FLUX_USDT",
      "m" : "4611686018434271587"
    }, {
      "d" : "1756459224176814166",
      "t" : 1756459224176,
      "tn" : 1756459224176814166,
      "q" : "5.6",
      "p" : "0.20290",
      "s" : "buy",
      "i" : "FLUX_USDT",
      "m" : "4611686018434271586"
    }, {
      "d" : "1756459223926030997",
      "t" : 1756459223926,
      "tn" : 1756459223926030997,
      "q" : "5.6",
      "p" : "0.20290",
      "s" : "buy",
      "i" : "FLUX_USDT",
      "m" : "4611686018434271585"
    }, {
      "d" : "1756459223520060456",
      "t" : 1756459223520,
      "tn" : 1756459223520060456,
      "q" : "5.6",
      "p" : "0.20290",
      "s" : "buy",
      "i" : "FLUX_USDT",
      "m" : "4611686018434271584"
    }, {
      "d" : "1756459223024053151",
      "t" : 1756459223024,
      "tn" : 1756459223024053151,
      "q" : "5.6",
      "p" : "0.20290",
      "s" : "buy",
      "i" : "FLUX_USDT",
      "m" : "4611686018434271583"
    }, {
      "d" : "1756459222773330763",
      "t" : 1756459222773,
      "tn" : 1756459222773330763,
      "q" : "5.6",
      "p" : "0.20290",
      "s" : "buy",
      "i" : "FLUX_USDT",
      "m" : "4611686018434271582"
    }, {
      "d" : "1756459222522512243",
      "t" : 1756459222522,
      "tn" : 1756459222522512243,
      "q" : "5.6",
      "p" : "0.20290",
      "s" : "buy",
      "i" : "FLUX_USDT",
      "m" : "4611686018434271581"
    }, {
      "d" : "1756459222145738104",
      "t" : 1756459222145,
      "tn" : 1756459222145738104,
      "q" : "5.6",
      "p" : "0.20290",
      "s" : "buy",
      "i" : "FLUX_USDT",
      "m" : "4611686018434271580"
    }, {
      "d" : "1756459221594514043",
      "t" : 1756459221594,
      "tn" : 1756459221594514043,
      "q" : "5.6",
      "p" : "0.20290",
      "s" : "buy",
      "i" : "FLUX_USDT",
      "m" : "4611686018434271579"
    }, {
      "d" : "1756459221343577116",
      "t" : 1756459221343,
      "tn" : 1756459221343577116,
      "q" : "5.6",
      "p" : "0.20290",
      "s" : "buy",
      "i" : "FLUX_USDT",
      "m" : "4611686018434271578"
    }, {
      "d" : "1756459220595579526",
      "t" : 1756459220595,
      "tn" : 1756459220595579526,
      "q" : "5.6",
      "p" : "0.20290",
      "s" : "buy",
      "i" : "FLUX_USDT",
      "m" : "4611686018434271577"
    }, {
      "d" : "1756459220344659622",
      "t" : 1756459220344,
      "tn" : 1756459220344659622,
      "q" : "5.6",
      "p" : "0.20290",
      "s" : "buy",
      "i" : "FLUX_USDT",
      "m" : "4611686018434271576"
    }, {
      "d" : "1756459219524619105",
      "t" : 1756459219524,
      "tn" : 1756459219524619105,
      "q" : "5.6",
      "p" : "0.20290",
      "s" : "buy",
      "i" : "FLUX_USDT",
      "m" : "4611686018434271575"
    }, {
      "d" : "1756459218523919716",
      "t" : 1756459218523,
      "tn" : 1756459218523919716,
      "q" : "5.6",
      "p" : "0.20290",
      "s" : "buy",
      "i" : "FLUX_USDT",
      "m" : "4611686018434271574"
    }, {
      "d" : "1756459217844939153",
      "t" : 1756459217844,
      "tn" : 1756459217844939153,
      "q" : "5.6",
      "p" : "0.20290",
      "s" : "buy",
      "i" : "FLUX_USDT",
      "m" : "4611686018434271573"
    }, {
      "d" : "1756459217524368361",
      "t" : 1756459217524,
      "tn" : 1756459217524368361,
      "q" : "5.6",
      "p" : "0.20290",
      "s" : "buy",
      "i" : "FLUX_USDT",
      "m" : "4611686018434271572"
    }, {
      "d" : "1756459217244326154",
      "t" : 1756459217244,
      "tn" : 1756459217244326154,
      "q" : "5.6",
      "p" : "0.20290",
      "s" : "buy",
      "i" : "FLUX_USDT",
      "m" : "4611686018434271571"
    }, {
      "d" : "1756459216521358995",
      "t" : 1756459216521,
      "tn" : 1756459216521358995,
      "q" : "5.6",
      "p" : "0.20290",
      "s" : "buy",
      "i" : "FLUX_USDT",
      "m" : "4611686018434271570"
    }, {
      "d" : "1756459215528732828",
      "t" : 1756459215528,
      "tn" : 1756459215528732828,
      "q" : "5.6",
      "p" : "0.20290",
      "s" : "buy",
      "i" : "FLUX_USDT",
      "m" : "4611686018434271569"
    }, {
      "d" : "1756459214997173998",
      "t" : 1756459214997,
      "tn" : 1756459214997173998,
      "q" : "5.6",
      "p" : "0.20290",
      "s" : "buy",
      "i" : "FLUX_USDT",
      "m" : "4611686018434271568"
    }, {
      "d" : "1756459214746380374",
      "t" : 1756459214746,
      "tn" : 1756459214746380374,
      "q" : "5.6",
      "p" : "0.20290",
      "s" : "buy",
      "i" : "FLUX_USDT",
      "m" : "4611686018434271567"
    }, {
      "d" : "1756459214194472846",
      "t" : 1756459214194,
      "tn" : 1756459214194472846,
      "q" : "5.6",
      "p" : "0.20290",
      "s" : "buy",
      "i" : "FLUX_USDT",
      "m" : "4611686018434271566"
    }, {
      "d" : "1756459213943731602",
      "t" : 1756459213943,
      "tn" : 1756459213943731602,
      "q" : "5.6",
      "p" : "0.20290",
      "s" : "buy",
      "i" : "FLUX_USDT",
      "m" : "4611686018434271565"
    }, {
      "d" : "1756459213597627797",
      "t" : 1756459213597,
      "tn" : 1756459213597627797,
      "q" : "5.6",
      "p" : "0.20290",
      "s" : "buy",
      "i" : "FLUX_USDT",
      "m" : "4611686018434271564"
    }, {
      "d" : "1756459213346729046",
      "t" : 1756459213346,
      "tn" : 1756459213346729046,
      "q" : "5.6",
      "p" : "0.20290",
      "s" : "buy",
      "i" : "FLUX_USDT",
      "m" : "4611686018434271563"
    }, {
      "d" : "1756459212530021072",
      "t" : 1756459212530,
      "tn" : 1756459212530021072,
      "q" : "5.6",
      "p" : "0.20290",
      "s" : "buy",
      "i" : "FLUX_USDT",
      "m" : "4611686018434271562"
    }, {
      "d" : "1756459211526439439",
      "t" : 1756459211526,
      "tn" : 1756459211526439439,
      "q" : "5.6",
      "p" : "0.20290",
      "s" : "buy",
      "i" : "FLUX_USDT",
      "m" : "4611686018434271561"
    }, {
      "d" : "1756459211244691078",
      "t" : 1756459211244,
      "tn" : 1756459211244691078,
      "q" : "5.6",
      "p" : "0.20290",
      "s" : "buy",
      "i" : "FLUX_USDT",
      "m" : "4611686018434271560"
    }, {
      "d" : "1756459210943970811",
      "t" : 1756459210943,
      "tn" : 1756459210943970811,
      "q" : "5.6",
      "p" : "0.20290",
      "s" : "buy",
      "i" : "FLUX_USDT",
      "m" : "4611686018434271559"
    }, {
      "d" : "1756459210396496827",
      "t" : 1756459210396,
      "tn" : 1756459210396496827,
      "q" : "5.6",
      "p" : "0.20290",
      "s" : "buy",
      "i" : "FLUX_USDT",
      "m" : "4611686018434271558"
    }, {
      "d" : "1756459210145629163",
      "t" : 1756459210145,
      "tn" : 1756459210145629163,
      "q" : "5.6",
      "p" : "0.20290",
      "s" : "buy",
      "i" : "FLUX_USDT",
      "m" : "4611686018434271557"
    }, {
      "d" : "1756459209845145451",
      "t" : 1756459209845,
      "tn" : 1756459209845145451,
      "q" : "5.6",
      "p" : "0.20290",
      "s" : "buy",
      "i" : "FLUX_USDT",
      "m" : "4611686018434271556"
    }, {
      "d" : "1756459209519442799",
      "t" : 1756459209519,
      "tn" : 1756459209519442799,
      "q" : "5.6",
      "p" : "0.20290",
      "s" : "buy",
      "i" : "FLUX_USDT",
      "m" : "4611686018434271555"
    }, {
      "d" : "1756459208779764247",
      "t" : 1756459208779,
      "tn" : 1756459208779764247,
      "q" : "5.6",
      "p" : "0.20290",
      "s" : "buy",
      "i" : "FLUX_USDT",
      "m" : "4611686018434271554"
    }, {
      "d" : "1756459208528861827",
      "t" : 1756459208528,
      "tn" : 1756459208528861827,
      "q" : "5.6",
      "p" : "0.20290",
      "s" : "buy",
      "i" : "FLUX_USDT",
      "m" : "4611686018434271553"
    }, {
      "d" : "1756459208278084458",
      "t" : 1756459208278,
      "tn" : 1756459208278084458,
      "q" : "5.6",
      "p" : "0.20290",
      "s" : "buy",
      "i" : "FLUX_USDT",
      "m" : "4611686018434271552"
    }, {
      "d" : "1756459208027237205",
      "t" : 1756459208027,
      "tn" : 1756459208027237205,
      "q" : "5.6",
      "p" : "0.20290",
      "s" : "buy",
      "i" : "FLUX_USDT",
      "m" : "4611686018434271551"
    }, {
      "d" : "1756459207776395917",
      "t" : 1756459207776,
      "tn" : 1756459207776395917,
      "q" : "5.6",
      "p" : "0.20290",
      "s" : "buy",
      "i" : "FLUX_USDT",
      "m" : "4611686018434271550"
    }, {
      "d" : "1756459207135331545",
      "t" : 1756459207135,
      "tn" : 1756459207135331545,
      "q" : "17.3",
      "p" : "0.20288",
      "s" : "buy",
      "i" : "FLUX_USDT",
      "m" : "4611686018434271549"
    }, {
      "d" : "1756459207135329266",
      "t" : 1756459207135,
      "tn" : 1756459207135329266,
      "q" : "17.5",
      "p" : "0.20282",
      "s" : "buy",
      "i" : "FLUX_USDT",
      "m" : "4611686018434271548"
    }, {
      "d" : "1756459183960237848",
      "t" : 1756459183960,
      "tn" : 1756459183960237848,
      "q" : "17.3",
      "p" : "0.20288",
      "s" : "buy",
      "i" : "FLUX_USDT",
      "m" : "4611686018434271547"
    }, {
      "d" : "1756459183960235934",
      "t" : 1756459183960,
      "tn" : 1756459183960235934,
      "q" : "17.5",
      "p" : "0.20282",
      "s" : "buy",
      "i" : "FLUX_USDT",
      "m" : "4611686018434271546"
    }, {
      "d" : "1756459183960233030",
      "t" : 1756459183960,
      "tn" : 1756459183960233030,
      "q" : "17.5",
      "p" : "0.20276",
      "s" : "buy",
      "i" : "FLUX_USDT",
      "m" : "4611686018434271545"
    }, {
      "d" : "1756459183960230581",
      "t" : 1756459183960,
      "tn" : 1756459183960230581,
      "q" : "17.5",
      "p" : "0.20270",
      "s" : "buy",
      "i" : "FLUX_USDT",
      "m" : "4611686018434271544"
    }, {
      "d" : "1756459183960227843",
      "t" : 1756459183960,
      "tn" : 1756459183960227843,
      "q" : "17.5",
      "p" : "0.20264",
      "s" : "buy",
      "i" : "FLUX_USDT",
      "m" : "4611686018434271543"
    }, {
      "d" : "1756459183709321643",
      "t" : 1756459183709,
      "tn" : 1756459183709321643,
      "q" : "5.6",
      "p" : "0.20260",
      "s" : "buy",
      "i" : "FLUX_USDT",
      "m" : "4611686018434271542"
    }, {
      "d" : "1756459183709320029",
      "t" : 1756459183709,
      "tn" : 1756459183709320029,
      "q" : "17.5",
      "p" : "0.20258",
      "s" : "buy",
      "i" : "FLUX_USDT",
      "m" : "4611686018434271541"
    }, {
      "d" : "1756459183709317396",
      "t" : 1756459183709,
      "tn" : 1756459183709317396,
      "q" : "17.5",
      "p" : "0.20252",
      "s" : "buy",
      "i" : "FLUX_USDT",
      "m" : "4611686018434271540"
    }, {
      "d" : "1756459176243188052",
      "t" : 1756459176243,
      "tn" : 1756459176243188052,
      "q" : "17.5",
      "p" : "0.20247",
      "s" : "buy",
      "i" : "FLUX_USDT",
      "m" : "4611686018434271539"
    }, {
      "d" : "1756459172955010058",
      "t" : 1756459172955,
      "tn" : 1756459172955010058,
      "q" : "17.5",
      "p" : "0.20236",
      "s" : "buy",
      "i" : "FLUX_USDT",
      "m" : "4611686018434271538"
    }, {
      "d" : "1756459167474330573",
      "t" : 1756459167474,
      "tn" : 1756459167474330573,
      "q" : "17.5",
      "p" : "0.20225",
      "s" : "buy",
      "i" : "FLUX_USDT",
      "m" : "4611686018434271537"
    }, {
      "d" : "1756459167223440476",
      "t" : 1756459167223,
      "tn" : 1756459167223440476,
      "q" : "17.5",
      "p" : "0.20219",
      "s" : "buy",
      "i" : "FLUX_USDT",
      "m" : "4611686018434271536"
    }, {
      "d" : "1756459124219937072",
      "t" : 1756459124219,
      "tn" : 1756459124219937070,
      "q" : "17.5",
      "p" : "0.20213",
      "s" : "buy",
      "i" : "FLUX_USDT",
      "m" : "4611686018434271535"
    } ]
  }
}