{
  "id" : -1,
  "method" : "public/get-trades",
  "code" : 0,
  "result" : {
    "data" : [ {
      "d" : "1756461044614662462",
      "t" : 1756461044614,
      "tn" : 1756461044614662462,
      "q" : "21.6",
      "p" : "0.20351",
      "s" : "sell",
      "i" : "FLUX_USD",
      "m" : "4611686018433967312"
    }, {
      "d" : "1756461044614660059",
      "t" : 1756461044614,
      "tn" : 1756461044614660059,
      "q" : "5.6",
      "p" : "0.20353",
      "s" : "sell",
      "i" : "FLUX_USD",
      "m" : "4611686018433967311"
    }, {
      "d" : "1756461041541120395",
      "t" : 1756461041541,
      "tn" : 1756461041541120395,
      "q" : "5.6",
      "p" : "0.20358",
      "s" : "sell",
      "i" : "FLUX_USD",
      "m" : "4611686018433967310"
    }, {
      "d" : "1756461041158361066",
      "t" : 1756461041158,
      "tn" : 1756461041158361066,
      "q" : "21.6",
      "p" : "0.20357",
      "s" : "sell",
      "i" : "FLUX_USD",
      "m" : "4611686018433967309"
    }, {
      "d" : "1756461041158358364",
      "t" : 1756461041158,
      "tn" : 1756461041158358364,
      "q" : "5.6",
      "p" : "0.20358",
      "s" : "sell",
      "i" : "FLUX_USD",
      "m" : "4611686018433967308"
    }, {
      "d" : "1756461036996898880",
      "t" : 1756461036996,
      "tn" : 1756461036996898880,
      "q" : "21.6",
      "p" : "0.20363",
      "s" : "sell",
      "i" : "FLUX_USD",
      "m" : "4611686018433967307"
    }, {
      "d" : "1756461013658530716",
      "t" : 1756461013658,
      "tn" : 1756461013658530716,
      "q" : "5.6",
      "p" : "0.20373",
      "s" : "sell",
      "i" : "FLUX_USD",
      "m" : "4611686018433967306"
    }, {
      "d" : "1756461013452132085",
      "t" : 1756461013452,
      "tn" : 1756461013452132085,
      "q" : "5.6",
      "p" : "0.20373",
      "s" : "sell",
      "i" : "FLUX_USD",
      "m" : "4611686018433967305"
    }, {
      "d" : "1756461013366569834",
      "t" : 1756461013366,
      "tn" : 1756461013366569834,
      "q" : "21.6",
      "p" : "0.20369",
      "s" : "sell",
      "i" : "FLUX_USD",
      "m" : "4611686018433967304"
    }, {
      "d" : "1756461013163898586",
      "t" : 1756461013163,
      "tn" : 1756461013163898586,
      "q" : "5.6",
      "p" : "0.20378",
      "s" : "sell",
      "i" : "FLUX_USD",
      "m" : "4611686018433967303"
    }, {
      "d" : "1756461012944397906",
      "t" : 1756461012944,
      "tn" : 1756461012944397906,
      "q" : "21.6",
      "p" : "0.20375",
      "s" : "sell",
      "i" : "FLUX_USD",
      "m" : "4611686018433967302"
    }, {
      "d" : "1756461012944394537",
      "t" : 1756461012944,
      "tn" : 1756461012944394537,
      "q" : "5.6",
      "p" : "0.20378",
      "s" : "sell",
      "i" : "FLUX_USD",
      "m" : "4611686018433967301"
    }, {
      "d" : "1756460952549044692",
      "t" : 1756460952549,
      "tn" : 1756460952549044692,
      "q" : "5.6",
      "p" : "0.20384",
      "s" : "buy",
      "i" : "FLUX_USD",
      "m" : "4611686018433967300"
    }, {
      "d" : "1756460951414547902",
      "t" : 1756460951414,
      "tn" : 1756460951414547902,
      "q" : "5.6",
      "p" : "0.20384",
      "s" : "buy",
      "i" : "FLUX_USD",
      "m" : "4611686018433967299"
    }, {
      "d" : "1756460946680378167",
      "t" : 1756460946680,
      "tn" : 1756460946680378167,
      "q" : "5.6",
      "p" : "0.20383",
      "s" : "sell",
      "i" : "FLUX_USD",
      "m" : "4611686018433967298"
    }, {
      "d" : "1756460945340751758",
      "t" : 1756460945340,
      "tn" : 1756460945340751758,
      "q" : "21.6",
      "p" : "0.20381",
      "s" : "sell",
      "i" : "FLUX_USD",
      "m" : "4611686018433967297"
    }, {
      "d" : "1756460945008521008",
      "t" : 1756460945008,
      "tn" : 1756460945008521008,
      "q" : "21.6",
      "p" : "0.20387",
      "s" : "sell",
      "i" : "FLUX_USD",
      "m" : "4611686018433967296"
    }, {
      "d" : "1756460945003862599",
      "t" : 1756460945003,
      "tn" : 1756460945003862599,
      "q" : "21.6",
      "p" : "0.20393",
      "s" : "sell",
      "i" : "FLUX_USD",
      "m" : "4611686018433967295"
    }, {
      "d" : "1756460929405217338",
      "t" : 1756460929405,
      "tn" : 1756460929405217338,
      "q" : "5.6",
      "p" : "0.20393",
      "s" : "sell",
      "i" : "FLUX_USD",
      "m" : "4611686018433967294"
    }, {
      "d" : "1756460927327778202",
      "t" : 1756460927327,
      "tn" : 1756460927327778202,
      "q" : "5.6",
      "p" : "0.20398",
      "s" : "sell",
      "i" : "FLUX_USD",
      "m" : "4611686018433967293"
    }, {
      "d" : "1756460922161528016",
      "t" : 1756460922161,
      "tn" : 1756460922161528015,
      "q" : "5.6",
      "p" : "0.20399",
      "s" : "buy",
      "i" : "FLUX_USD",
      "m" : "4611686018433967292"
    }, {
      "d" : "1756460922161528015",
      "t" : 1756460922161,
      "tn" : 1756460922161528015,
      "q" : "21.6",
      "p" : "0.20399",
      "s" : "buy",
      "i" : "FLUX_USD",
      "m" : "4611686018433967292"
    }, {
      "d" : "1756460920656971761",
      "t" : 1756460920656,
      "tn" : 1756460920656971761,
      "q" : "5.6",
      "p" : "0.20398",
      "s" : "sell",
      "i" : "FLUX_USD",
      "m" : "4611686018433967291"
    }, {
      "d" : "1756460913783726038",
      "t" : 1756460913783,
      "tn" : 1756460913783726038,
      "q" : "5.6",
      "p" : "0.20393",
      "s" : "sell",
      "i" : "FLUX_USD",
      "m" : "4611686018433967290"
    }, {
      "d" : "1756460909618679217",
      "t" : 1756460909618,
      "tn" : 1756460909618679217,
      "q" : "5.6",
      "p" : "0.20394",
      "s" : "buy",
      "i" : "FLUX_USD",
      "m" : "4611686018433967289"
    }, {
      "d" : "1756460909280573013",
      "t" : 1756460909280,
      "tn" : 1756460909280573013,
      "q" : "21.6",
      "p" : "0.20393",
      "s" : "buy",
      "i" : "FLUX_USD",
      "m" : "4611686018433967288"
    }, {
      "d" : "1756460906315012657",
      "t" : 1756460906315,
      "tn" : 1756460906315012657,
      "q" : "21.6",
      "p" : "0.20387",
      "s" : "buy",
      "i" : "FLUX_USD",
      "m" : "4611686018433967287"
    }, {
      "d" : "1756460906315008182",
      "t" : 1756460906315,
      "tn" : 1756460906315008182,
      "q" : "5.6",
      "p" : "0.20384",
      "s" : "buy",
      "i" : "FLUX_USD",
      "m" : "4611686018433967286"
    }, {
      "d" : "1756460904419965469",
      "t" : 1756460904419,
      "tn" : 1756460904419965469,
      "q" : "5.6",
      "p" : "0.20379",
      "s" : "buy",
      "i" : "FLUX_USD",
      "m" : "4611686018433967285"
    }, {
      "d" : "1756460904140898629",
      "t" : 1756460904140,
      "tn" : 1756460904140898629,
      "q" : "21.6",
      "p" : "0.20381",
      "s" : "buy",
      "i" : "FLUX_USD",
      "m" : "4611686018433967284"
    }, {
      "d" : "1756460904140895915",
      "t" : 1756460904140,
      "tn" : 1756460904140895915,
      "q" : "5.6",
      "p" : "0.20379",
      "s" : "buy",
      "i" : "FLUX_USD",
      "m" : "4611686018433967283"
    }, {
      "d" : "1756460890232614232",
      "t" : 1756460890232,
      "tn" : 1756460890232614232,
      "q" : "21.6",
      "p" : "0.20375",
      "s" : "buy",
      "i" : "FLUX_USD",
      "m" : "4611686018433967282"
    }, {
      "d" : "1756460890232611915",
      "t" : 1756460890232,
      "tn" : 1756460890232611915,
      "q" : "5.6",
      "p" : "0.20374",
      "s" : "buy",
      "i" : "FLUX_USD",
      "m" : "4611686018433967281"
    }, {
      "d" : "1756460885654778009",
      "t" : 1756460885654,
      "tn" : 1756460885654778009,
      "q" : "21.6",
      "p" : "0.20369",
      "s" : "buy",
      "i" : "FLUX_USD",
      "m" : "4611686018433967280"
    }, {
      "d" : "1756460864874051274",
      "t" : 1756460864874,
      "tn" : 1756460864874051274,
      "q" : "5.6",
      "p" : "0.20364",
      "s" : "buy",
      "i" : "FLUX_USD",
      "m" : "4611686018433967279"
    }, {
      "d" : "1756460864587163227",
      "t" : 1756460864587,
      "tn" : 1756460864587163227,
      "q" : "5.6",
      "p" : "0.20364",
      "s" : "buy",
      "i" : "FLUX_USD",
      "m" : "4611686018433967278"
    }, {
      "d" : "1756460864415928169",
      "t" : 1756460864415,
      "tn" : 1756460864415928169,
      "q" : "5.6",
      "p" : "0.20364",
      "s" : "buy",
      "i" : "FLUX_USD",
      "m" : "4611686018433967277"
    }, {
      "d" : "1756460864415925120",
      "t" : 1756460864415,
      "tn" : 1756460864415925120,
      "q" : "21.6",
      "p" : "0.20363",
      "s" : "buy",
      "i" : "FLUX_USD",
      "m" : "4611686018433967276"
    }, {
      "d" : "1756460850976645447",
      "t" : 1756460850976,
      "tn" : 1756460850976645447,
      "q" : "5.6",
      "p" : "0.20354",
      "s" : "buy",
      "i" : "FLUX_USD",
      "m" : "4611686018433967275"
    }, {
      "d" : "1756460840607979166",
      "t" : 1756460840607,
      "tn" : 1756460840607979166,
      "q" : "5.6",
      "p" : "0.20359",
      "s" : "buy",
      "i" : "FLUX_USD",
      "m" : "4611686018433967274"
    }, {
      "d" : "1756460840109917346",
      "t" : 1756460840109,
      "tn" : 1756460840109917346,
      "q" : "5.6",
      "p" : "0.20359",
      "s" : "buy",
      "i" : "FLUX_USD",
      "m" : "4611686018433967273"
    }, {
      "d" : "1756460838706124416",
      "t" : 1756460838706,
      "tn" : 1756460838706124416,
      "q" : "5.6",
      "p" : "0.20354",
      "s" : "buy",
      "i" : "FLUX_USD",
      "m" : "4611686018433967272"
    }, {
      "d" : "1756460826846415544",
      "t" : 1756460826846,
      "tn" : 1756460826846415544,
      "q" : "5.6",
      "p" : "0.20359",
      "s" : "buy",
      "i" : "FLUX_USD",
      "m" : "4611686018433967271"
    }, {
      "d" : "1756460826562924969",
      "t" : 1756460826562,
      "tn" : 1756460826562924969,
      "q" : "5.6",
      "p" : "0.20359",
      "s" : "buy",
      "i" : "FLUX_USD",
      "m" : "4611686018433967270"
    }, {
      "d" : "1756460826061769349",
      "t" : 1756460826061,
      "tn" : 1756460826061769349,
      "q" : "5.6",
      "p" : "0.20359",
      "s" : "buy",
      "i" : "FLUX_USD",
      "m" : "4611686018433967269"
    }, {
      "d" : "1756460826061767224",
      "t" : 1756460826061,
      "tn" : 1756460826061767224,
      "q" : "21.6",
      "p" : "0.20357",
      "s" : "buy",
      "i" : "FLUX_USD",
      "m" : "4611686018433967268"
    }, {
      "d" : "1756460825379348803",
      "t" : 1756460825379,
      "tn" : 1756460825379348803,
      "q" : "5.6",
      "p" : "0.20354",
      "s" : "buy",
      "i" : "FLUX_USD",
      "m" : "4611686018433967267"
    }, {
      "d" : "1756460825339524811",
      "t" : 1756460825339,
      "tn" : 1756460825339524811,
      "q" : "5.6",
      "p" : "0.20354",
      "s" : "buy",
      "i" : "FLUX_USD",
      "m" : "4611686018433967266"
    }, {
      "d" : "1756460825256182598",
      "t" : 1756460825256,
      "tn" : 1756460825256182598,
      "q" : "5.6",
      "p" : "0.20349",
      "s" : "buy",
      "i" : "FLUX_USD",
      "m" : "4611686018433967265"
    }, {
      "d" : "1756460816709891655",
      "t" : 1756460816709,
      "tn" : 1756460816709891655,
      "q" : "5.6",
      "p" : "0.20348",
      "s" : "sell",
      "i" : "FLUX_USD",
      "m" : "4611686018433967264"
    }, {
      "d" : "1756460804153647916",
      "t" : 1756460804153,
      "tn" : 1756460804153647916,
      "q" : "5.6",
      "p" : "0.20353",
      "s" : "sell",
      "i" : "FLUX_USD",
      "m" : "4611686018433967263"
    }, {
      "d" : "1756460804104759223",
      "t" : 1756460804104,
      "tn" : 1756460804104759223,
      "q" : "5.6",
      "p" : "0.20353",
      "s" : "sell",
      "i" : "FLUX_USD",
      "m" : "4611686018433967262"
    }, {
      "d" : "1756460803485106494",
      "t" : 1756460803485,
      "tn" : 1756460803485106494,
      "q" : "5.6",
      "p" : "0.20358",
      "s" : "sell",
      "i" : "FLUX_USD",
      "m" : "4611686018433967261"
    }, {
      "d" : "1756460802652104299",
      "t" : 1756460802652,
      "tn" : 1756460802652104299,
      "q" : "5.6",
      "p" : "0.20359",
      "s" : "buy",
      "i" : "FLUX_USD",
      "m" : "4611686018433967260"
    }, {
      "d" : "1756460799674495572",
      "t" : 1756460799674,
      "tn" : 1756460799674495572,
      "q" : "5.6",
      "p" : "0.20358",
      "s" : "sell",
      "i" : "FLUX_USD",
      "m" : "4611686018433967259"
    }, {
      "d" : "1756460795526112342",
      "t" : 1756460795526,
      "tn" : 1756460795526112342,
      "q" : "5.6",
      "p" : "0.20359",
      "s" : "buy",
      "i" : "FLUX_USD",
      "m" : "4611686018433967258"
    }, {
      "d" : "1756460795185295274",
      "t" : 1756460795185,
      "tn" : 1756460795185295274,
      "q" : "5.6",
      "p" : "0.20359",
      "s" : "buy",
      "i" : "FLUX_USD",
      "m" : "4611686018433967257"
    }, {
      "d" : "1756460795185291335",
      "t" : 1756460795185,
      "tn" : 1756460795185291335,
      "q" : "21.6",
      "p" : "0.20357",
      "s" : "buy",
      "i" : "FLUX_USD",
      "m" : "4611686018433967256"
    }, {
      "d" : "1756460792042647154",
      "t" : 1756460792042,
      "tn" : 1756460792042647154,
      "q" : "21.6",
      "p" : "0.20351",
      "s" : "buy",
      "i" : "FLUX_USD",
      "m" : "4611686018433967255"
    }, {
      "d" : "1756460792042644108",
      "t" : 1756460792042,
      "tn" : 1756460792042644108,
      "q" : "5.6",
      "p" : "0.20349",
      "s" : "buy",
      "i" : "FLUX_USD",
      "m" : "4611686018433967254"
    }, {
      "d" : "1756460791527227411",
      "t" : 1756460791527,
      "tn" : 1756460791527227411,
      "q" : "21.7",
      "p" : "0.20345",
      "s" : "buy",
      "i" : "FLUX_USD",
      "m" : "4611686018433967253"
    }, {
      "d" : "1756460777731439281",
      "t" : 1756460777731,
      "tn" : 1756460777731439281,
      "q" : "5.6",
      "p" : "0.20339",
      "s" : "buy",
      "i" : "FLUX_USD",
      "m" : "4611686018433967252"
    }, {
      "d" : "1756460769819516250",
      "t" : 1756460769819,
      "tn" : 1756460769819516250,
      "q" : "21.7",
      "p" : "0.20333",
      "s" : "buy",
      "i" : "FLUX_USD",
      "m" : "4611686018433967251"
    }, {
      "d" : "1756460767913613538",
      "t" : 1756460767913,
      "tn" : 1756460767913613538,
      "q" : "52.2",
      "p" : "0.20332",
      "s" : "sell",
      "i" : "FLUX_USD",
      "m" : "4611686018433967250"
    }, {
      "d" : "1756460767892968295",
      "t" : 1756460767892,
      "tn" : 1756460767892968294,
      "q" : "5.6",
      "p" : "0.20332",
      "s" : "sell",
      "i" : "FLUX_USD",
      "m" : "4611686018433967249"
    }, {
      "d" : "1756460767892968294",
      "t" : 1756460767892,
      "tn" : 1756460767892968294,
      "q" : "249.9",
      "p" : "0.20332",
      "s" : "sell",
      "i" : "FLUX_USD",
      "m" : "4611686018433967249"
    }, {
      "d" : "1756460767892964144",
      "t" : 1756460767892,
      "tn" : 1756460767892964144,
      "q" : "99.1",
      "p" : "0.20332",
      "s" : "sell",
      "i" : "FLUX_USD",
      "m" : "4611686018433967248"
    }, {
      "d" : "1756460756669066781",
      "t" : 1756460756669,
      "tn" : 1756460756669066781,
      "q" : "21.8",
      "p" : "0.20327",
      "s" : "buy",
      "i" : "FLUX_USD",
      "m" : "4611686018433967247"
    }, {
      "d" : "1756460754745091032",
      "t" : 1756460754745,
      "tn" : 1756460754745091032,
      "q" : "21.8",
      "p" : "0.20321",
      "s" : "buy",
      "i" : "FLUX_USD",
      "m" : "4611686018433967246"
    }, {
      "d" : "1756460754745085955",
      "t" : 1756460754745,
      "tn" : 1756460754745085955,
      "q" : "21.8",
      "p" : "0.20315",
      "s" : "buy",
      "i" : "FLUX_USD",
      "m" : "4611686018433967245"
    }, {
      "d" : "1756460754223190252",
      "t" : 1756460754223,
      "tn" : 1756460754223190251,
      "q" : "5.6",
      "p" : "0.20309",
      "s" : "buy",
      "i" : "FLUX_USD",
      "m" : "4611686018433967244"
    }, {
      "d" : "1756460754223190251",
      "t" : 1756460754223,
      "tn" : 1756460754223190251,
      "q" : "21.8",
      "p" : "0.20309",
      "s" : "buy",
      "i" : "FLUX_USD",
      "m" : "4611686018433967244"
    }, {
      "d" : "1756460745763709681",
      "t" : 1756460745763,
      "tn" : 1756460745763709681,
      "q" : "5.6",
      "p" : "0.20308",
      "s" : "sell",
      "i" : "FLUX_USD",
      "m" : "4611686018433967243"
    }, {
      "d" : "1756460734543850030",
      "t" : 1756460734543,
      "tn" : 1756460734543850030,
      "q" : "5.6",
      "p" : "0.20284",
      "s" : "buy",
      "i" : "FLUX_USD",
      "m" : "4611686018433967242"
    }, {
      "d" : "1756460726799114848",
      "t" : 1756460726799,
      "tn" : 1756460726799114848,
      "q" : "5.6",
      "p" : "0.20279",
      "s" : "buy",
      "i" : "FLUX_USD",
      "m" : "4611686018433967241"
    }, {
      "d" : "1756460726092169270",
      "t" : 1756460726092,
      "tn" : 1756460726092169270,
      "q" : "5.6",
      "p" : "0.20279",
      "s" : "buy",
      "i" : "FLUX_USD",
      "m" : "4611686018433967240"
    }, {
      "d" : "1756460725920534025",
      "t" : 1756460725920,
      "tn" : 1756460725920534025,
      "q" : "5.6",
      "p" : "0.20274",
      "s" : "buy",
      "i" : "FLUX_USD",
      "m" : "4611686018433967239"
    }, {
      "d" : "1756460708481681848",
      "t" : 1756460708481,
      "tn" : 1756460708481681848,
      "q" : "5.6",
      "p" : "0.20274",
      "s" : "buy",
      "i" : "FLUX_USD",
      "m" : "4611686018433967238"
    }, {
      "d" : "1756460702286454968",
      "t" : 1756460702286,
      "tn" : 1756460702286454968,
      "q" : "5.6",
      "p" : "0.20279",
      "s" : "buy",
      "i" : "FLUX_USD",
      "m" : "4611686018433967237"
    }, {
      "d" : "1756460702091182660",
      "t" : 1756460702091,
      "tn" : 1756460702091182660,
      "q" : "21.8",
      "p" : "0.20303",
      "s" : "buy",
      "i" : "FLUX_USD",
      "m" : "4611686018433967236"
    }, {
      "d" : "1756460702091180890",
      "t" : 1756460702091,
      "tn" : 1756460702091180890,
      "q" : "21.8",
      "p" : "0.20297",
      "s" : "buy",
      "i" : "FLUX_USD",
      "m" : "4611686018433967235"
    }, {
      "d" : "1756460702091178260",
      "t" : 1756460702091,
      "tn" : 1756460702091178260,
      "q" : "21.8",
      "p" : "0.20291",
      "s" : "buy",
      "i" : "FLUX_USD",
      "m" : "4611686018433967234"
    }, {
      "d" : "1756460702091175642",
      "t" : 1756460702091,
      "tn" : 1756460702091175642,
      "q" : "349.0",
      "p" : "0.20290",
      "s" : "buy",
      "i" : "FLUX_USD",
      "m" : "4611686018433967233"
    }, {
      "d" : "1756460702091172877",
      "t" : 1756460702091,
      "tn" : 1756460702091172877,
      "q" : "21.8",
      "p" : "0.20285",
      "s" : "buy",
      "i" : "FLUX_USD",
      "m" : "4611686018433967232"
    }, {
      "d" : "1756460702090882968",
      "t" : 1756460702090,
      "tn" : 1756460702090882967,
      "q" : "5.6",
      "p" : "0.20279",
      "s" : "buy",
      "i" : "FLUX_USD",
      "m" : "4611686018433967231"
    }, {
      "d" : "1756460702090882967",
      "t" : 1756460702090,
      "tn" : 1756460702090882967,
      "q" : "21.8",
      "p" : "0.20279",
      "s" : "buy",
      "i" : "FLUX_USD",
      "m" : "4611686018433967231"
    }, {
      "d" : "1756460648439828026",
      "t" : 1756460648439,
      "tn" : 1756460648439828026,
      "q" : "5.6",
      "p" : "0.20273",
      "s" : "sell",
      "i" : "FLUX_USD",
      "m" : "4611686018433967230"
    }, {
      "d" : "1756460625643242788",
      "t" : 1756460625643,
      "tn" : 1756460625643242788,
      "q" : "21.8",
      "p" : "0.20274",
      "s" : "buy",
      "i" : "FLUX_USD",
      "m" : "4611686018433967229"
    }, {
      "d" : "1756460611920954313",
      "t" : 1756460611920,
      "tn" : 1756460611920954313,
      "q" : "5.6",
      "p" : "0.20274",
      "s" : "buy",
      "i" : "FLUX_USD",
      "m" : "4611686018433967228"
    }, {
      "d" : "1756460611920951457",
      "t" : 1756460611920,
      "tn" : 1756460611920951457,
      "q" : "21.8",
      "p" : "0.20273",
      "s" : "buy",
      "i" : "FLUX_USD",
      "m" : "4611686018433967227"
    }, {
      "d" : "1756460605289385930",
      "t" : 1756460605289,
      "tn" : 1756460605289385930,
      "q" : "5.6",
      "p" : "0.20269",
      "s" : "buy",
      "i" : "FLUX_USD",
      "m" : "4611686018433967226"
    }, {
      "d" : "1756460602549324080",
      "t" : 1756460602549,
      "tn" : 1756460602549324080,
      "q" : "5.6",
      "p" : "0.20259",
      "s" : "buy",
      "i" : "FLUX_USD",
      "m" : "4611686018433967225"
    }, {
      "d" : "1756460597524529162",
      "t" : 1756460597524,
      "tn" : 1756460597524529162,
      "q" : "21.8",
      "p" : "0.20261",
      "s" : "sell",
      "i" : "FLUX_USD",
      "m" : "4611686018433967224"
    }, {
      "d" : "1756460597524526340",
      "t" : 1756460597524,
      "tn" : 1756460597524526340,
      "q" : "5.6",
      "p" : "0.20263",
      "s" : "sell",
      "i" : "FLUX_USD",
      "m" : "4611686018433967223"
    }, {
      "d" : "1756460568571763991",
      "t" : 1756460568571,
      "tn" : 1756460568571763991,
      "q" : "5.6",
      "p" : "0.20264",
      "s" : "buy",
      "i" : "FLUX_USD",
      "m" : "4611686018433967222"
    }, {
      "d" : "1756460568374779369",
      "t" : 1756460568374,
      "tn" : 1756460568374779369,
      "q" : "5.6",
      "p" : "0.20264",
      "s" : "buy",
      "i" : "FLUX_USD",
      "m" : "4611686018433967221"
    }, {
      "d" : "1756460565904772151",
      "t" : 1756460565904,
      "tn" : 1756460565904772151,
      "q" : "21.8",
      "p" : "0.20267",
      "s" : "sell",
      "i" : "FLUX_USD",
      "m" : "4611686018433967220"
    }, {
      "d" : "1756460565902024323",
      "t" : 1756460565902,
      "tn" : 1756460565902024323,
      "q" : "21.8",
      "p" : "0.20273",
      "s" : "sell",
      "i" : "FLUX_USD",
      "m" : "4611686018433967219"
    }, {
      "d" : "1756460565902022414",
      "t" : 1756460565902,
      "tn" : 1756460565902022414,
      "q" : "21.8",
      "p" : "0.20278",
      "s" : "sell",
      "i" : "FLUX_USD",
      "m" : "4611686018433967218"
    }, {
      "d" : "1756460535573923874",
      "t" : 1756460535573,
      "tn" : 1756460535573923874,
      "q" : "5.6",
      "p" : "0.20279",
      "s" : "buy",
      "i" : "FLUX_USD",
      "m" : "4611686018433967217"
    }, {
      "d" : "1756460532578521779",
      "t" : 1756460532578,
      "tn" : 1756460532578521779,
      "q" : "21.8",
      "p" : "0.20285",
      "s" : "buy",
      "i" : "FLUX_USD",
      "m" : "4611686018433967216"
    }, {
      "d" : "1756460532578519151",
      "t" : 1756460532578,
      "tn" : 1756460532578519151,
      "q" : "5.6",
      "p" : "0.20284",
      "s" : "buy",
      "i" : "FLUX_USD",
      "m" : "4611686018433967215"
    }, {
      "d" : "1756460525620917645",
      "t" : 1756460525620,
      "tn" : 1756460525620917645,
      "q" : "5.6",
      "p" : "0.20279",
      "s" : "buy",
      "i" : "FLUX_USD",
      "m" : "4611686018433967214"
    }, {
      "d" : "1756460520839793215",
      "t" : 1756460520839,
      "tn" : 1756460520839793215,
      "q" : "5.6",
      "p" : "0.20278",
      "s" : "sell",
      "i" : "FLUX_USD",
      "m" : "4611686018433967213"
    }, {
      "d" : "1756460512661874840",
      "t" : 1756460512661,
      "tn" : 1756460512661874840,
      "q" : "5.6",
      "p" : "0.20283",
      "s" : "sell",
      "i" : "FLUX_USD",
      "m" : "4611686018433967212"
    }, {
      "d" : "1756460503081758866",
      "t" : 1756460503081,
      "tn" : 1756460503081758866,
      "q" : "4.2",
      "p" : "0.20283",
      "s" : "sell",
      "i" : "FLUX_USD",
      "m" : "4611686018433967211"
    }, {
      "d" : "1756460503080086829",
      "t" : 1756460503080,
      "tn" : 1756460503080086829,
      "q" : "1.4",
      "p" : "0.20283",
      "s" : "sell",
      "i" : "FLUX_USD",
      "m" : "4611686018433967210"
    }, {
      "d" : "1756460503080084978",
      "t" : 1756460503080,
      "tn" : 1756460503080084978,
      "q" : "154.1",
      "p" : "0.20290",
      "s" : "sell",
      "i" : "FLUX_USD",
      "m" : "4611686018433967209"
    }, {
      "d" : "1756460502932729559",
      "t" : 1756460502932,
      "tn" : 1756460502932729559,
      "q" : "5.6",
      "p" : "0.20284",
      "s" : "buy",
      "i" : "FLUX_USD",
      "m" : "4611686018433967208"
    }, {
      "d" : "1756460502572339807",
      "t" : 1756460502572,
      "tn" : 1756460502572339807,
      "q" : "21.8",
      "p" : "0.20279",
      "s" : "sell",
      "i" : "FLUX_USD",
      "m" : "4611686018433967207"
    }, {
      "d" : "1756460502572337407",
      "t" : 1756460502572,
      "tn" : 1756460502572337407,
      "q" : "5.6",
      "p" : "0.20283",
      "s" : "sell",
      "i" : "FLUX_USD",
      "m" : "4611686018433967206"
    }, {
      "d" : "1756460502290350788",
      "t" : 1756460502290,
      "tn" : 1756460502290350788,
      "q" : "21.8",
      "p" : "0.20285",
      "s" : "sell",
      "i" : "FLUX_USD",
      "m" : "4611686018433967205"
    }, {
      "d" : "1756460501555079216",
      "t" : 1756460501555,
      "tn" : 1756460501555079216,
      "q" : "5.6",
      "p" : "0.20288",
      "s" : "sell",
      "i" : "FLUX_USD",
      "m" : "4611686018433967204"
    }, {
      "d" : "1756460501172700245",
      "t" : 1756460501172,
      "tn" : 1756460501172700244,
      "q" : "21.8",
      "p" : "0.20289",
      "s" : "sell",
      "i" : "FLUX_USD",
      "m" : "4611686018433967203"
    }, {
      "d" : "1756460501172700244",
      "t" : 1756460501172,
      "tn" : 1756460501172700244,
      "q" : "21.8",
      "p" : "0.20289",
      "s" : "sell",
      "i" : "FLUX_USD",
      "m" : "4611686018433967203"
    }, {
      "d" : "1756460492578526112",
      "t" : 1756460492578,
      "tn" : 1756460492578526112,
      "q" : "5.6",
      "p" : "0.20289",
      "s" : "buy",
      "i" : "FLUX_USD",
      "m" : "4611686018433967202"
    }, {
      "d" : "1756460486369087642",
      "t" : 1756460486369,
      "tn" : 1756460486369087642,
      "q" : "5.6",
      "p" : "0.20288",
      "s" : "sell",
      "i" : "FLUX_USD",
      "m" : "4611686018433967201"
    }, {
      "d" : "1756460484819502398",
      "t" : 1756460484819,
      "tn" : 1756460484819502398,
      "q" : "5.6",
      "p" : "0.20288",
      "s" : "sell",
      "i" : "FLUX_USD",
      "m" : "4611686018433967200"
    }, {
      "d" : "1756460472870596954",
      "t" : 1756460472870,
      "tn" : 1756460472870596954,
      "q" : "21.8",
      "p" : "0.20303",
      "s" : "buy",
      "i" : "FLUX_USD",
      "m" : "4611686018433967199"
    }, {
      "d" : "1756460472870594880",
      "t" : 1756460472870,
      "tn" : 1756460472870594880,
      "q" : "5.6",
      "p" : "0.20299",
      "s" : "buy",
      "i" : "FLUX_USD",
      "m" : "4611686018433967198"
    }, {
      "d" : "1756460472870593154",
      "t" : 1756460472870,
      "tn" : 1756460472870593154,
      "q" : "21.8",
      "p" : "0.20297",
      "s" : "buy",
      "i" : "FLUX_USD",
      "m" : "4611686018433967197"
    }, {
      "d" : "1756460472861495272",
      "t" : 1756460472861,
      "tn" : 1756460472861495272,
      "q" : "21.8",
      "p" : "0.20291",
      "s" : "buy",
      "i" : "FLUX_USD",
      "m" : "4611686018433967196"
    }, {
      "d" : "1756460456576249878",
      "t" : 1756460456576,
      "tn" : 1756460456576249878,
      "q" : "21.8",
      "p" : "0.20285",
      "s" : "buy",
      "i" : "FLUX_USD",
      "m" : "4611686018433967195"
    }, {
      "d" : "1756460425558632350",
      "t" : 1756460425558,
      "tn" : 1756460425558632350,
      "q" : "5.6",
      "p" : "0.20278",
      "s" : "sell",
      "i" : "FLUX_USD",
      "m" : "4611686018433967194"
    }, {
      "d" : "1756460424624433875",
      "t" : 1756460424624,
      "tn" : 1756460424624433875,
      "q" : "21.8",
      "p" : "0.20279",
      "s" : "sell",
      "i" : "FLUX_USD",
      "m" : "4611686018433967193"
    }, {
      "d" : "1756460424562671069",
      "t" : 1756460424562,
      "tn" : 1756460424562671069,
      "q" : "21.8",
      "p" : "0.20285",
      "s" : "sell",
      "i" : "FLUX_USD",
      "m" : "4611686018433967192"
    }, {
      "d" : "1756460424462789658",
      "t" : 1756460424462,
      "tn" : 1756460424462789658,
      "q" : "5.6",
      "p" : "0.20288",
      "s" : "sell",
      "i" : "FLUX_USD",
      "m" : "4611686018433967191"
    }, {
      "d" : "1756460411339034531",
      "t" : 1756460411339,
      "tn" : 1756460411339034531,
      "q" : "5.6",
      "p" : "0.20289",
      "s" : "buy",
      "i" : "FLUX_USD",
      "m" : "4611686018433967190"
    }, {
      "d" : "1756460411299761833",
      "t" : 1756460411299,
      "tn" : 1756460411299761833,
      "q" : "21.8",
      "p" : "0.20291",
      "s" : "buy",
      "i" : "FLUX_USD",
      "m" : "4611686018433967189"
    }, {
      "d" : "1756460411299759533",
      "t" : 1756460411299,
      "tn" : 1756460411299759533,
      "q" : "5.6",
      "p" : "0.20289",
      "s" : "buy",
      "i" : "FLUX_USD",
      "m" : "4611686018433967188"
    }, {
      "d" : "1756460411283861854",
      "t" : 1756460411283,
      "tn" : 1756460411283861854,
      "q" : "5.6",
      "p" : "0.20289",
      "s" : "buy",
      "i" : "FLUX_USD",
      "m" : "4611686018433967187"
    }, {
      "d" : "1756460411283859651",
      "t" : 1756460411283,
      "tn" : 1756460411283859651,
      "q" : "21.8",
      "p" : "0.20285",
      "s" : "buy",
      "i" : "FLUX_USD",
      "m" : "4611686018433967186"
    }, {
      "d" : "1756460401489102537",
      "t" : 1756460401489,
      "tn" : 1756460401489102537,
      "q" : "5.6",
      "p" : "0.20279",
      "s" : "buy",
      "i" : "FLUX_USD",
      "m" : "4611686018433967185"
    }, {
      "d" : "1756460377811136618",
      "t" : 1756460377811,
      "tn" : 1756460377811136618,
      "q" : "5.6",
      "p" : "0.20274",
      "s" : "buy",
      "i" : "FLUX_USD",
      "m" : "4611686018433967184"
    }, {
      "d" : "1756460363239355019",
      "t" : 1756460363239,
      "tn" : 1756460363239355019,
      "q" : "21.8",
      "p" : "0.20278",
      "s" : "sell",
      "i" : "FLUX_USD",
      "m" : "4611686018433967183"
    }, {
      "d" : "1756460350879604823",
      "t" : 1756460350879,
      "tn" : 1756460350879604823,
      "q" : "5.6",
      "p" : "0.20278",
      "s" : "sell",
      "i" : "FLUX_USD",
      "m" : "4611686018433967182"
    }, {
      "d" : "1756460350806955120",
      "t" : 1756460350806,
      "tn" : 1756460350806955120,
      "q" : "5.6",
      "p" : "0.20278",
      "s" : "sell",
      "i" : "FLUX_USD",
      "m" : "4611686018433967181"
    }, {
      "d" : "1756460349822464212",
      "t" : 1756460349822,
      "tn" : 1756460349822464212,
      "q" : "5.6",
      "p" : "0.20283",
      "s" : "sell",
      "i" : "FLUX_USD",
      "m" : "4611686018433967180"
    }, {
      "d" : "1756460341050744389",
      "t" : 1756460341050,
      "tn" : 1756460341050744389,
      "q" : "21.8",
      "p" : "0.20285",
      "s" : "buy",
      "i" : "FLUX_USD",
      "m" : "4611686018433967179"
    }, {
      "d" : "1756460341050741458",
      "t" : 1756460341050,
      "tn" : 1756460341050741458,
      "q" : "5.6",
      "p" : "0.20284",
      "s" : "buy",
      "i" : "FLUX_USD",
      "m" : "4611686018433967178"
    }, {
      "d" : "1756460332429323863",
      "t" : 1756460332429,
      "tn" : 1756460332429323863,
      "q" : "5.6",
      "p" : "0.20278",
      "s" : "sell",
      "i" : "FLUX_USD",
      "m" : "4611686018433967177"
    }, {
      "d" : "1756460326461361907",
      "t" : 1756460326461,
      "tn" : 1756460326461361907,
      "q" : "5.6",
      "p" : "0.20278",
      "s" : "sell",
      "i" : "FLUX_USD",
      "m" : "4611686018433967176"
    }, {
      "d" : "1756460324540762459",
      "t" : 1756460324540,
      "tn" : 1756460324540762459,
      "q" : "5.6",
      "p" : "0.20283",
      "s" : "sell",
      "i" : "FLUX_USD",
      "m" : "4611686018433967175"
    }, {
      "d" : "1756460318701894293",
      "t" : 1756460318701,
      "tn" : 1756460318701894293,
      "q" : "5.6",
      "p" : "0.20278",
      "s" : "sell",
      "i" : "FLUX_USD",
      "m" : "4611686018433967174"
    }, {
      "d" : "1756460318557483405",
      "t" : 1756460318557,
      "tn" : 1756460318557483405,
      "q" : "5.6",
      "p" : "0.20278",
      "s" : "sell",
      "i" : "FLUX_USD",
      "m" : "4611686018433967173"
    }, {
      "d" : "1756460318492049756",
      "t" : 1756460318492,
      "tn" : 1756460318492049756,
      "q" : "5.6",
      "p" : "0.20278",
      "s" : "sell",
      "i" : "FLUX_USD",
      "m" : "4611686018433967172"
    }, {
      "d" : "1756460318492047851",
      "t" : 1756460318492,
      "tn" : 1756460318492047851,
      "q" : "21.8",
      "p" : "0.20279",
      "s" : "sell",
      "i" : "FLUX_USD",
      "m" : "4611686018433967171"
    }, {
      "d" : "1756460310590675260",
      "t" : 1756460310590,
      "tn" : 1756460310590675260,
      "q" : "5.6",
      "p" : "0.20288",
      "s" : "sell",
      "i" : "FLUX_USD",
      "m" : "4611686018433967170"
    }, {
      "d" : "1756460309965800422",
      "t" : 1756460309965,
      "tn" : 1756460309965800422,
      "q" : "5.6",
      "p" : "0.20288",
      "s" : "sell",
      "i" : "FLUX_USD",
      "m" : "4611686018433967169"
    }, {
      "d" : "1756460303609331362",
      "t" : 1756460303609,
      "tn" : 1756460303609331362,
      "q" : "21.8",
      "p" : "0.20285",
      "s" : "sell",
      "i" : "FLUX_USD",
      "m" : "4611686018433967168"
    } ]
  }
}