{
  "id" : -1,
  "method" : "public/get-trades",
  "code" : 0,
  "result" : {
    "data" : [ {
      "d" : "1756459683693386468",
      "t" : 1756459683693,
      "tn" : 1756459683693386468,
      "q" : "210",
      "p" : "0.20284",
      "s" : "buy",
      "i" : "FLUXUSD-PERP",
      "m" : "4611686018427642660"
    }, {
      "d" : "1756459683693385946",
      "t" : 1756459683693,
      "tn" : 1756459683693385946,
      "q" : "1",
      "p" : "0.20274",
      "s" : "buy",
      "i" : "FLUXUSD-PERP",
      "m" : "4611686018427642659"
    }, {
      "d" : "1756459683693380078",
      "t" : 1756459683693,
      "tn" : 1756459683693380078,
      "q" : "1",
      "p" : "0.20259",
      "s" : "buy",
      "i" : "FLUXUSD-PERP",
      "m" : "4611686018427642658"
    }, {
      "d" : "1756458293726301548",
      "t" : 1756458293726,
      "tn" : 1756458293726301548,
      "q" : "1",
      "p" : "0.20118",
      "s" : "sell",
      "i" : "FLUXUSD-PERP",
      "m" : "4611686018427642657"
    }, {
      "d" : "1756458293726299539",
      "t" : 1756458293726,
      "tn" : 1756458293726299539,
      "q" : "476",
      "p" : "0.20124",
      "s" : "sell",
      "i" : "FLUXUSD-PERP",
      "m" : "4611686018427642656"
    }, {
      "d" : "1756458238894865519",
      "t" : 1756458238894,
      "tn" : 1756458238894865519,
      "q" : "1",
      "p" : "0.20099",
      "s" : "buy",
      "i" : "FLUXUSD-PERP",
      "m" : "4611686018427642655"
    }, {
      "d" : "1756458222344744812",
      "t" : 1756458222344,
      "tn" : 1756458222344744812,
      "q" : "1",
      "p" : "0.20109",
      "s" : "buy",
      "i" : "FLUXUSD-PERP",
      "m" : "4611686018427642654"
    }, {
      "d" : "1756458194364485198",
      "t" : 1756458194364,
      "tn" : 1756458194364485198,
      "q" : "1",
      "p" : "0.20095",
      "s" : "buy",
      "i" : "FLUXUSD-PERP",
      "m" : "4611686018427642653"
    }, {
      "d" : "1756458124864524316",
      "t" : 1756458124864,
      "tn" : 1756458124864524316,
      "q" : "1",
      "p" : "0.20241",
      "s" : "buy",
      "i" : "FLUXUSD-PERP",
      "m" : "4611686018427642652"
    }, {
      "d" : "1756458063534482051",
      "t" : 1756458063534,
      "tn" : 1756458063534482051,
      "q" : "1",
      "p" : "0.20261",
      "s" : "buy",
      "i" : "FLUXUSD-PERP",
      "m" : "4611686018427642651"
    }, {
      "d" : "1756457967624899516",
      "t" : 1756457967624,
      "tn" : 1756457967624899516,
      "q" : "1",
      "p" : "0.20289",
      "s" : "buy",
      "i" : "FLUXUSD-PERP",
      "m" : "4611686018427642650"
    }, {
      "d" : "1756457874844609352",
      "t" : 1756457874844,
      "tn" : 1756457874844609352,
      "q" : "1",
      "p" : "0.20269",
      "s" : "buy",
      "i" : "FLUXUSD-PERP",
      "m" : "4611686018427642649"
    }, {
      "d" : "1756457839274648753",
      "t" : 1756457839274,
      "tn" : 1756457839274648753,
      "q" : "1",
      "p" : "0.20293",
      "s" : "buy",
      "i" : "FLUXUSD-PERP",
      "m" : "4611686018427642648"
    }, {
      "d" : "1756457765044522935",
      "t" : 1756457765044,
      "tn" : 1756457765044522935,
      "q" : "1",
      "p" : "0.20302",
      "s" : "buy",
      "i" : "FLUXUSD-PERP",
      "m" : "4611686018427642647"
    }, {
      "d" : "1756457715434591832",
      "t" : 1756457715434,
      "tn" : 1756457715434591832,
      "q" : "1",
      "p" : "0.20309",
      "s" : "buy",
      "i" : "FLUXUSD-PERP",
      "m" : "4611686018427642646"
    }, {
      "d" : "1756457705424539011",
      "t" : 1756457705424,
      "tn" : 1756457705424539011,
      "q" : "1",
      "p" : "0.20305",
      "s" : "buy",
      "i" : "FLUXUSD-PERP",
      "m" : "4611686018427642645"
    }, {
      "d" : "1756457673004528177",
      "t" : 1756457673004,
      "tn" : 1756457673004528177,
      "q" : "1",
      "p" : "0.20319",
      "s" : "buy",
      "i" : "FLUXUSD-PERP",
      "m" : "4611686018427642644"
    }, {
      "d" : "1756457656064425297",
      "t" : 1756457656064,
      "tn" : 1756457656064425297,
      "q" : "1",
      "p" : "0.20325",
      "s" : "buy",
      "i" : "FLUXUSD-PERP",
      "m" : "4611686018427642643"
    }, {
      "d" : "1756457655759288275",
      "t" : 1756457655759,
      "tn" : 1756457655759288275,
      "q" : "245",
      "p" : "0.20380",
      "s" : "buy",
      "i" : "FLUXUSD-PERP",
      "m" : "4611686018427642642"
    }, {
      "d" : "1756457655759286169",
      "t" : 1756457655759,
      "tn" : 1756457655759286169,
      "q" : "245",
      "p" : "0.20376",
      "s" : "buy",
      "i" : "FLUXUSD-PERP",
      "m" : "4611686018427642641"
    }, {
      "d" : "1756457655754605893",
      "t" : 1756457655754,
      "tn" : 1756457655754605893,
      "q" : "240",
      "p" : "0.20352",
      "s" : "buy",
      "i" : "FLUXUSD-PERP",
      "m" : "4611686018427642640"
    }, {
      "d" : "1756457655754603667",
      "t" : 1756457655754,
      "tn" : 1756457655754603667,
      "q" : "982",
      "p" : "0.20348",
      "s" : "buy",
      "i" : "FLUXUSD-PERP",
      "m" : "4611686018427642639"
    }, {
      "d" : "1756457655754600751",
      "t" : 1756457655754,
      "tn" : 1756457655754600751,
      "q" : "1",
      "p" : "0.20336",
      "s" : "buy",
      "i" : "FLUXUSD-PERP",
      "m" : "4611686018427642638"
    }, {
      "d" : "1756457655754597914",
      "t" : 1756457655754,
      "tn" : 1756457655754597914,
      "q" : "1",
      "p" : "0.20319",
      "s" : "buy",
      "i" : "FLUXUSD-PERP",
      "m" : "4611686018427642637"
    }, {
      "d" : "1756452111869687104",
      "t" : 1756452111869,
      "tn" : 1756452111869687104,
      "q" : "241",
      "p" : "0.20672",
      "s" : "sell",
      "i" : "FLUXUSD-PERP",
      "m" : "4611686018427642636"
    }, {
      "d" : "1756451623704963799",
      "t" : 1756451623704,
      "tn" : 1756451623704963799,
      "q" : "187",
      "p" : "0.20764",
      "s" : "sell",
      "i" : "FLUXUSD-PERP",
      "m" : "4611686018427642635"
    }, {
      "d" : "1756451606594508452",
      "t" : 1756451606594,
      "tn" : 1756451606594508452,
      "q" : "1",
      "p" : "0.20763",
      "s" : "buy",
      "i" : "FLUXUSD-PERP",
      "m" : "4611686018427642634"
    }, {
      "d" : "1756451606291177011",
      "t" : 1756451606291,
      "tn" : 1756451606291177011,
      "q" : "413",
      "p" : "0.20820",
      "s" : "sell",
      "i" : "FLUXUSD-PERP",
      "m" : "4611686018427642633"
    }, {
      "d" : "1756451551874957985",
      "t" : 1756451551874,
      "tn" : 1756451551874957985,
      "q" : "1",
      "p" : "0.20853",
      "s" : "buy",
      "i" : "FLUXUSD-PERP",
      "m" : "4611686018427642632"
    }, {
      "d" : "1756451534944473619",
      "t" : 1756451534944,
      "tn" : 1756451534944473619,
      "q" : "1",
      "p" : "0.20853",
      "s" : "buy",
      "i" : "FLUXUSD-PERP",
      "m" : "4611686018427642631"
    }, {
      "d" : "1756451507944404753",
      "t" : 1756451507944,
      "tn" : 1756451507944404753,
      "q" : "1",
      "p" : "0.20849",
      "s" : "buy",
      "i" : "FLUXUSD-PERP",
      "m" : "4611686018427642630"
    }, {
      "d" : "1756451472004440284",
      "t" : 1756451472004,
      "tn" : 1756451472004440284,
      "q" : "1",
      "p" : "0.20861",
      "s" : "buy",
      "i" : "FLUXUSD-PERP",
      "m" : "4611686018427642629"
    }, {
      "d" : "1756451441594730607",
      "t" : 1756451441594,
      "tn" : 1756451441594730607,
      "q" : "1",
      "p" : "0.20859",
      "s" : "buy",
      "i" : "FLUXUSD-PERP",
      "m" : "4611686018427642628"
    }, {
      "d" : "1756451415024629804",
      "t" : 1756451415024,
      "tn" : 1756451415024629804,
      "q" : "1",
      "p" : "0.20872",
      "s" : "buy",
      "i" : "FLUXUSD-PERP",
      "m" : "4611686018427642627"
    }, {
      "d" : "1756451405014791982",
      "t" : 1756451405014,
      "tn" : 1756451405014791982,
      "q" : "1",
      "p" : "0.20841",
      "s" : "buy",
      "i" : "FLUXUSD-PERP",
      "m" : "4611686018427642626"
    }, {
      "d" : "1756451395014601157",
      "t" : 1756451395014,
      "tn" : 1756451395014601157,
      "q" : "1",
      "p" : "0.20829",
      "s" : "buy",
      "i" : "FLUXUSD-PERP",
      "m" : "4611686018427642625"
    }, {
      "d" : "1756451354054655871",
      "t" : 1756451354054,
      "tn" : 1756451354054655871,
      "q" : "1",
      "p" : "0.20841",
      "s" : "buy",
      "i" : "FLUXUSD-PERP",
      "m" : "4611686018427642624"
    }, {
      "d" : "1756451343574606326",
      "t" : 1756451343574,
      "tn" : 1756451343574606326,
      "q" : "1",
      "p" : "0.20837",
      "s" : "buy",
      "i" : "FLUXUSD-PERP",
      "m" : "4611686018427642623"
    }, {
      "d" : "1756451312174777569",
      "t" : 1756451312174,
      "tn" : 1756451312174777569,
      "q" : "1",
      "p" : "0.20841",
      "s" : "buy",
      "i" : "FLUXUSD-PERP",
      "m" : "4611686018427642622"
    }, {
      "d" : "1756451302164966914",
      "t" : 1756451302164,
      "tn" : 1756451302164966914,
      "q" : "1",
      "p" : "0.20821",
      "s" : "buy",
      "i" : "FLUXUSD-PERP",
      "m" : "4611686018427642621"
    }, {
      "d" : "1756451287852080510",
      "t" : 1756451287852,
      "tn" : 1756451287852080510,
      "q" : "654",
      "p" : "0.20807",
      "s" : "sell",
      "i" : "FLUXUSD-PERP",
      "m" : "4611686018427642620"
    }, {
      "d" : "1756451287850644207",
      "t" : 1756451287850,
      "tn" : 1756451287850644207,
      "q" : "374",
      "p" : "0.20807",
      "s" : "sell",
      "i" : "FLUXUSD-PERP",
      "m" : "4611686018427642619"
    }, {
      "d" : "1756451287837093102",
      "t" : 1756451287837,
      "tn" : 1756451287837093102,
      "q" : "1370",
      "p" : "0.20848",
      "s" : "sell",
      "i" : "FLUXUSD-PERP",
      "m" : "4611686018427642618"
    }, {
      "d" : "1756451287836669498",
      "t" : 1756451287836,
      "tn" : 1756451287836669498,
      "q" : "1",
      "p" : "0.20863",
      "s" : "sell",
      "i" : "FLUXUSD-PERP",
      "m" : "4611686018427642617"
    }, {
      "d" : "1756451287836667451",
      "t" : 1756451287836,
      "tn" : 1756451287836667451,
      "q" : "231",
      "p" : "0.20868",
      "s" : "sell",
      "i" : "FLUXUSD-PERP",
      "m" : "4611686018427642616"
    }, {
      "d" : "1756451287836664996",
      "t" : 1756451287836,
      "tn" : 1756451287836664996,
      "q" : "958",
      "p" : "0.20870",
      "s" : "sell",
      "i" : "FLUXUSD-PERP",
      "m" : "4611686018427642615"
    }, {
      "d" : "1756451287836664402",
      "t" : 1756451287836,
      "tn" : 1756451287836664402,
      "q" : "239",
      "p" : "0.20872",
      "s" : "sell",
      "i" : "FLUXUSD-PERP",
      "m" : "4611686018427642614"
    }, {
      "d" : "1756451287836660551",
      "t" : 1756451287836,
      "tn" : 1756451287836660551,
      "q" : "239",
      "p" : "0.20876",
      "s" : "sell",
      "i" : "FLUXUSD-PERP",
      "m" : "4611686018427642613"
    }, {
      "d" : "1756451287836658422",
      "t" : 1756451287836,
      "tn" : 1756451287836658422,
      "q" : "1",
      "p" : "0.20878",
      "s" : "sell",
      "i" : "FLUXUSD-PERP",
      "m" : "4611686018427642612"
    }, {
      "d" : "1756451287836655393",
      "t" : 1756451287836,
      "tn" : 1756451287836655393,
      "q" : "239",
      "p" : "0.20880",
      "s" : "sell",
      "i" : "FLUXUSD-PERP",
      "m" : "4611686018427642611"
    }, {
      "d" : "1756451287836652815",
      "t" : 1756451287836,
      "tn" : 1756451287836652815,
      "q" : "470",
      "p" : "0.20892",
      "s" : "sell",
      "i" : "FLUXUSD-PERP",
      "m" : "4611686018427642610"
    }, {
      "d" : "1756451259224507577",
      "t" : 1756451259224,
      "tn" : 1756451259224507577,
      "q" : "1",
      "p" : "0.20912",
      "s" : "buy",
      "i" : "FLUXUSD-PERP",
      "m" : "4611686018427642609"
    }, {
      "d" : "1756448236174475676",
      "t" : 1756448236174,
      "tn" : 1756448236174475676,
      "q" : "1",
      "p" : "0.21081",
      "s" : "buy",
      "i" : "FLUXUSD-PERP",
      "m" : "4611686018427642608"
    }, {
      "d" : "1756448219454853374",
      "t" : 1756448219454,
      "tn" : 1756448219454853374,
      "q" : "1",
      "p" : "0.21079",
      "s" : "buy",
      "i" : "FLUXUSD-PERP",
      "m" : "4611686018427642607"
    }, {
      "d" : "1756448167844551362",
      "t" : 1756448167844,
      "tn" : 1756448167844551362,
      "q" : "1",
      "p" : "0.21101",
      "s" : "buy",
      "i" : "FLUXUSD-PERP",
      "m" : "4611686018427642606"
    }, {
      "d" : "1756448148844461878",
      "t" : 1756448148844,
      "tn" : 1756448148844461878,
      "q" : "1",
      "p" : "0.21119",
      "s" : "buy",
      "i" : "FLUXUSD-PERP",
      "m" : "4611686018427642605"
    }, {
      "d" : "1756448148534511604",
      "t" : 1756448148534,
      "tn" : 1756448148534511604,
      "q" : "1",
      "p" : "0.21125",
      "s" : "buy",
      "i" : "FLUXUSD-PERP",
      "m" : "4611686018427642604"
    }, {
      "d" : "1756447976084414473",
      "t" : 1756447976084,
      "tn" : 1756447976084414473,
      "q" : "1",
      "p" : "0.21209",
      "s" : "buy",
      "i" : "FLUXUSD-PERP",
      "m" : "4611686018427642603"
    }, {
      "d" : "1756447957565017836",
      "t" : 1756447957565,
      "tn" : 1756447957565017836,
      "q" : "1",
      "p" : "0.21209",
      "s" : "buy",
      "i" : "FLUXUSD-PERP",
      "m" : "4611686018427642602"
    }, {
      "d" : "1756447893820464316",
      "t" : 1756447893820,
      "tn" : 1756447893820464316,
      "q" : "543",
      "p" : "0.21336",
      "s" : "buy",
      "i" : "FLUXUSD-PERP",
      "m" : "4611686018427642601"
    }, {
      "d" : "1756447893820462659",
      "t" : 1756447893820,
      "tn" : 1756447893820462659,
      "q" : "235",
      "p" : "0.21260",
      "s" : "buy",
      "i" : "FLUXUSD-PERP",
      "m" : "4611686018427642600"
    }, {
      "d" : "1756447893820461282",
      "t" : 1756447893820,
      "tn" : 1756447893820461282,
      "q" : "235",
      "p" : "0.21256",
      "s" : "buy",
      "i" : "FLUXUSD-PERP",
      "m" : "4611686018427642599"
    }, {
      "d" : "1756447893810605332",
      "t" : 1756447893810,
      "tn" : 1756447893810605332,
      "q" : "2",
      "p" : "0.21228",
      "s" : "buy",
      "i" : "FLUXUSD-PERP",
      "m" : "4611686018427642598"
    }, {
      "d" : "1756447893810603623",
      "t" : 1756447893810,
      "tn" : 1756447893810603623,
      "q" : "462",
      "p" : "0.21228",
      "s" : "buy",
      "i" : "FLUXUSD-PERP",
      "m" : "4611686018427642597"
    }, {
      "d" : "1756447893810600503",
      "t" : 1756447893810,
      "tn" : 1756447893810600503,
      "q" : "4440",
      "p" : "0.21223",
      "s" : "buy",
      "i" : "FLUXUSD-PERP",
      "m" : "4611686018427642596"
    }, {
      "d" : "1756447893810597504",
      "t" : 1756447893810,
      "tn" : 1756447893810597504,
      "q" : "1",
      "p" : "0.21186",
      "s" : "buy",
      "i" : "FLUXUSD-PERP",
      "m" : "4611686018427642595"
    }, {
      "d" : "1756447893810594913",
      "t" : 1756447893810,
      "tn" : 1756447893810594913,
      "q" : "1",
      "p" : "0.21169",
      "s" : "buy",
      "i" : "FLUXUSD-PERP",
      "m" : "4611686018427642594"
    }, {
      "d" : "1756447155992646909",
      "t" : 1756447155992,
      "tn" : 1756447155992646909,
      "q" : "1332",
      "p" : "0.21248",
      "s" : "buy",
      "i" : "FLUXUSD-PERP",
      "m" : "4611686018427642593"
    }, {
      "d" : "1756447155992635492",
      "t" : 1756447155992,
      "tn" : 1756447155992635492,
      "q" : "1",
      "p" : "0.21216",
      "s" : "buy",
      "i" : "FLUXUSD-PERP",
      "m" : "4611686018427642592"
    }, {
      "d" : "1756447155992632917",
      "t" : 1756447155992,
      "tn" : 1756447155992632917,
      "q" : "1",
      "p" : "0.21199",
      "s" : "buy",
      "i" : "FLUXUSD-PERP",
      "m" : "4611686018427642591"
    }, {
      "d" : "1756439704917540041",
      "t" : 1756439704917,
      "tn" : 1756439704917540041,
      "q" : "1",
      "p" : "0.21424",
      "s" : "sell",
      "i" : "FLUXUSD-PERP",
      "m" : "4611686018427642590"
    }, {
      "d" : "1756439704916007882",
      "t" : 1756439704916,
      "tn" : 1756439704916007882,
      "q" : "233",
      "p" : "0.21388",
      "s" : "sell",
      "i" : "FLUXUSD-PERP",
      "m" : "4611686018427642589"
    }, {
      "d" : "1756439704916005896",
      "t" : 1756439704916,
      "tn" : 1756439704916005896,
      "q" : "1",
      "p" : "0.21423",
      "s" : "sell",
      "i" : "FLUXUSD-PERP",
      "m" : "4611686018427642588"
    }, {
      "d" : "1756439704916003318",
      "t" : 1756439704916,
      "tn" : 1756439704916003318,
      "q" : "1",
      "p" : "0.21430",
      "s" : "sell",
      "i" : "FLUXUSD-PERP",
      "m" : "4611686018427642587"
    }, {
      "d" : "1756424751411882483",
      "t" : 1756424751411,
      "tn" : 1756424751411882483,
      "q" : "464",
      "p" : "0.21502",
      "s" : "sell",
      "i" : "FLUXUSD-PERP",
      "m" : "4611686018427642586"
    }, {
      "d" : "1756424751406917588",
      "t" : 1756424751406,
      "tn" : 1756424751406917588,
      "q" : "376",
      "p" : "0.21502",
      "s" : "sell",
      "i" : "FLUXUSD-PERP",
      "m" : "4611686018427642585"
    }, {
      "d" : "1756424751405910952",
      "t" : 1756424751405,
      "tn" : 1756424751405910952,
      "q" : "345",
      "p" : "0.21502",
      "s" : "sell",
      "i" : "FLUXUSD-PERP",
      "m" : "4611686018427642584"
    }, {
      "d" : "1756424751405909912",
      "t" : 1756424751405,
      "tn" : 1756424751405909912,
      "q" : "232",
      "p" : "0.21520",
      "s" : "sell",
      "i" : "FLUXUSD-PERP",
      "m" : "4611686018427642583"
    }, {
      "d" : "1756424751405906320",
      "t" : 1756424751405,
      "tn" : 1756424751405906320,
      "q" : "232",
      "p" : "0.21524",
      "s" : "sell",
      "i" : "FLUXUSD-PERP",
      "m" : "4611686018427642582"
    }, {
      "d" : "1756424751403280297",
      "t" : 1756424751403,
      "tn" : 1756424751403280297,
      "q" : "2",
      "p" : "0.21528",
      "s" : "sell",
      "i" : "FLUXUSD-PERP",
      "m" : "4611686018427642581"
    }, {
      "d" : "1756424751403209437",
      "t" : 1756424751403,
      "tn" : 1756424751403209437,
      "q" : "230",
      "p" : "0.21528",
      "s" : "sell",
      "i" : "FLUXUSD-PERP",
      "m" : "4611686018427642580"
    }, {
      "d" : "1756424751403207950",
      "t" : 1756424751403,
      "tn" : 1756424751403207950,
      "q" : "928",
      "p" : "0.21532",
      "s" : "sell",
      "i" : "FLUXUSD-PERP",
      "m" : "4611686018427642579"
    }, {
      "d" : "1756424751403204790",
      "t" : 1756424751403,
      "tn" : 1756424751403204790,
      "q" : "1",
      "p" : "0.21553",
      "s" : "sell",
      "i" : "FLUXUSD-PERP",
      "m" : "4611686018427642578"
    }, {
      "d" : "1756424751403203479",
      "t" : 1756424751403,
      "tn" : 1756424751403203479,
      "q" : "1",
      "p" : "0.21568",
      "s" : "sell",
      "i" : "FLUXUSD-PERP",
      "m" : "4611686018427642577"
    }, {
      "d" : "1756424552856620720",
      "t" : 1756424552856,
      "tn" : 1756424552856620720,
      "q" : "419",
      "p" : "0.21609",
      "s" : "buy",
      "i" : "FLUXUSD-PERP",
      "m" : "4611686018427642576"
    }, {
      "d" : "1756424552856193332",
      "t" : 1756424552856,
      "tn" : 1756424552856193332,
      "q" : "380",
      "p" : "0.21609",
      "s" : "buy",
      "i" : "FLUXUSD-PERP",
      "m" : "4611686018427642575"
    }, {
      "d" : "1756424552855199145",
      "t" : 1756424552855,
      "tn" : 1756424552855199145,
      "q" : "1",
      "p" : "0.21588",
      "s" : "buy",
      "i" : "FLUXUSD-PERP",
      "m" : "4611686018427642574"
    }, {
      "d" : "1756420351069724941",
      "t" : 1756420351069,
      "tn" : 1756420351069724941,
      "q" : "156",
      "p" : "0.21552",
      "s" : "buy",
      "i" : "FLUXUSD-PERP",
      "m" : "4611686018427642573"
    }, {
      "d" : "1756420351069722591",
      "t" : 1756420351069,
      "tn" : 1756420351069722591,
      "q" : "1",
      "p" : "0.21551",
      "s" : "buy",
      "i" : "FLUXUSD-PERP",
      "m" : "4611686018427642572"
    }, {
      "d" : "1756412341742699994",
      "t" : 1756412341742,
      "tn" : 1756412341742699994,
      "q" : "475",
      "p" : "0.21036",
      "s" : "buy",
      "i" : "FLUXUSD-PERP",
      "m" : "4611686018427642571"
    }, {
      "d" : "1756412341742698554",
      "t" : 1756412341742,
      "tn" : 1756412341742698554,
      "q" : "1",
      "p" : "0.21030",
      "s" : "buy",
      "i" : "FLUXUSD-PERP",
      "m" : "4611686018427642570"
    }, {
      "d" : "1756393051954034575",
      "t" : 1756393051954,
      "tn" : 1756393051954034575,
      "q" : "117",
      "p" : "0.21722",
      "s" : "buy",
      "i" : "FLUXUSD-PERP",
      "m" : "4611686018427642569"
    }, {
      "d" : "1756393051952878649",
      "t" : 1756393051952,
      "tn" : 1756393051952878649,
      "q" : "160",
      "p" : "0.21722",
      "s" : "buy",
      "i" : "FLUXUSD-PERP",
      "m" : "4611686018427642568"
    }, {
      "d" : "1756393051951313496",
      "t" : 1756393051951,
      "tn" : 1756393051951313496,
      "q" : "180",
      "p" : "0.21708",
      "s" : "buy",
      "i" : "FLUXUSD-PERP",
      "m" : "4611686018427642567"
    }, {
      "d" : "1756393051950096257",
      "t" : 1756393051950,
      "tn" : 1756393051950096257,
      "q" : "315",
      "p" : "0.21700",
      "s" : "buy",
      "i" : "FLUXUSD-PERP",
      "m" : "4611686018427642566"
    }, {
      "d" : "1756393051950094288",
      "t" : 1756393051950,
      "tn" : 1756393051950094288,
      "q" : "1",
      "p" : "0.21696",
      "s" : "buy",
      "i" : "FLUXUSD-PERP",
      "m" : "4611686018427642565"
    }, {
      "d" : "1756393051950092377",
      "t" : 1756393051950,
      "tn" : 1756393051950092377,
      "q" : "1",
      "p" : "0.21679",
      "s" : "buy",
      "i" : "FLUXUSD-PERP",
      "m" : "4611686018427642564"
    }, {
      "d" : "1756391054774938431",
      "t" : 1756391054774,
      "tn" : 1756391054774938431,
      "q" : "465",
      "p" : "0.21600",
      "s" : "buy",
      "i" : "FLUXUSD-PERP",
      "m" : "4611686018427642563"
    }, {
      "d" : "1756391054774935309",
      "t" : 1756391054774,
      "tn" : 1756391054774935308,
      "q" : "460",
      "p" : "0.21600",
      "s" : "buy",
      "i" : "FLUXUSD-PERP",
      "m" : "4611686018427642562"
    }, {
      "d" : "1756391054774935308",
      "t" : 1756391054774,
      "tn" : 1756391054774935308,
      "q" : "231",
      "p" : "0.21600",
      "s" : "buy",
      "i" : "FLUXUSD-PERP",
      "m" : "4611686018427642562"
    }, {
      "d" : "1756391054774932870",
      "t" : 1756391054774,
      "tn" : 1756391054774932870,
      "q" : "4445",
      "p" : "0.21599",
      "s" : "buy",
      "i" : "FLUXUSD-PERP",
      "m" : "4611686018427642561"
    }, {
      "d" : "1756391054774931171",
      "t" : 1756391054774,
      "tn" : 1756391054774931171,
      "q" : "463",
      "p" : "0.21580",
      "s" : "buy",
      "i" : "FLUXUSD-PERP",
      "m" : "4611686018427642560"
    }, {
      "d" : "1756391054774928755",
      "t" : 1756391054774,
      "tn" : 1756391054774928755,
      "q" : "1",
      "p" : "0.21556",
      "s" : "buy",
      "i" : "FLUXUSD-PERP",
      "m" : "4611686018427642559"
    }, {
      "d" : "1756391054774926169",
      "t" : 1756391054774,
      "tn" : 1756391054774926169,
      "q" : "1",
      "p" : "0.21537",
      "s" : "buy",
      "i" : "FLUXUSD-PERP",
      "m" : "4611686018427642558"
    }, {
      "d" : "1756390186093411643",
      "t" : 1756390186093,
      "tn" : 1756390186093411643,
      "q" : "1",
      "p" : "0.21466",
      "s" : "buy",
      "i" : "FLUXUSD-PERP",
      "m" : "4611686018427642557"
    }, {
      "d" : "1756390186093408762",
      "t" : 1756390186093,
      "tn" : 1756390186093408762,
      "q" : "411",
      "p" : "0.21460",
      "s" : "buy",
      "i" : "FLUXUSD-PERP",
      "m" : "4611686018427642556"
    }, {
      "d" : "1756389398755405224",
      "t" : 1756389398755,
      "tn" : 1756389398755405224,
      "q" : "54",
      "p" : "0.21280",
      "s" : "buy",
      "i" : "FLUXUSD-PERP",
      "m" : "4611686018427642555"
    }, {
      "d" : "1756389398755403572",
      "t" : 1756389398755,
      "tn" : 1756389398755403572,
      "q" : "1",
      "p" : "0.21251",
      "s" : "buy",
      "i" : "FLUXUSD-PERP",
      "m" : "4611686018427642554"
    }, {
      "d" : "1756387899064343407",
      "t" : 1756387899064,
      "tn" : 1756387899064343407,
      "q" : "233",
      "p" : "0.21392",
      "s" : "buy",
      "i" : "FLUXUSD-PERP",
      "m" : "4611686018427642553"
    }, {
      "d" : "1756387899064341062",
      "t" : 1756387899064,
      "tn" : 1756387899064341062,
      "q" : "44",
      "p" : "0.21376",
      "s" : "buy",
      "i" : "FLUXUSD-PERP",
      "m" : "4611686018427642552"
    }, {
      "d" : "1756387899063715038",
      "t" : 1756387899063,
      "tn" : 1756387899063715038,
      "q" : "423",
      "p" : "0.21376",
      "s" : "buy",
      "i" : "FLUXUSD-PERP",
      "m" : "4611686018427642551"
    }, {
      "d" : "1756387899063713059",
      "t" : 1756387899063,
      "tn" : 1756387899063713059,
      "q" : "1",
      "p" : "0.21368",
      "s" : "buy",
      "i" : "FLUXUSD-PERP",
      "m" : "4611686018427642550"
    }, {
      "d" : "1756387899063710652",
      "t" : 1756387899063,
      "tn" : 1756387899063710652,
      "q" : "1",
      "p" : "0.21341",
      "s" : "buy",
      "i" : "FLUXUSD-PERP",
      "m" : "4611686018427642549"
    }, {
      "d" : "1756378022320458582",
      "t" : 1756378022320,
      "tn" : 1756378022320458582,
      "q" : "235",
      "p" : "0.21264",
      "s" : "sell",
      "i" : "FLUXUSD-PERP",
      "m" : "4611686018427642548"
    }, {
      "d" : "1756378022320455896",
      "t" : 1756378022320,
      "tn" : 1756378022320455896,
      "q" : "235",
      "p" : "0.21268",
      "s" : "sell",
      "i" : "FLUXUSD-PERP",
      "m" : "4611686018427642547"
    }, {
      "d" : "1756378022320453204",
      "t" : 1756378022320,
      "tn" : 1756378022320453204,
      "q" : "1",
      "p" : "0.21276",
      "s" : "sell",
      "i" : "FLUXUSD-PERP",
      "m" : "4611686018427642546"
    } ]
  }
}