{
  "id" : -1,
  "method" : "public/get-trades",
  "code" : 0,
  "result" : {
    "data" : [ {
      "d" : "1756459489314911538",
      "t" : 1756459489314,
      "tn" : 1756459489314911537,
      "q" : "660",
      "p" : "0.022353",
      "s" : "sell",
      "i" : "FM_USD",
      "m" : "4611686018427391608"
    }, {
      "d" : "1756459489314911537",
      "t" : 1756459489314,
      "tn" : 1756459489314911537,
      "q" : "230",
      "p" : "0.022353",
      "s" : "sell",
      "i" : "FM_USD",
      "m" : "4611686018427391608"
    }, {
      "d" : "1756457697344806389",
      "t" : 1756457697344,
      "tn" : 1756457697344806389,
      "q" : "70",
      "p" : "0.022353",
      "s" : "sell",
      "i" : "FM_USD",
      "m" : "4611686018427391607"
    }, {
      "d" : "1756457549378787648",
      "t" : 1756457549378,
      "tn" : 1756457549378787648,
      "q" : "220",
      "p" : "0.023101",
      "s" : "sell",
      "i" : "FM_USD",
      "m" : "4611686018427391606"
    }, {
      "d" : "1756452940455568253",
      "t" : 1756452940455,
      "tn" : 1756452940455568253,
      "q" : "130",
      "p" : "0.023101",
      "s" : "sell",
      "i" : "FM_USD",
      "m" : "4611686018427391605"
    }, {
      "d" : "1756448044506254547",
      "t" : 1756448044506,
      "tn" : 1756448044506254547,
      "q" : "80",
      "p" : "0.023101",
      "s" : "sell",
      "i" : "FM_USD",
      "m" : "4611686018427391604"
    }, {
      "d" : "1756448044506251485",
      "t" : 1756448044506,
      "tn" : 1756448044506251485,
      "q" : "790",
      "p" : "0.023276",
      "s" : "sell",
      "i" : "FM_USD",
      "m" : "4611686018427391603"
    }, {
      "d" : "1756448035829037892",
      "t" : 1756448035829,
      "tn" : 1756448035829037892,
      "q" : "860",
      "p" : "0.023276",
      "s" : "sell",
      "i" : "FM_USD",
      "m" : "4611686018427391602"
    }, {
      "d" : "1756448035824253100",
      "t" : 1756448035824,
      "tn" : 1756448035824253100,
      "q" : "3300",
      "p" : "0.023276",
      "s" : "buy",
      "i" : "FM_USD",
      "m" : "4611686018427391601"
    }, {
      "d" : "1756448035824249180",
      "t" : 1756448035824,
      "tn" : 1756448035824249180,
      "q" : "50",
      "p" : "0.023140",
      "s" : "buy",
      "i" : "FM_USD",
      "m" : "4611686018427391600"
    }, {
      "d" : "1756434309088652852",
      "t" : 1756434309088,
      "tn" : 1756434309088652852,
      "q" : "160",
      "p" : "0.023101",
      "s" : "sell",
      "i" : "FM_USD",
      "m" : "4611686018427391599"
    }, {
      "d" : "1756434309088649658",
      "t" : 1756434309088,
      "tn" : 1756434309088649658,
      "q" : "2440",
      "p" : "0.023102",
      "s" : "sell",
      "i" : "FM_USD",
      "m" : "4611686018427391598"
    }, {
      "d" : "1756427761268761285",
      "t" : 1756427761268,
      "tn" : 1756427761268761284,
      "q" : "11880",
      "p" : "0.024125",
      "s" : "sell",
      "i" : "FM_USD",
      "m" : "4611686018427391597"
    }, {
      "d" : "1756427761268761284",
      "t" : 1756427761268,
      "tn" : 1756427761268761284,
      "q" : "560",
      "p" : "0.024125",
      "s" : "sell",
      "i" : "FM_USD",
      "m" : "4611686018427391597"
    }, {
      "d" : "1756427738252777878",
      "t" : 1756427738252,
      "tn" : 1756427738252777878,
      "q" : "18650",
      "p" : "0.024126",
      "s" : "sell",
      "i" : "FM_USD",
      "m" : "4611686018427391596"
    }, {
      "d" : "1756426090715166476",
      "t" : 1756426090715,
      "tn" : 1756426090715166476,
      "q" : "1400",
      "p" : "0.024994",
      "s" : "buy",
      "i" : "FM_USD",
      "m" : "4611686018427391595"
    }, {
      "d" : "1756425909267838450",
      "t" : 1756425909267,
      "tn" : 1756425909267838450,
      "q" : "1950",
      "p" : "0.025231",
      "s" : "buy",
      "i" : "FM_USD",
      "m" : "4611686018427391594"
    }, {
      "d" : "1756425909267835108",
      "t" : 1756425909267,
      "tn" : 1756425909267835108,
      "q" : "50",
      "p" : "0.025056",
      "s" : "buy",
      "i" : "FM_USD",
      "m" : "4611686018427391593"
    }, {
      "d" : "1756422790902922681",
      "t" : 1756422790902,
      "tn" : 1756422790902922681,
      "q" : "1400",
      "p" : "0.025311",
      "s" : "sell",
      "i" : "FM_USD",
      "m" : "4611686018427391592"
    }, {
      "d" : "1756422790902920365",
      "t" : 1756422790902,
      "tn" : 1756422790902920365,
      "q" : "2790",
      "p" : "0.025346",
      "s" : "sell",
      "i" : "FM_USD",
      "m" : "4611686018427391591"
    }, {
      "d" : "1756422790902917580",
      "t" : 1756422790902,
      "tn" : 1756422790902917580,
      "q" : "5210",
      "p" : "0.025370",
      "s" : "sell",
      "i" : "FM_USD",
      "m" : "4611686018427391590"
    }, {
      "d" : "1756422790902915295",
      "t" : 1756422790902,
      "tn" : 1756422790902915295,
      "q" : "2790",
      "p" : "0.025404",
      "s" : "sell",
      "i" : "FM_USD",
      "m" : "4611686018427391589"
    }, {
      "d" : "1756422790902912922",
      "t" : 1756422790902,
      "tn" : 1756422790902912922,
      "q" : "4950",
      "p" : "0.025413",
      "s" : "sell",
      "i" : "FM_USD",
      "m" : "4611686018427391588"
    }, {
      "d" : "1756422790902909499",
      "t" : 1756422790902,
      "tn" : 1756422790902909499,
      "q" : "6810",
      "p" : "0.025414",
      "s" : "sell",
      "i" : "FM_USD",
      "m" : "4611686018427391587"
    }, {
      "d" : "1756422692299659119",
      "t" : 1756422692299,
      "tn" : 1756422692299659118,
      "q" : "5580",
      "p" : "0.025798",
      "s" : "buy",
      "i" : "FM_USD",
      "m" : "4611686018427391586"
    }, {
      "d" : "1756422692299659118",
      "t" : 1756422692299,
      "tn" : 1756422692299659118,
      "q" : "230",
      "p" : "0.025798",
      "s" : "buy",
      "i" : "FM_USD",
      "m" : "4611686018427391586"
    }, {
      "d" : "1756422585130817763",
      "t" : 1756422585130,
      "tn" : 1756422585130817763,
      "q" : "17440",
      "p" : "0.025797",
      "s" : "buy",
      "i" : "FM_USD",
      "m" : "4611686018427391585"
    }, {
      "d" : "1756422566100009262",
      "t" : 1756422566100,
      "tn" : 1756422566100009262,
      "q" : "2330",
      "p" : "0.025798",
      "s" : "buy",
      "i" : "FM_USD",
      "m" : "4611686018427391584"
    }, {
      "d" : "1756422558089174237",
      "t" : 1756422558089,
      "tn" : 1756422558089174237,
      "q" : "1770",
      "p" : "0.025798",
      "s" : "buy",
      "i" : "FM_USD",
      "m" : "4611686018427391583"
    }, {
      "d" : "1756422558089170911",
      "t" : 1756422558089,
      "tn" : 1756422558089170911,
      "q" : "560",
      "p" : "0.025010",
      "s" : "buy",
      "i" : "FM_USD",
      "m" : "4611686018427391582"
    }, {
      "d" : "1756420349081665280",
      "t" : 1756420349081,
      "tn" : 1756420349081665280,
      "q" : "180",
      "p" : "0.025000",
      "s" : "sell",
      "i" : "FM_USD",
      "m" : "4611686018427391581"
    }, {
      "d" : "1756420342661933406",
      "t" : 1756420342661,
      "tn" : 1756420342661933406,
      "q" : "1600",
      "p" : "0.025000",
      "s" : "sell",
      "i" : "FM_USD",
      "m" : "4611686018427391580"
    }, {
      "d" : "1756420307053240249",
      "t" : 1756420307053,
      "tn" : 1756420307053240249,
      "q" : "3630",
      "p" : "0.024800",
      "s" : "sell",
      "i" : "FM_USD",
      "m" : "4611686018427391579"
    }, {
      "d" : "1756420307046498894",
      "t" : 1756420307046,
      "tn" : 1756420307046498894,
      "q" : "50",
      "p" : "0.024790",
      "s" : "buy",
      "i" : "FM_USD",
      "m" : "4611686018427391578"
    }, {
      "d" : "1756417567081738243",
      "t" : 1756417567081,
      "tn" : 1756417567081738242,
      "q" : "18070",
      "p" : "0.024125",
      "s" : "buy",
      "i" : "FM_USD",
      "m" : "4611686018427391577"
    }, {
      "d" : "1756417567081738242",
      "t" : 1756417567081,
      "tn" : 1756417567081738242,
      "q" : "580",
      "p" : "0.024125",
      "s" : "buy",
      "i" : "FM_USD",
      "m" : "4611686018427391577"
    }, {
      "d" : "1756417254209078342",
      "t" : 1756417254209,
      "tn" : 1756417254209078342,
      "q" : "310",
      "p" : "0.023101",
      "s" : "buy",
      "i" : "FM_USD",
      "m" : "4611686018427391576"
    }, {
      "d" : "1756416638509108405",
      "t" : 1756416638509,
      "tn" : 1756416638509108405,
      "q" : "6490",
      "p" : "0.023101",
      "s" : "buy",
      "i" : "FM_USD",
      "m" : "4611686018427391575"
    }, {
      "d" : "1756416630530265005",
      "t" : 1756416630530,
      "tn" : 1756416630530265005,
      "q" : "870",
      "p" : "0.023101",
      "s" : "buy",
      "i" : "FM_USD",
      "m" : "4611686018427391574"
    }, {
      "d" : "1756416630520319638",
      "t" : 1756416630520,
      "tn" : 1756416630520319638,
      "q" : "870",
      "p" : "0.023101",
      "s" : "buy",
      "i" : "FM_USD",
      "m" : "4611686018427391573"
    }, {
      "d" : "1756416630506792274",
      "t" : 1756416630506,
      "tn" : 1756416630506792274,
      "q" : "870",
      "p" : "0.023101",
      "s" : "buy",
      "i" : "FM_USD",
      "m" : "4611686018427391572"
    }, {
      "d" : "1756416317305752242",
      "t" : 1756416317305,
      "tn" : 1756416317305752242,
      "q" : "440",
      "p" : "0.022990",
      "s" : "sell",
      "i" : "FM_USD",
      "m" : "4611686018427391571"
    }, {
      "d" : "1756416290450987919",
      "t" : 1756416290450,
      "tn" : 1756416290450987919,
      "q" : "3910",
      "p" : "0.022990",
      "s" : "sell",
      "i" : "FM_USD",
      "m" : "4611686018427391570"
    }, {
      "d" : "1756404667770662086",
      "t" : 1756404667770,
      "tn" : 1756404667770662086,
      "q" : "850",
      "p" : "0.023397",
      "s" : "sell",
      "i" : "FM_USD",
      "m" : "4611686018427391569"
    }, {
      "d" : "1756401624845577899",
      "t" : 1756401624845,
      "tn" : 1756401624845577899,
      "q" : "90",
      "p" : "0.022768",
      "s" : "buy",
      "i" : "FM_USD",
      "m" : "4611686018427391568"
    }, {
      "d" : "1756401624845575065",
      "t" : 1756401624845,
      "tn" : 1756401624845575065,
      "q" : "50",
      "p" : "0.022628",
      "s" : "buy",
      "i" : "FM_USD",
      "m" : "4611686018427391567"
    }, {
      "d" : "1756399916529563969",
      "t" : 1756399916529,
      "tn" : 1756399916529563969,
      "q" : "310",
      "p" : "0.022353",
      "s" : "sell",
      "i" : "FM_USD",
      "m" : "4611686018427391566"
    }, {
      "d" : "1756399916529562062",
      "t" : 1756399916529,
      "tn" : 1756399916529562062,
      "q" : "580",
      "p" : "0.023237",
      "s" : "sell",
      "i" : "FM_USD",
      "m" : "4611686018427391565"
    }, {
      "d" : "1756399514900239578",
      "t" : 1756399514900,
      "tn" : 1756399514900239578,
      "q" : "1720",
      "p" : "0.023238",
      "s" : "sell",
      "i" : "FM_USD",
      "m" : "4611686018427391564"
    }, {
      "d" : "1756399514527654681",
      "t" : 1756399514527,
      "tn" : 1756399514527654681,
      "q" : "1720",
      "p" : "0.023238",
      "s" : "sell",
      "i" : "FM_USD",
      "m" : "4611686018427391563"
    }, {
      "d" : "1756399340001524500",
      "t" : 1756399340001,
      "tn" : 1756399340001524500,
      "q" : "4950",
      "p" : "0.023540",
      "s" : "sell",
      "i" : "FM_USD",
      "m" : "4611686018427391562"
    }, {
      "d" : "1756399340001521403",
      "t" : 1756399340001,
      "tn" : 1756399340001521403,
      "q" : "50",
      "p" : "0.023685",
      "s" : "sell",
      "i" : "FM_USD",
      "m" : "4611686018427391561"
    }, {
      "d" : "1756399212244023380",
      "t" : 1756399212244,
      "tn" : 1756399212244023379,
      "q" : "12170",
      "p" : "0.024125",
      "s" : "sell",
      "i" : "FM_USD",
      "m" : "4611686018427391560"
    }, {
      "d" : "1756399212244023379",
      "t" : 1756399212244,
      "tn" : 1756399212244023379,
      "q" : "270",
      "p" : "0.024125",
      "s" : "sell",
      "i" : "FM_USD",
      "m" : "4611686018427391560"
    }, {
      "d" : "1756397015495217540",
      "t" : 1756397015495,
      "tn" : 1756397015495217540,
      "q" : "60",
      "p" : "0.024259",
      "s" : "sell",
      "i" : "FM_USD",
      "m" : "4611686018427391559"
    }, {
      "d" : "1756397015490751618",
      "t" : 1756397015490,
      "tn" : 1756397015490751618,
      "q" : "1650",
      "p" : "0.024259",
      "s" : "sell",
      "i" : "FM_USD",
      "m" : "4611686018427391558"
    }, {
      "d" : "1756396991437281020",
      "t" : 1756396991437,
      "tn" : 1756396991437281020,
      "q" : "3710",
      "p" : "0.024259",
      "s" : "sell",
      "i" : "FM_USD",
      "m" : "4611686018427391557"
    }, {
      "d" : "1756396983585785909",
      "t" : 1756396983585,
      "tn" : 1756396983585785909,
      "q" : "18550",
      "p" : "0.024259",
      "s" : "sell",
      "i" : "FM_USD",
      "m" : "4611686018427391556"
    }, {
      "d" : "1756396983572132510",
      "t" : 1756396983572,
      "tn" : 1756396983572132510,
      "q" : "50",
      "p" : "0.024129",
      "s" : "buy",
      "i" : "FM_USD",
      "m" : "4611686018427391555"
    }, {
      "d" : "1756393309527545102",
      "t" : 1756393309527,
      "tn" : 1756393309527545101,
      "q" : "12070",
      "p" : "0.024128",
      "s" : "sell",
      "i" : "FM_USD",
      "m" : "4611686018427391554"
    }, {
      "d" : "1756393309527545101",
      "t" : 1756393309527,
      "tn" : 1756393309527545101,
      "q" : "360",
      "p" : "0.024128",
      "s" : "sell",
      "i" : "FM_USD",
      "m" : "4611686018427391554"
    }, {
      "d" : "1756393293296461113",
      "t" : 1756393293296,
      "tn" : 1756393293296461113,
      "q" : "1660",
      "p" : "0.024128",
      "s" : "sell",
      "i" : "FM_USD",
      "m" : "4611686018427391553"
    }, {
      "d" : "1756393293289071537",
      "t" : 1756393293289,
      "tn" : 1756393293289071537,
      "q" : "3130",
      "p" : "0.024128",
      "s" : "buy",
      "i" : "FM_USD",
      "m" : "4611686018427391552"
    }, {
      "d" : "1756393293289068364",
      "t" : 1756393293289,
      "tn" : 1756393293289068363,
      "q" : "50",
      "p" : "0.024126",
      "s" : "buy",
      "i" : "FM_USD",
      "m" : "4611686018427391551"
    }, {
      "d" : "1756393293289068363",
      "t" : 1756393293289,
      "tn" : 1756393293289068363,
      "q" : "3300",
      "p" : "0.024126",
      "s" : "buy",
      "i" : "FM_USD",
      "m" : "4611686018427391551"
    }, {
      "d" : "1756392034363194917",
      "t" : 1756392034363,
      "tn" : 1756392034363194917,
      "q" : "290",
      "p" : "0.024125",
      "s" : "sell",
      "i" : "FM_USD",
      "m" : "4611686018427391550"
    }, {
      "d" : "1756392034363191829",
      "t" : 1756392034363,
      "tn" : 1756392034363191829,
      "q" : "540",
      "p" : "0.025010",
      "s" : "sell",
      "i" : "FM_USD",
      "m" : "4611686018427391549"
    }, {
      "d" : "1756391686535057389",
      "t" : 1756391686535,
      "tn" : 1756391686535057389,
      "q" : "520",
      "p" : "0.025896",
      "s" : "sell",
      "i" : "FM_USD",
      "m" : "4611686018427391548"
    }, {
      "d" : "1756389906344851144",
      "t" : 1756389906344,
      "tn" : 1756389906344851143,
      "q" : "11260",
      "p" : "0.026600",
      "s" : "sell",
      "i" : "FM_USD",
      "m" : "4611686018427391547"
    }, {
      "d" : "1756389906344851143",
      "t" : 1756389906344,
      "tn" : 1756389906344851143,
      "q" : "20",
      "p" : "0.026600",
      "s" : "sell",
      "i" : "FM_USD",
      "m" : "4611686018427391547"
    }, {
      "d" : "1756388794529367130",
      "t" : 1756388794529,
      "tn" : 1756388794529367130,
      "q" : "710",
      "p" : "0.026600",
      "s" : "sell",
      "i" : "FM_USD",
      "m" : "4611686018427391546"
    }, {
      "d" : "1756388794529365095",
      "t" : 1756388794529,
      "tn" : 1756388794529365095,
      "q" : "40",
      "p" : "0.026783",
      "s" : "sell",
      "i" : "FM_USD",
      "m" : "4611686018427391545"
    }, {
      "d" : "1756388778509174339",
      "t" : 1756388778509,
      "tn" : 1756388778509174339,
      "q" : "460",
      "p" : "0.026783",
      "s" : "sell",
      "i" : "FM_USD",
      "m" : "4611686018427391544"
    }, {
      "d" : "1756388778509171884",
      "t" : 1756388778509,
      "tn" : 1756388778509171884,
      "q" : "290",
      "p" : "0.027668",
      "s" : "sell",
      "i" : "FM_USD",
      "m" : "4611686018427391543"
    }, {
      "d" : "1756385758999127169",
      "t" : 1756385758999,
      "tn" : 1756385758999127169,
      "q" : "50",
      "p" : "0.028572",
      "s" : "sell",
      "i" : "FM_USD",
      "m" : "4611686018427391542"
    }, {
      "d" : "1756385737369749318",
      "t" : 1756385737369,
      "tn" : 1756385737369749318,
      "q" : "50",
      "p" : "0.028657",
      "s" : "sell",
      "i" : "FM_USD",
      "m" : "4611686018427391541"
    }, {
      "d" : "1756385729228613851",
      "t" : 1756385729228,
      "tn" : 1756385729228613851,
      "q" : "50",
      "p" : "0.028686",
      "s" : "sell",
      "i" : "FM_USD",
      "m" : "4611686018427391540"
    }, {
      "d" : "1756385665707229925",
      "t" : 1756385665707,
      "tn" : 1756385665707229925,
      "q" : "50",
      "p" : "0.028640",
      "s" : "sell",
      "i" : "FM_USD",
      "m" : "4611686018427391539"
    }, {
      "d" : "1756385475303649943",
      "t" : 1756385475303,
      "tn" : 1756385475303649943,
      "q" : "50",
      "p" : "0.028455",
      "s" : "sell",
      "i" : "FM_USD",
      "m" : "4611686018427391538"
    }, {
      "d" : "1756385447424055730",
      "t" : 1756385447424,
      "tn" : 1756385447424055730,
      "q" : "50",
      "p" : "0.028461",
      "s" : "sell",
      "i" : "FM_USD",
      "m" : "4611686018427391537"
    }, {
      "d" : "1756385163235975708",
      "t" : 1756385163235,
      "tn" : 1756385163235975708,
      "q" : "50",
      "p" : "0.027956",
      "s" : "sell",
      "i" : "FM_USD",
      "m" : "4611686018427391536"
    }, {
      "d" : "1756385163235972492",
      "t" : 1756385163235,
      "tn" : 1756385163235972492,
      "q" : "50",
      "p" : "0.028217",
      "s" : "sell",
      "i" : "FM_USD",
      "m" : "4611686018427391535"
    }, {
      "d" : "1756385146952352473",
      "t" : 1756385146952,
      "tn" : 1756385146952352473,
      "q" : "150",
      "p" : "0.028031",
      "s" : "sell",
      "i" : "FM_USD",
      "m" : "4611686018427391534"
    }, {
      "d" : "1756385146952349127",
      "t" : 1756385146952,
      "tn" : 1756385146952349127,
      "q" : "50",
      "p" : "0.028203",
      "s" : "sell",
      "i" : "FM_USD",
      "m" : "4611686018427391533"
    }, {
      "d" : "1756385103226892948",
      "t" : 1756385103226,
      "tn" : 1756385103226892948,
      "q" : "150",
      "p" : "0.028006",
      "s" : "sell",
      "i" : "FM_USD",
      "m" : "4611686018427391532"
    }, {
      "d" : "1756385103226889895",
      "t" : 1756385103226,
      "tn" : 1756385103226889895,
      "q" : "50",
      "p" : "0.028193",
      "s" : "sell",
      "i" : "FM_USD",
      "m" : "4611686018427391531"
    }, {
      "d" : "1756384969952539327",
      "t" : 1756384969952,
      "tn" : 1756384969952539327,
      "q" : "150",
      "p" : "0.028052",
      "s" : "sell",
      "i" : "FM_USD",
      "m" : "4611686018427391530"
    }, {
      "d" : "1756384969952535851",
      "t" : 1756384969952,
      "tn" : 1756384969952535851,
      "q" : "50",
      "p" : "0.028263",
      "s" : "sell",
      "i" : "FM_USD",
      "m" : "4611686018427391529"
    }, {
      "d" : "1756384934589343522",
      "t" : 1756384934589,
      "tn" : 1756384934589343522,
      "q" : "200",
      "p" : "0.028076",
      "s" : "sell",
      "i" : "FM_USD",
      "m" : "4611686018427391528"
    }, {
      "d" : "1756384923263935849",
      "t" : 1756384923263,
      "tn" : 1756384923263935849,
      "q" : "150",
      "p" : "0.027980",
      "s" : "sell",
      "i" : "FM_USD",
      "m" : "4611686018427391527"
    }, {
      "d" : "1756384923263932810",
      "t" : 1756384923263,
      "tn" : 1756384923263932810,
      "q" : "50",
      "p" : "0.028177",
      "s" : "sell",
      "i" : "FM_USD",
      "m" : "4611686018427391526"
    }, {
      "d" : "1756384915454003715",
      "t" : 1756384915454,
      "tn" : 1756384915454003715,
      "q" : "150",
      "p" : "0.027980",
      "s" : "sell",
      "i" : "FM_USD",
      "m" : "4611686018427391525"
    }, {
      "d" : "1756384915454000637",
      "t" : 1756384915454,
      "tn" : 1756384915454000637,
      "q" : "50",
      "p" : "0.028189",
      "s" : "sell",
      "i" : "FM_USD",
      "m" : "4611686018427391524"
    }, {
      "d" : "1756384912576335718",
      "t" : 1756384912576,
      "tn" : 1756384912576335718,
      "q" : "200",
      "p" : "0.027980",
      "s" : "sell",
      "i" : "FM_USD",
      "m" : "4611686018427391523"
    }, {
      "d" : "1756384907527760265",
      "t" : 1756384907527,
      "tn" : 1756384907527760265,
      "q" : "200",
      "p" : "0.027668",
      "s" : "sell",
      "i" : "FM_USD",
      "m" : "4611686018427391522"
    }, {
      "d" : "1756384904262078480",
      "t" : 1756384904262,
      "tn" : 1756384904262078480,
      "q" : "200",
      "p" : "0.028129",
      "s" : "sell",
      "i" : "FM_USD",
      "m" : "4611686018427391521"
    }, {
      "d" : "1756382935514788118",
      "t" : 1756382935514,
      "tn" : 1756382935514788118,
      "q" : "10410",
      "p" : "0.029220",
      "s" : "buy",
      "i" : "FM_USD",
      "m" : "4611686018427391520"
    }, {
      "d" : "1756382935514785812",
      "t" : 1756382935514,
      "tn" : 1756382935514785812,
      "q" : "4990",
      "p" : "0.029219",
      "s" : "buy",
      "i" : "FM_USD",
      "m" : "4611686018427391519"
    }, {
      "d" : "1756382867689525375",
      "t" : 1756382867689,
      "tn" : 1756382867689525375,
      "q" : "4480",
      "p" : "0.029000",
      "s" : "buy",
      "i" : "FM_USD",
      "m" : "4611686018427391518"
    }, {
      "d" : "1756382859669909984",
      "t" : 1756382859669,
      "tn" : 1756382859669909984,
      "q" : "15520",
      "p" : "0.029000",
      "s" : "buy",
      "i" : "FM_USD",
      "m" : "4611686018427391517"
    }, {
      "d" : "1756382844671764318",
      "t" : 1756382844671,
      "tn" : 1756382844671764318,
      "q" : "510",
      "p" : "0.028555",
      "s" : "buy",
      "i" : "FM_USD",
      "m" : "4611686018427391516"
    }, {
      "d" : "1756382403109746175",
      "t" : 1756382403109,
      "tn" : 1756382403109746175,
      "q" : "420",
      "p" : "0.028100",
      "s" : "buy",
      "i" : "FM_USD",
      "m" : "4611686018427391515"
    }, {
      "d" : "1756382403103905775",
      "t" : 1756382403103,
      "tn" : 1756382403103905775,
      "q" : "710",
      "p" : "0.028100",
      "s" : "buy",
      "i" : "FM_USD",
      "m" : "4611686018427391514"
    }, {
      "d" : "1756382395095325868",
      "t" : 1756382395095,
      "tn" : 1756382395095325868,
      "q" : "3200",
      "p" : "0.028100",
      "s" : "buy",
      "i" : "FM_USD",
      "m" : "4611686018427391513"
    }, {
      "d" : "1756382386512868070",
      "t" : 1756382386512,
      "tn" : 1756382386512868070,
      "q" : "5340",
      "p" : "0.028100",
      "s" : "buy",
      "i" : "FM_USD",
      "m" : "4611686018427391512"
    }, {
      "d" : "1756382361058917574",
      "t" : 1756382361058,
      "tn" : 1756382361058917574,
      "q" : "20330",
      "p" : "0.028100",
      "s" : "buy",
      "i" : "FM_USD",
      "m" : "4611686018427391511"
    }, {
      "d" : "1756382361058915603",
      "t" : 1756382361058,
      "tn" : 1756382361058915603,
      "q" : "1020",
      "p" : "0.028099",
      "s" : "buy",
      "i" : "FM_USD",
      "m" : "4611686018427391510"
    }, {
      "d" : "1756381862462566110",
      "t" : 1756381862462,
      "tn" : 1756381862462566110,
      "q" : "260",
      "p" : "0.027668",
      "s" : "buy",
      "i" : "FM_USD",
      "m" : "4611686018427391509"
    }, {
      "d" : "1756381862458212285",
      "t" : 1756381862458,
      "tn" : 1756381862458212285,
      "q" : "250",
      "p" : "0.027668",
      "s" : "buy",
      "i" : "FM_USD",
      "m" : "4611686018427391508"
    }, {
      "d" : "1756381862458209698",
      "t" : 1756381862458,
      "tn" : 1756381862458209698,
      "q" : "1920",
      "p" : "0.027667",
      "s" : "buy",
      "i" : "FM_USD",
      "m" : "4611686018427391507"
    }, {
      "d" : "1756381844770503324",
      "t" : 1756381844770,
      "tn" : 1756381844770503324,
      "q" : "5420",
      "p" : "0.027667",
      "s" : "buy",
      "i" : "FM_USD",
      "m" : "4611686018427391506"
    }, {
      "d" : "1756378838813145888",
      "t" : 1756378838813,
      "tn" : 1756378838813145888,
      "q" : "660",
      "p" : "0.026508",
      "s" : "buy",
      "i" : "FM_USD",
      "m" : "4611686018427391505"
    }, {
      "d" : "1756377987505957869",
      "t" : 1756377987505,
      "tn" : 1756377987505957869,
      "q" : "2260",
      "p" : "0.026508",
      "s" : "buy",
      "i" : "FM_USD",
      "m" : "4611686018427391504"
    }, {
      "d" : "1756375887647747444",
      "t" : 1756375887647,
      "tn" : 1756375887647747444,
      "q" : "2120",
      "p" : "0.027137",
      "s" : "sell",
      "i" : "FM_USD",
      "m" : "4611686018427391503"
    }, {
      "d" : "1756375887647743772",
      "t" : 1756375887647,
      "tn" : 1756375887647743772,
      "q" : "50",
      "p" : "0.027300",
      "s" : "sell",
      "i" : "FM_USD",
      "m" : "4611686018427391502"
    } ]
  }
}