{
  "id" : -1,
  "method" : "public/get-trades",
  "code" : 0,
  "result" : {
    "data" : [ {
      "d" : "1756460779463799888",
      "t" : 1756460779463,
      "tn" : 1756460779463799888,
      "q" : "7.2",
      "p" : "2.7794",
      "s" : "buy",
      "i" : "FORTH_USD",
      "m" : "4611686018430547405"
    }, {
      "d" : "1756460638961692794",
      "t" : 1756460638961,
      "tn" : 1756460638961692794,
      "q" : "7.2",
      "p" : "2.7745",
      "s" : "buy",
      "i" : "FORTH_USD",
      "m" : "4611686018430547404"
    }, {
      "d" : "1756460483363035029",
      "t" : 1756460483363,
      "tn" : 1756460483363035029,
      "q" : "7.2",
      "p" : "2.7711",
      "s" : "buy",
      "i" : "FORTH_USD",
      "m" : "4611686018430547403"
    }, {
      "d" : "1756460411334955425",
      "t" : 1756460411334,
      "tn" : 1756460411334955425,
      "q" : "7.2",
      "p" : "2.7684",
      "s" : "buy",
      "i" : "FORTH_USD",
      "m" : "4611686018430547402"
    }, {
      "d" : "1756460250802304190",
      "t" : 1756460250802,
      "tn" : 1756460250802304190,
      "q" : "7.2",
      "p" : "2.7655",
      "s" : "buy",
      "i" : "FORTH_USD",
      "m" : "4611686018430547401"
    }, {
      "d" : "1756460081120609465",
      "t" : 1756460081120,
      "tn" : 1756460081120609465,
      "q" : "7.2",
      "p" : "2.7665",
      "s" : "sell",
      "i" : "FORTH_USD",
      "m" : "4611686018430547400"
    }, {
      "d" : "1756459989605222538",
      "t" : 1756459989605,
      "tn" : 1756459989605222538,
      "q" : "7.2",
      "p" : "2.7720",
      "s" : "buy",
      "i" : "FORTH_USD",
      "m" : "4611686018430547399"
    }, {
      "d" : "1756459953277683487",
      "t" : 1756459953277,
      "tn" : 1756459953277683487,
      "q" : "7.2",
      "p" : "2.7729",
      "s" : "sell",
      "i" : "FORTH_USD",
      "m" : "4611686018430547398"
    }, {
      "d" : "1756459754182677538",
      "t" : 1756459754182,
      "tn" : 1756459754182677538,
      "q" : "7.2",
      "p" : "2.7751",
      "s" : "buy",
      "i" : "FORTH_USD",
      "m" : "4611686018430547397"
    }, {
      "d" : "1756459590310047727",
      "t" : 1756459590310,
      "tn" : 1756459590310047727,
      "q" : "7.2",
      "p" : "2.7743",
      "s" : "buy",
      "i" : "FORTH_USD",
      "m" : "4611686018430547396"
    }, {
      "d" : "1756459581030731186",
      "t" : 1756459581030,
      "tn" : 1756459581030731186,
      "q" : "7.2",
      "p" : "2.7683",
      "s" : "buy",
      "i" : "FORTH_USD",
      "m" : "4611686018430547395"
    }, {
      "d" : "1756459519561655724",
      "t" : 1756459519561,
      "tn" : 1756459519561655724,
      "q" : "7.2",
      "p" : "2.7647",
      "s" : "buy",
      "i" : "FORTH_USD",
      "m" : "4611686018430547394"
    }, {
      "d" : "1756459435194264239",
      "t" : 1756459435194,
      "tn" : 1756459435194264239,
      "q" : "7.2",
      "p" : "2.7671",
      "s" : "buy",
      "i" : "FORTH_USD",
      "m" : "4611686018430547393"
    }, {
      "d" : "1756459358049208292",
      "t" : 1756459358049,
      "tn" : 1756459358049208292,
      "q" : "7.2",
      "p" : "2.7684",
      "s" : "buy",
      "i" : "FORTH_USD",
      "m" : "4611686018430547392"
    }, {
      "d" : "1756459182614636959",
      "t" : 1756459182614,
      "tn" : 1756459182614636959,
      "q" : "7.2",
      "p" : "2.7680",
      "s" : "sell",
      "i" : "FORTH_USD",
      "m" : "4611686018430547391"
    }, {
      "d" : "1756459153747791156",
      "t" : 1756459153747,
      "tn" : 1756459153747791156,
      "q" : "7.2",
      "p" : "2.7657",
      "s" : "buy",
      "i" : "FORTH_USD",
      "m" : "4611686018430547390"
    }, {
      "d" : "1756459153746429304",
      "t" : 1756459153746,
      "tn" : 1756459153746429304,
      "q" : "6.7",
      "p" : "2.7656",
      "s" : "buy",
      "i" : "FORTH_USD",
      "m" : "4611686018430547389"
    }, {
      "d" : "1756459122765794536",
      "t" : 1756459122765,
      "tn" : 1756459122765794536,
      "q" : "7.2",
      "p" : "2.7646",
      "s" : "buy",
      "i" : "FORTH_USD",
      "m" : "4611686018430547388"
    }, {
      "d" : "1756459090225955813",
      "t" : 1756459090225,
      "tn" : 1756459090225955813,
      "q" : "7.2",
      "p" : "2.7607",
      "s" : "buy",
      "i" : "FORTH_USD",
      "m" : "4611686018430547387"
    }, {
      "d" : "1756459018029739405",
      "t" : 1756459018029,
      "tn" : 1756459018029739405,
      "q" : "7.2",
      "p" : "2.7593",
      "s" : "buy",
      "i" : "FORTH_USD",
      "m" : "4611686018430547386"
    }, {
      "d" : "1756458684186344225",
      "t" : 1756458684186,
      "tn" : 1756458684186344225,
      "q" : "7.2",
      "p" : "2.7542",
      "s" : "buy",
      "i" : "FORTH_USD",
      "m" : "4611686018430547385"
    }, {
      "d" : "1756458539310862342",
      "t" : 1756458539310,
      "tn" : 1756458539310862342,
      "q" : "7.2",
      "p" : "2.7517",
      "s" : "buy",
      "i" : "FORTH_USD",
      "m" : "4611686018430547384"
    }, {
      "d" : "1756458410908247609",
      "t" : 1756458410908,
      "tn" : 1756458410908247609,
      "q" : "7.2",
      "p" : "2.7501",
      "s" : "buy",
      "i" : "FORTH_USD",
      "m" : "4611686018430547383"
    }, {
      "d" : "1756458392796539242",
      "t" : 1756458392796,
      "tn" : 1756458392796539242,
      "q" : "4.4",
      "p" : "2.7506",
      "s" : "sell",
      "i" : "FORTH_USD",
      "m" : "4611686018430547382"
    }, {
      "d" : "1756458326111122384",
      "t" : 1756458326111,
      "tn" : 1756458326111122384,
      "q" : "7.2",
      "p" : "2.7529",
      "s" : "buy",
      "i" : "FORTH_USD",
      "m" : "4611686018430547381"
    }, {
      "d" : "1756458266627167934",
      "t" : 1756458266627,
      "tn" : 1756458266627167934,
      "q" : "7.2",
      "p" : "2.7514",
      "s" : "buy",
      "i" : "FORTH_USD",
      "m" : "4611686018430547380"
    }, {
      "d" : "1756458242931234264",
      "t" : 1756458242931,
      "tn" : 1756458242931234264,
      "q" : "7.2",
      "p" : "2.7436",
      "s" : "buy",
      "i" : "FORTH_USD",
      "m" : "4611686018430547379"
    }, {
      "d" : "1756458215652274867",
      "t" : 1756458215652,
      "tn" : 1756458215652274867,
      "q" : "7.3",
      "p" : "2.7380",
      "s" : "buy",
      "i" : "FORTH_USD",
      "m" : "4611686018430547378"
    }, {
      "d" : "1756458189338271846",
      "t" : 1756458189338,
      "tn" : 1756458189338271846,
      "q" : "6.5",
      "p" : "2.7300",
      "s" : "buy",
      "i" : "FORTH_USD",
      "m" : "4611686018430547377"
    }, {
      "d" : "1756458182456647673",
      "t" : 1756458182456,
      "tn" : 1756458182456647673,
      "q" : "44.7",
      "p" : "2.7258",
      "s" : "sell",
      "i" : "FORTH_USD",
      "m" : "4611686018430547376"
    }, {
      "d" : "1756458182318014051",
      "t" : 1756458182318,
      "tn" : 1756458182318014051,
      "q" : "7.3",
      "p" : "2.7295",
      "s" : "sell",
      "i" : "FORTH_USD",
      "m" : "4611686018430547375"
    }, {
      "d" : "1756458165729469820",
      "t" : 1756458165729,
      "tn" : 1756458165729469820,
      "q" : "11.6",
      "p" : "2.7331",
      "s" : "buy",
      "i" : "FORTH_USD",
      "m" : "4611686018430547374"
    }, {
      "d" : "1756458165723236159",
      "t" : 1756458165723,
      "tn" : 1756458165723236159,
      "q" : "25.4",
      "p" : "2.7331",
      "s" : "buy",
      "i" : "FORTH_USD",
      "m" : "4611686018430547373"
    }, {
      "d" : "1756458144555993748",
      "t" : 1756458144555,
      "tn" : 1756458144555993748,
      "q" : "4.7",
      "p" : "2.7530",
      "s" : "sell",
      "i" : "FORTH_USD",
      "m" : "4611686018430547372"
    }, {
      "d" : "1756457885704325490",
      "t" : 1756457885704,
      "tn" : 1756457885704325490,
      "q" : "1.0",
      "p" : "2.7595",
      "s" : "buy",
      "i" : "FORTH_USD",
      "m" : "4611686018430547371"
    }, {
      "d" : "1756457781890936918",
      "t" : 1756457781890,
      "tn" : 1756457781890936918,
      "q" : "7.2",
      "p" : "2.7682",
      "s" : "buy",
      "i" : "FORTH_USD",
      "m" : "4611686018430547370"
    }, {
      "d" : "1756457514567671505",
      "t" : 1756457514567,
      "tn" : 1756457514567671505,
      "q" : "7.2",
      "p" : "2.7700",
      "s" : "buy",
      "i" : "FORTH_USD",
      "m" : "4611686018430547369"
    }, {
      "d" : "1756457514548688584",
      "t" : 1756457514548,
      "tn" : 1756457514548688584,
      "q" : "34.1",
      "p" : "2.7699",
      "s" : "buy",
      "i" : "FORTH_USD",
      "m" : "4611686018430547368"
    }, {
      "d" : "1756450986836667343",
      "t" : 1756450986836,
      "tn" : 1756450986836667343,
      "q" : "5.0",
      "p" : "2.7903",
      "s" : "sell",
      "i" : "FORTH_USD",
      "m" : "4611686018430547367"
    }, {
      "d" : "1756450984839114463",
      "t" : 1756450984839,
      "tn" : 1756450984839114463,
      "q" : "6.0",
      "p" : "2.8048",
      "s" : "sell",
      "i" : "FORTH_USD",
      "m" : "4611686018430547366"
    }, {
      "d" : "1756450984839112094",
      "t" : 1756450984839,
      "tn" : 1756450984839112094,
      "q" : "7.3",
      "p" : "2.8049",
      "s" : "sell",
      "i" : "FORTH_USD",
      "m" : "4611686018430547365"
    }, {
      "d" : "1756450984837392458",
      "t" : 1756450984837,
      "tn" : 1756450984837392458,
      "q" : "10.0",
      "p" : "2.8049",
      "s" : "sell",
      "i" : "FORTH_USD",
      "m" : "4611686018430547364"
    }, {
      "d" : "1756450984837313403",
      "t" : 1756450984837,
      "tn" : 1756450984837313403,
      "q" : "13.0",
      "p" : "2.8049",
      "s" : "sell",
      "i" : "FORTH_USD",
      "m" : "4611686018430547363"
    }, {
      "d" : "1756450984837278257",
      "t" : 1756450984837,
      "tn" : 1756450984837278257,
      "q" : "12.0",
      "p" : "2.8049",
      "s" : "sell",
      "i" : "FORTH_USD",
      "m" : "4611686018430547362"
    }, {
      "d" : "1756450984837264536",
      "t" : 1756450984837,
      "tn" : 1756450984837264536,
      "q" : "6.0",
      "p" : "2.8049",
      "s" : "sell",
      "i" : "FORTH_USD",
      "m" : "4611686018430547361"
    }, {
      "d" : "1756450984836139576",
      "t" : 1756450984836,
      "tn" : 1756450984836139576,
      "q" : "63.0",
      "p" : "2.8049",
      "s" : "sell",
      "i" : "FORTH_USD",
      "m" : "4611686018430547360"
    }, {
      "d" : "1756450984832528598",
      "t" : 1756450984832,
      "tn" : 1756450984832528598,
      "q" : "15.0",
      "p" : "2.8049",
      "s" : "sell",
      "i" : "FORTH_USD",
      "m" : "4611686018430547359"
    }, {
      "d" : "1756450984832466911",
      "t" : 1756450984832,
      "tn" : 1756450984832466911,
      "q" : "19.0",
      "p" : "2.8049",
      "s" : "sell",
      "i" : "FORTH_USD",
      "m" : "4611686018430547358"
    }, {
      "d" : "1756450984830868601",
      "t" : 1756450984830,
      "tn" : 1756450984830868601,
      "q" : "8.0",
      "p" : "2.8049",
      "s" : "sell",
      "i" : "FORTH_USD",
      "m" : "4611686018430547357"
    }, {
      "d" : "1756450984827344382",
      "t" : 1756450984827,
      "tn" : 1756450984827344382,
      "q" : "27.0",
      "p" : "2.8049",
      "s" : "sell",
      "i" : "FORTH_USD",
      "m" : "4611686018430547356"
    }, {
      "d" : "1756450984822146505",
      "t" : 1756450984822,
      "tn" : 1756450984822146505,
      "q" : "10.0",
      "p" : "2.8049",
      "s" : "sell",
      "i" : "FORTH_USD",
      "m" : "4611686018430547355"
    }, {
      "d" : "1756450984819619590",
      "t" : 1756450984819,
      "tn" : 1756450984819619590,
      "q" : "8.5",
      "p" : "2.8049",
      "s" : "sell",
      "i" : "FORTH_USD",
      "m" : "4611686018430547354"
    }, {
      "d" : "1756450984816046287",
      "t" : 1756450984816,
      "tn" : 1756450984816046287,
      "q" : "19.0",
      "p" : "2.8049",
      "s" : "sell",
      "i" : "FORTH_USD",
      "m" : "4611686018430547353"
    }, {
      "d" : "1756450984802604028",
      "t" : 1756450984802,
      "tn" : 1756450984802604028,
      "q" : "5.0",
      "p" : "2.8049",
      "s" : "sell",
      "i" : "FORTH_USD",
      "m" : "4611686018430547352"
    }, {
      "d" : "1756450984795998382",
      "t" : 1756450984795,
      "tn" : 1756450984795998382,
      "q" : "6.0",
      "p" : "2.8049",
      "s" : "sell",
      "i" : "FORTH_USD",
      "m" : "4611686018430547351"
    }, {
      "d" : "1756450984786800193",
      "t" : 1756450984786,
      "tn" : 1756450984786800193,
      "q" : "8.0",
      "p" : "2.8049",
      "s" : "sell",
      "i" : "FORTH_USD",
      "m" : "4611686018430547350"
    }, {
      "d" : "1756450984782786090",
      "t" : 1756450984782,
      "tn" : 1756450984782786090,
      "q" : "8.0",
      "p" : "2.8049",
      "s" : "sell",
      "i" : "FORTH_USD",
      "m" : "4611686018430547349"
    }, {
      "d" : "1756450984780909983",
      "t" : 1756450984780,
      "tn" : 1756450984780909983,
      "q" : "8.1",
      "p" : "2.8049",
      "s" : "sell",
      "i" : "FORTH_USD",
      "m" : "4611686018430547348"
    }, {
      "d" : "1756450984776309830",
      "t" : 1756450984776,
      "tn" : 1756450984776309830,
      "q" : "8.0",
      "p" : "2.8049",
      "s" : "sell",
      "i" : "FORTH_USD",
      "m" : "4611686018430547347"
    }, {
      "d" : "1756450984721211367",
      "t" : 1756450984721,
      "tn" : 1756450984721211367,
      "q" : "8.1",
      "p" : "2.8049",
      "s" : "sell",
      "i" : "FORTH_USD",
      "m" : "4611686018430547346"
    }, {
      "d" : "1756450984468226319",
      "t" : 1756450984468,
      "tn" : 1756450984468226319,
      "q" : "25.2",
      "p" : "2.8049",
      "s" : "sell",
      "i" : "FORTH_USD",
      "m" : "4611686018430547345"
    }, {
      "d" : "1756450984468224128",
      "t" : 1756450984468,
      "tn" : 1756450984468224128,
      "q" : "5.3",
      "p" : "2.8051",
      "s" : "sell",
      "i" : "FORTH_USD",
      "m" : "4611686018430547344"
    }, {
      "d" : "1756450984318005812",
      "t" : 1756450984318,
      "tn" : 1756450984318005812,
      "q" : "1.8",
      "p" : "2.8051",
      "s" : "sell",
      "i" : "FORTH_USD",
      "m" : "4611686018430547343"
    }, {
      "d" : "1756450971813712537",
      "t" : 1756450971813,
      "tn" : 1756450971813712537,
      "q" : "4.5",
      "p" : "2.8311",
      "s" : "sell",
      "i" : "FORTH_USD",
      "m" : "4611686018430547342"
    }, {
      "d" : "1756450957306702498",
      "t" : 1756450957306,
      "tn" : 1756450957306702498,
      "q" : "94.9",
      "p" : "2.8594",
      "s" : "sell",
      "i" : "FORTH_USD",
      "m" : "4611686018430547341"
    }, {
      "d" : "1756450957304829905",
      "t" : 1756450957304,
      "tn" : 1756450957304829905,
      "q" : "54.8",
      "p" : "2.8598",
      "s" : "sell",
      "i" : "FORTH_USD",
      "m" : "4611686018430547340"
    }, {
      "d" : "1756450916687651693",
      "t" : 1756450916687,
      "tn" : 1756450916687651693,
      "q" : "96.0",
      "p" : "2.8823",
      "s" : "sell",
      "i" : "FORTH_USD",
      "m" : "4611686018430547339"
    }, {
      "d" : "1756450916687650229",
      "t" : 1756450916687,
      "tn" : 1756450916687650229,
      "q" : "27.7",
      "p" : "2.8826",
      "s" : "sell",
      "i" : "FORTH_USD",
      "m" : "4611686018430547338"
    }, {
      "d" : "1756450916686208642",
      "t" : 1756450916686,
      "tn" : 1756450916686208642,
      "q" : "26.1",
      "p" : "2.8826",
      "s" : "sell",
      "i" : "FORTH_USD",
      "m" : "4611686018430547337"
    }, {
      "d" : "1756450916686204465",
      "t" : 1756450916686,
      "tn" : 1756450916686204465,
      "q" : "69.7",
      "p" : "2.8827",
      "s" : "sell",
      "i" : "FORTH_USD",
      "m" : "4611686018430547336"
    }, {
      "d" : "1756449664111642331",
      "t" : 1756449664111,
      "tn" : 1756449664111642331,
      "q" : "6.9",
      "p" : "2.8921",
      "s" : "sell",
      "i" : "FORTH_USD",
      "m" : "4611686018430547335"
    }, {
      "d" : "1756448124040346873",
      "t" : 1756448124040,
      "tn" : 1756448124040346873,
      "q" : "4.4",
      "p" : "2.9094",
      "s" : "sell",
      "i" : "FORTH_USD",
      "m" : "4611686018430547334"
    }, {
      "d" : "1756448124040342749",
      "t" : 1756448124040,
      "tn" : 1756448124040342749,
      "q" : "6.8",
      "p" : "2.9097",
      "s" : "sell",
      "i" : "FORTH_USD",
      "m" : "4611686018430547333"
    }, {
      "d" : "1756448121232159212",
      "t" : 1756448121232,
      "tn" : 1756448121232159212,
      "q" : "6.8",
      "p" : "2.9121",
      "s" : "sell",
      "i" : "FORTH_USD",
      "m" : "4611686018430547332"
    }, {
      "d" : "1756448015652434423",
      "t" : 1756448015652,
      "tn" : 1756448015652434423,
      "q" : "6.8",
      "p" : "2.9171",
      "s" : "sell",
      "i" : "FORTH_USD",
      "m" : "4611686018430547331"
    }, {
      "d" : "1756448011485129773",
      "t" : 1756448011485,
      "tn" : 1756448011485129773,
      "q" : "6.8",
      "p" : "2.9163",
      "s" : "sell",
      "i" : "FORTH_USD",
      "m" : "4611686018430547330"
    }, {
      "d" : "1756447382808167221",
      "t" : 1756447382808,
      "tn" : 1756447382808167221,
      "q" : "34.1",
      "p" : "2.9240",
      "s" : "sell",
      "i" : "FORTH_USD",
      "m" : "4611686018430547329"
    }, {
      "d" : "1756447382796740739",
      "t" : 1756447382796,
      "tn" : 1756447382796740739,
      "q" : "6.8",
      "p" : "2.9239",
      "s" : "sell",
      "i" : "FORTH_USD",
      "m" : "4611686018430547328"
    }, {
      "d" : "1756447382768672672",
      "t" : 1756447382768,
      "tn" : 1756447382768672672,
      "q" : "13.6",
      "p" : "2.9262",
      "s" : "sell",
      "i" : "FORTH_USD",
      "m" : "4611686018430547327"
    }, {
      "d" : "1756447382768621944",
      "t" : 1756447382768,
      "tn" : 1756447382768621944,
      "q" : "16.0",
      "p" : "2.9262",
      "s" : "sell",
      "i" : "FORTH_USD",
      "m" : "4611686018430547326"
    }, {
      "d" : "1756447382763462044",
      "t" : 1756447382763,
      "tn" : 1756447382763462044,
      "q" : "6.8",
      "p" : "2.9298",
      "s" : "sell",
      "i" : "FORTH_USD",
      "m" : "4611686018430547325"
    }, {
      "d" : "1756447363153351406",
      "t" : 1756447363153,
      "tn" : 1756447363153351406,
      "q" : "6.8",
      "p" : "2.9329",
      "s" : "sell",
      "i" : "FORTH_USD",
      "m" : "4611686018430547324"
    }, {
      "d" : "1756447262287438210",
      "t" : 1756447262287,
      "tn" : 1756447262287438210,
      "q" : "6.8",
      "p" : "2.9360",
      "s" : "buy",
      "i" : "FORTH_USD",
      "m" : "4611686018430547323"
    }, {
      "d" : "1756447173141989787",
      "t" : 1756447173141,
      "tn" : 1756447173141989787,
      "q" : "8.5",
      "p" : "2.9355",
      "s" : "buy",
      "i" : "FORTH_USD",
      "m" : "4611686018430547322"
    }, {
      "d" : "1756447100519535200",
      "t" : 1756447100519,
      "tn" : 1756447100519535200,
      "q" : "6.8",
      "p" : "2.9327",
      "s" : "buy",
      "i" : "FORTH_USD",
      "m" : "4611686018430547321"
    }, {
      "d" : "1756446784952292000",
      "t" : 1756446784952,
      "tn" : 1756446784952292000,
      "q" : "6.8",
      "p" : "2.9276",
      "s" : "sell",
      "i" : "FORTH_USD",
      "m" : "4611686018430547320"
    }, {
      "d" : "1756446619882351970",
      "t" : 1756446619882,
      "tn" : 1756446619882351970,
      "q" : "6.8",
      "p" : "2.9356",
      "s" : "sell",
      "i" : "FORTH_USD",
      "m" : "4611686018430547319"
    }, {
      "d" : "1756446452037860246",
      "t" : 1756446452037,
      "tn" : 1756446452037860246,
      "q" : "6.8",
      "p" : "2.9373",
      "s" : "buy",
      "i" : "FORTH_USD",
      "m" : "4611686018430547318"
    }, {
      "d" : "1756446361352673679",
      "t" : 1756446361352,
      "tn" : 1756446361352673679,
      "q" : "6.8",
      "p" : "2.9317",
      "s" : "buy",
      "i" : "FORTH_USD",
      "m" : "4611686018430547317"
    }, {
      "d" : "1756445900535565287",
      "t" : 1756445900535,
      "tn" : 1756445900535565287,
      "q" : "2.6",
      "p" : "2.9277",
      "s" : "buy",
      "i" : "FORTH_USD",
      "m" : "4611686018430547316"
    }, {
      "d" : "1756445718166365062",
      "t" : 1756445718166,
      "tn" : 1756445718166365062,
      "q" : "2.6",
      "p" : "2.9270",
      "s" : "sell",
      "i" : "FORTH_USD",
      "m" : "4611686018430547315"
    }, {
      "d" : "1756445713067661628",
      "t" : 1756445713067,
      "tn" : 1756445713067661628,
      "q" : "4.2",
      "p" : "2.9270",
      "s" : "sell",
      "i" : "FORTH_USD",
      "m" : "4611686018430547314"
    }, {
      "d" : "1756445689831547193",
      "t" : 1756445689831,
      "tn" : 1756445689831547193,
      "q" : "4.2",
      "p" : "2.9268",
      "s" : "buy",
      "i" : "FORTH_USD",
      "m" : "4611686018430547313"
    }, {
      "d" : "1756445689830690801",
      "t" : 1756445689830,
      "tn" : 1756445689830690801,
      "q" : "2.6",
      "p" : "2.9268",
      "s" : "buy",
      "i" : "FORTH_USD",
      "m" : "4611686018430547312"
    }, {
      "d" : "1756445516658188614",
      "t" : 1756445516658,
      "tn" : 1756445516658188614,
      "q" : "6.8",
      "p" : "2.9272",
      "s" : "buy",
      "i" : "FORTH_USD",
      "m" : "4611686018430547311"
    }, {
      "d" : "1756445119894803850",
      "t" : 1756445119894,
      "tn" : 1756445119894803850,
      "q" : "6.8",
      "p" : "2.9255",
      "s" : "sell",
      "i" : "FORTH_USD",
      "m" : "4611686018430547310"
    }, {
      "d" : "1756444814791338964",
      "t" : 1756444814791,
      "tn" : 1756444814791338964,
      "q" : "6.8",
      "p" : "2.9289",
      "s" : "buy",
      "i" : "FORTH_USD",
      "m" : "4611686018430547309"
    }, {
      "d" : "1756444679778022295",
      "t" : 1756444679778,
      "tn" : 1756444679778022295,
      "q" : "6.8",
      "p" : "2.9286",
      "s" : "buy",
      "i" : "FORTH_USD",
      "m" : "4611686018430547308"
    }, {
      "d" : "1756444659726275909",
      "t" : 1756444659726,
      "tn" : 1756444659726275909,
      "q" : "5.4",
      "p" : "2.9271",
      "s" : "sell",
      "i" : "FORTH_USD",
      "m" : "4611686018430547307"
    }, {
      "d" : "1756444634164542111",
      "t" : 1756444634164,
      "tn" : 1756444634164542111,
      "q" : "6.8",
      "p" : "2.9298",
      "s" : "sell",
      "i" : "FORTH_USD",
      "m" : "4611686018430547306"
    }, {
      "d" : "1756443960368641900",
      "t" : 1756443960368,
      "tn" : 1756443960368641900,
      "q" : "6.8",
      "p" : "2.9313",
      "s" : "buy",
      "i" : "FORTH_USD",
      "m" : "4611686018430547305"
    }, {
      "d" : "1756443932304254895",
      "t" : 1756443932304,
      "tn" : 1756443932304254895,
      "q" : "6.8",
      "p" : "2.9269",
      "s" : "sell",
      "i" : "FORTH_USD",
      "m" : "4611686018430547304"
    }, {
      "d" : "1756443905417850580",
      "t" : 1756443905417,
      "tn" : 1756443905417850580,
      "q" : "6.8",
      "p" : "2.9302",
      "s" : "sell",
      "i" : "FORTH_USD",
      "m" : "4611686018430547303"
    }, {
      "d" : "1756443802081086246",
      "t" : 1756443802081,
      "tn" : 1756443802081086246,
      "q" : "6.8",
      "p" : "2.9334",
      "s" : "sell",
      "i" : "FORTH_USD",
      "m" : "4611686018430547302"
    }, {
      "d" : "1756443725060347449",
      "t" : 1756443725060,
      "tn" : 1756443725060347449,
      "q" : "6.8",
      "p" : "2.9339",
      "s" : "buy",
      "i" : "FORTH_USD",
      "m" : "4611686018430547301"
    }, {
      "d" : "1756443490247323172",
      "t" : 1756443490247,
      "tn" : 1756443490247323172,
      "q" : "6.8",
      "p" : "2.9283",
      "s" : "buy",
      "i" : "FORTH_USD",
      "m" : "4611686018430547300"
    }, {
      "d" : "1756443418601968559",
      "t" : 1756443418601,
      "tn" : 1756443418601968559,
      "q" : "6.8",
      "p" : "2.9253",
      "s" : "sell",
      "i" : "FORTH_USD",
      "m" : "4611686018430547299"
    }, {
      "d" : "1756443365561267574",
      "t" : 1756443365561,
      "tn" : 1756443365561267574,
      "q" : "6.8",
      "p" : "2.9287",
      "s" : "sell",
      "i" : "FORTH_USD",
      "m" : "4611686018430547298"
    }, {
      "d" : "1756443172928535268",
      "t" : 1756443172928,
      "tn" : 1756443172928535268,
      "q" : "6.8",
      "p" : "2.9377",
      "s" : "sell",
      "i" : "FORTH_USD",
      "m" : "4611686018430547297"
    }, {
      "d" : "1756442716760479445",
      "t" : 1756442716760,
      "tn" : 1756442716760479445,
      "q" : "6.7",
      "p" : "2.9473",
      "s" : "sell",
      "i" : "FORTH_USD",
      "m" : "4611686018430547296"
    }, {
      "d" : "1756442099007801732",
      "t" : 1756442099007,
      "tn" : 1756442099007801732,
      "q" : "6.7",
      "p" : "2.9503",
      "s" : "sell",
      "i" : "FORTH_USD",
      "m" : "4611686018430547295"
    }, {
      "d" : "1756441980806873314",
      "t" : 1756441980806,
      "tn" : 1756441980806873314,
      "q" : "6.7",
      "p" : "2.9524",
      "s" : "buy",
      "i" : "FORTH_USD",
      "m" : "4611686018430547294"
    }, {
      "d" : "1756441456679216845",
      "t" : 1756441456679,
      "tn" : 1756441456679216845,
      "q" : "6.7",
      "p" : "2.9521",
      "s" : "buy",
      "i" : "FORTH_USD",
      "m" : "4611686018430547293"
    }, {
      "d" : "1756441236385202697",
      "t" : 1756441236385,
      "tn" : 1756441236385202697,
      "q" : "6.7",
      "p" : "2.9445",
      "s" : "buy",
      "i" : "FORTH_USD",
      "m" : "4611686018430547292"
    }, {
      "d" : "1756441002568838675",
      "t" : 1756441002568,
      "tn" : 1756441002568838675,
      "q" : "6.8",
      "p" : "2.9416",
      "s" : "buy",
      "i" : "FORTH_USD",
      "m" : "4611686018430547291"
    }, {
      "d" : "1756440479102649405",
      "t" : 1756440479102,
      "tn" : 1756440479102649405,
      "q" : "6.8",
      "p" : "2.9396",
      "s" : "buy",
      "i" : "FORTH_USD",
      "m" : "4611686018430547290"
    }, {
      "d" : "1756440430951146668",
      "t" : 1756440430951,
      "tn" : 1756440430951146668,
      "q" : "6.8",
      "p" : "2.9405",
      "s" : "buy",
      "i" : "FORTH_USD",
      "m" : "4611686018430547289"
    }, {
      "d" : "1756440403726475365",
      "t" : 1756440403726,
      "tn" : 1756440403726475365,
      "q" : "6.8",
      "p" : "2.9387",
      "s" : "sell",
      "i" : "FORTH_USD",
      "m" : "4611686018430547288"
    }, {
      "d" : "1756440271239340728",
      "t" : 1756440271239,
      "tn" : 1756440271239340728,
      "q" : "6.7",
      "p" : "2.9411",
      "s" : "sell",
      "i" : "FORTH_USD",
      "m" : "4611686018430547287"
    }, {
      "d" : "1756440243401297200",
      "t" : 1756440243401,
      "tn" : 1756440243401297200,
      "q" : "6.7",
      "p" : "2.9446",
      "s" : "sell",
      "i" : "FORTH_USD",
      "m" : "4611686018430547286"
    }, {
      "d" : "1756440132207362887",
      "t" : 1756440132207,
      "tn" : 1756440132207362887,
      "q" : "6.7",
      "p" : "2.9489",
      "s" : "buy",
      "i" : "FORTH_USD",
      "m" : "4611686018430547285"
    }, {
      "d" : "1756440112926366598",
      "t" : 1756440112926,
      "tn" : 1756440112926366598,
      "q" : "6.7",
      "p" : "2.9434",
      "s" : "buy",
      "i" : "FORTH_USD",
      "m" : "4611686018430547284"
    }, {
      "d" : "1756440023059267697",
      "t" : 1756440023059,
      "tn" : 1756440023059267697,
      "q" : "4.1",
      "p" : "2.9394",
      "s" : "sell",
      "i" : "FORTH_USD",
      "m" : "4611686018430547283"
    }, {
      "d" : "1756440023058523587",
      "t" : 1756440023058,
      "tn" : 1756440023058523587,
      "q" : "2.6",
      "p" : "2.9394",
      "s" : "sell",
      "i" : "FORTH_USD",
      "m" : "4611686018430547282"
    }, {
      "d" : "1756439938994439078",
      "t" : 1756439938994,
      "tn" : 1756439938994439078,
      "q" : "6.7",
      "p" : "2.9441",
      "s" : "sell",
      "i" : "FORTH_USD",
      "m" : "4611686018430547281"
    }, {
      "d" : "1756438805612000975",
      "t" : 1756438805612,
      "tn" : 1756438805612000975,
      "q" : "2.6",
      "p" : "2.9443",
      "s" : "buy",
      "i" : "FORTH_USD",
      "m" : "4611686018430547280"
    }, {
      "d" : "1756438805609826415",
      "t" : 1756438805609,
      "tn" : 1756438805609826415,
      "q" : "4.1",
      "p" : "2.9443",
      "s" : "buy",
      "i" : "FORTH_USD",
      "m" : "4611686018430547279"
    }, {
      "d" : "1756438672571057305",
      "t" : 1756438672571,
      "tn" : 1756438672571057305,
      "q" : "6.8",
      "p" : "2.9380",
      "s" : "buy",
      "i" : "FORTH_USD",
      "m" : "4611686018430547278"
    }, {
      "d" : "1756438288474073239",
      "t" : 1756438288474,
      "tn" : 1756438288474073239,
      "q" : "6.8",
      "p" : "2.9346",
      "s" : "sell",
      "i" : "FORTH_USD",
      "m" : "4611686018430547277"
    }, {
      "d" : "1756437621231573719",
      "t" : 1756437621231,
      "tn" : 1756437621231573719,
      "q" : "6.8",
      "p" : "2.9341",
      "s" : "buy",
      "i" : "FORTH_USD",
      "m" : "4611686018430547276"
    }, {
      "d" : "1756437404383611299",
      "t" : 1756437404383,
      "tn" : 1756437404383611299,
      "q" : "4.1",
      "p" : "2.9321",
      "s" : "sell",
      "i" : "FORTH_USD",
      "m" : "4611686018430547275"
    }, {
      "d" : "1756437404382958240",
      "t" : 1756437404382,
      "tn" : 1756437404382958240,
      "q" : "2.7",
      "p" : "2.9321",
      "s" : "sell",
      "i" : "FORTH_USD",
      "m" : "4611686018430547274"
    }, {
      "d" : "1756437163853935432",
      "t" : 1756437163853,
      "tn" : 1756437163853935432,
      "q" : "6.8",
      "p" : "2.9360",
      "s" : "sell",
      "i" : "FORTH_USD",
      "m" : "4611686018430547273"
    }, {
      "d" : "1756436944573124006",
      "t" : 1756436944573,
      "tn" : 1756436944573124006,
      "q" : "6.8",
      "p" : "2.9356",
      "s" : "sell",
      "i" : "FORTH_USD",
      "m" : "4611686018430547272"
    }, {
      "d" : "1756436889275992908",
      "t" : 1756436889275,
      "tn" : 1756436889275992908,
      "q" : "6.6",
      "p" : "2.9354",
      "s" : "buy",
      "i" : "FORTH_USD",
      "m" : "4611686018430547271"
    }, {
      "d" : "1756436822638808312",
      "t" : 1756436822638,
      "tn" : 1756436822638808312,
      "q" : "6.8",
      "p" : "2.9317",
      "s" : "buy",
      "i" : "FORTH_USD",
      "m" : "4611686018430547270"
    }, {
      "d" : "1756436731515678130",
      "t" : 1756436731515,
      "tn" : 1756436731515678130,
      "q" : "6.8",
      "p" : "2.9318",
      "s" : "sell",
      "i" : "FORTH_USD",
      "m" : "4611686018430547269"
    }, {
      "d" : "1756436593057975737",
      "t" : 1756436593057,
      "tn" : 1756436593057975737,
      "q" : "6.8",
      "p" : "2.9357",
      "s" : "sell",
      "i" : "FORTH_USD",
      "m" : "4611686018430547268"
    }, {
      "d" : "1756436472539211732",
      "t" : 1756436472539,
      "tn" : 1756436472539211732,
      "q" : "6.8",
      "p" : "2.9397",
      "s" : "buy",
      "i" : "FORTH_USD",
      "m" : "4611686018430547267"
    }, {
      "d" : "1756436326972361837",
      "t" : 1756436326972,
      "tn" : 1756436326972361837,
      "q" : "7.4",
      "p" : "2.9366",
      "s" : "sell",
      "i" : "FORTH_USD",
      "m" : "4611686018430547266"
    }, {
      "d" : "1756436041361258444",
      "t" : 1756436041361,
      "tn" : 1756436041361258444,
      "q" : "6.8",
      "p" : "2.9374",
      "s" : "sell",
      "i" : "FORTH_USD",
      "m" : "4611686018430547265"
    }, {
      "d" : "1756435480331052654",
      "t" : 1756435480331,
      "tn" : 1756435480331052654,
      "q" : "6.8",
      "p" : "2.9361",
      "s" : "buy",
      "i" : "FORTH_USD",
      "m" : "4611686018430547264"
    }, {
      "d" : "1756435300624556637",
      "t" : 1756435300624,
      "tn" : 1756435300624556637,
      "q" : "6.7",
      "p" : "2.9374",
      "s" : "sell",
      "i" : "FORTH_USD",
      "m" : "4611686018430547263"
    }, {
      "d" : "1756435266728071630",
      "t" : 1756435266728,
      "tn" : 1756435266728071630,
      "q" : "6.8",
      "p" : "2.9375",
      "s" : "buy",
      "i" : "FORTH_USD",
      "m" : "4611686018430547262"
    }, {
      "d" : "1756434968332355627",
      "t" : 1756434968332,
      "tn" : 1756434968332355627,
      "q" : "6.8",
      "p" : "2.9374",
      "s" : "sell",
      "i" : "FORTH_USD",
      "m" : "4611686018430547261"
    }, {
      "d" : "1756434619878002483",
      "t" : 1756434619878,
      "tn" : 1756434619878002483,
      "q" : "6.7",
      "p" : "2.9417",
      "s" : "sell",
      "i" : "FORTH_USD",
      "m" : "4611686018430547260"
    }, {
      "d" : "1756434551301679629",
      "t" : 1756434551301,
      "tn" : 1756434551301679629,
      "q" : "6.7",
      "p" : "2.9448",
      "s" : "sell",
      "i" : "FORTH_USD",
      "m" : "4611686018430547259"
    }, {
      "d" : "1756434530520906791",
      "t" : 1756434530520,
      "tn" : 1756434530520906791,
      "q" : "6.7",
      "p" : "2.9478",
      "s" : "sell",
      "i" : "FORTH_USD",
      "m" : "4611686018430547258"
    }, {
      "d" : "1756434207639350163",
      "t" : 1756434207639,
      "tn" : 1756434207639350163,
      "q" : "5.0",
      "p" : "2.9473",
      "s" : "buy",
      "i" : "FORTH_USD",
      "m" : "4611686018430547257"
    }, {
      "d" : "1756434131499226433",
      "t" : 1756434131499,
      "tn" : 1756434131499226433,
      "q" : "6.8",
      "p" : "2.9401",
      "s" : "buy",
      "i" : "FORTH_USD",
      "m" : "4611686018430547256"
    } ]
  }
}