{
  "id" : -1,
  "method" : "public/get-trades",
  "code" : 0,
  "result" : {
    "data" : [ {
      "d" : "1756459573936121768",
      "t" : 1756459573936,
      "tn" : 1756459573936121768,
      "q" : "10800",
      "p" : "0.0027094",
      "s" : "sell",
      "i" : "FOXY_USD",
      "m" : "4611686018427401205"
    }, {
      "d" : "1756459573936118331",
      "t" : 1756459573936,
      "tn" : 1756459573936118331,
      "q" : "4000",
      "p" : "0.0027148",
      "s" : "sell",
      "i" : "FOXY_USD",
      "m" : "4611686018427401204"
    }, {
      "d" : "1756455373642520935",
      "t" : 1756455373642,
      "tn" : 1756455373642520935,
      "q" : "29500",
      "p" : "0.0027148",
      "s" : "sell",
      "i" : "FOXY_USD",
      "m" : "4611686018427401203"
    }, {
      "d" : "1756455057811089563",
      "t" : 1756455057811,
      "tn" : 1756455057811089563,
      "q" : "5500",
      "p" : "0.0027148",
      "s" : "sell",
      "i" : "FOXY_USD",
      "m" : "4611686018427401202"
    }, {
      "d" : "1756455057811087387",
      "t" : 1756455057811,
      "tn" : 1756455057811087387,
      "q" : "5300",
      "p" : "0.0027202",
      "s" : "sell",
      "i" : "FOXY_USD",
      "m" : "4611686018427401201"
    }, {
      "d" : "1756455057631782922",
      "t" : 1756455057631,
      "tn" : 1756455057631782922,
      "q" : "14700",
      "p" : "0.0027202",
      "s" : "sell",
      "i" : "FOXY_USD",
      "m" : "4611686018427401200"
    }, {
      "d" : "1756455057375178017",
      "t" : 1756455057375,
      "tn" : 1756455057375178017,
      "q" : "20400",
      "p" : "0.0027202",
      "s" : "sell",
      "i" : "FOXY_USD",
      "m" : "4611686018427401199"
    }, {
      "d" : "1756455057375175678",
      "t" : 1756455057375,
      "tn" : 1756455057375175678,
      "q" : "2300",
      "p" : "0.0027256",
      "s" : "sell",
      "i" : "FOXY_USD",
      "m" : "4611686018427401198"
    }, {
      "d" : "1756455057375172863",
      "t" : 1756455057375,
      "tn" : 1756455057375172863,
      "q" : "2200",
      "p" : "0.0027311",
      "s" : "sell",
      "i" : "FOXY_USD",
      "m" : "4611686018427401197"
    }, {
      "d" : "1756454566148231761",
      "t" : 1756454566148,
      "tn" : 1756454566148231761,
      "q" : "14600",
      "p" : "0.0027311",
      "s" : "sell",
      "i" : "FOXY_USD",
      "m" : "4611686018427401196"
    }, {
      "d" : "1756454522912527825",
      "t" : 1756454522912,
      "tn" : 1756454522912527825,
      "q" : "10000",
      "p" : "0.0027311",
      "s" : "sell",
      "i" : "FOXY_USD",
      "m" : "4611686018427401195"
    }, {
      "d" : "1756454522912526092",
      "t" : 1756454522912,
      "tn" : 1756454522912526092,
      "q" : "3300",
      "p" : "0.0027366",
      "s" : "sell",
      "i" : "FOXY_USD",
      "m" : "4611686018427401194"
    }, {
      "d" : "1756454522843321113",
      "t" : 1756454522843,
      "tn" : 1756454522843321113,
      "q" : "5300",
      "p" : "0.0027366",
      "s" : "sell",
      "i" : "FOXY_USD",
      "m" : "4611686018427401193"
    }, {
      "d" : "1756454522843319470",
      "t" : 1756454522843,
      "tn" : 1756454522843319470,
      "q" : "11700",
      "p" : "0.0027421",
      "s" : "sell",
      "i" : "FOXY_USD",
      "m" : "4611686018427401192"
    }, {
      "d" : "1756454522840070050",
      "t" : 1756454522840,
      "tn" : 1756454522840070050,
      "q" : "14600",
      "p" : "0.0027421",
      "s" : "sell",
      "i" : "FOXY_USD",
      "m" : "4611686018427401191"
    }, {
      "d" : "1756454522837183768",
      "t" : 1756454522837,
      "tn" : 1756454522837183768,
      "q" : "17500",
      "p" : "0.0027421",
      "s" : "sell",
      "i" : "FOXY_USD",
      "m" : "4611686018427401190"
    }, {
      "d" : "1756454310751331313",
      "t" : 1756454310751,
      "tn" : 1756454310751331313,
      "q" : "24300",
      "p" : "0.0027421",
      "s" : "sell",
      "i" : "FOXY_USD",
      "m" : "4611686018427401189"
    }, {
      "d" : "1756454310751327786",
      "t" : 1756454310751,
      "tn" : 1756454310751327786,
      "q" : "6700",
      "p" : "0.0027476",
      "s" : "sell",
      "i" : "FOXY_USD",
      "m" : "4611686018427401188"
    }, {
      "d" : "1756454304132898631",
      "t" : 1756454304132,
      "tn" : 1756454304132898631,
      "q" : "9100",
      "p" : "0.0027476",
      "s" : "sell",
      "i" : "FOXY_USD",
      "m" : "4611686018427401187"
    }, {
      "d" : "1756454304036016527",
      "t" : 1756454304036,
      "tn" : 1756454304036016527,
      "q" : "9100",
      "p" : "0.0027476",
      "s" : "sell",
      "i" : "FOXY_USD",
      "m" : "4611686018427401186"
    }, {
      "d" : "1756454033672186594",
      "t" : 1756454033672,
      "tn" : 1756454033672186594,
      "q" : "3600",
      "p" : "0.0027476",
      "s" : "sell",
      "i" : "FOXY_USD",
      "m" : "4611686018427401185"
    }, {
      "d" : "1756454033672184669",
      "t" : 1756454033672,
      "tn" : 1756454033672184669,
      "q" : "6800",
      "p" : "0.0027531",
      "s" : "sell",
      "i" : "FOXY_USD",
      "m" : "4611686018427401184"
    }, {
      "d" : "1756454033672182248",
      "t" : 1756454033672,
      "tn" : 1756454033672182248,
      "q" : "2600",
      "p" : "0.0027586",
      "s" : "sell",
      "i" : "FOXY_USD",
      "m" : "4611686018427401183"
    }, {
      "d" : "1756454033610074115",
      "t" : 1756454033610,
      "tn" : 1756454033610074115,
      "q" : "7400",
      "p" : "0.0027586",
      "s" : "sell",
      "i" : "FOXY_USD",
      "m" : "4611686018427401182"
    }, {
      "d" : "1756454033596170368",
      "t" : 1756454033596,
      "tn" : 1756454033596170368,
      "q" : "13300",
      "p" : "0.0027586",
      "s" : "sell",
      "i" : "FOXY_USD",
      "m" : "4611686018427401181"
    }, {
      "d" : "1756453914152718158",
      "t" : 1756453914152,
      "tn" : 1756453914152718158,
      "q" : "6600",
      "p" : "0.0027696",
      "s" : "buy",
      "i" : "FOXY_USD",
      "m" : "4611686018427401180"
    }, {
      "d" : "1756453667830070651",
      "t" : 1756453667830,
      "tn" : 1756453667830070651,
      "q" : "7100",
      "p" : "0.0027586",
      "s" : "sell",
      "i" : "FOXY_USD",
      "m" : "4611686018427401179"
    }, {
      "d" : "1756453667817328696",
      "t" : 1756453667817,
      "tn" : 1756453667817328696,
      "q" : "10000",
      "p" : "0.0027586",
      "s" : "sell",
      "i" : "FOXY_USD",
      "m" : "4611686018427401178"
    }, {
      "d" : "1756453667809964860",
      "t" : 1756453667809,
      "tn" : 1756453667809964860,
      "q" : "10100",
      "p" : "0.0027586",
      "s" : "sell",
      "i" : "FOXY_USD",
      "m" : "4611686018427401177"
    }, {
      "d" : "1756453647633211915",
      "t" : 1756453647633,
      "tn" : 1756453647633211915,
      "q" : "36300",
      "p" : "0.0027641",
      "s" : "sell",
      "i" : "FOXY_USD",
      "m" : "4611686018427401176"
    }, {
      "d" : "1756453647609512361",
      "t" : 1756453647609,
      "tn" : 1756453647609512361,
      "q" : "22000",
      "p" : "0.0027641",
      "s" : "sell",
      "i" : "FOXY_USD",
      "m" : "4611686018427401175"
    }, {
      "d" : "1756453647607519851",
      "t" : 1756453647607,
      "tn" : 1756453647607519851,
      "q" : "33000",
      "p" : "0.0027641",
      "s" : "sell",
      "i" : "FOXY_USD",
      "m" : "4611686018427401174"
    }, {
      "d" : "1756453647606311184",
      "t" : 1756453647606,
      "tn" : 1756453647606311184,
      "q" : "28900",
      "p" : "0.0027641",
      "s" : "sell",
      "i" : "FOXY_USD",
      "m" : "4611686018427401173"
    }, {
      "d" : "1756453647606233793",
      "t" : 1756453647606,
      "tn" : 1756453647606233793,
      "q" : "144700",
      "p" : "0.0027641",
      "s" : "sell",
      "i" : "FOXY_USD",
      "m" : "4611686018427401172"
    }, {
      "d" : "1756453647595941696",
      "t" : 1756453647595,
      "tn" : 1756453647595941696,
      "q" : "50500",
      "p" : "0.0027641",
      "s" : "buy",
      "i" : "FOXY_USD",
      "m" : "4611686018427401171"
    }, {
      "d" : "1756452078806924003",
      "t" : 1756452078806,
      "tn" : 1756452078806924003,
      "q" : "5700",
      "p" : "0.0027531",
      "s" : "sell",
      "i" : "FOXY_USD",
      "m" : "4611686018427401170"
    }, {
      "d" : "1756452069849717567",
      "t" : 1756452069849,
      "tn" : 1756452069849717567,
      "q" : "5700",
      "p" : "0.0027531",
      "s" : "sell",
      "i" : "FOXY_USD",
      "m" : "4611686018427401169"
    }, {
      "d" : "1756452066813138567",
      "t" : 1756452066813,
      "tn" : 1756452066813138567,
      "q" : "5700",
      "p" : "0.0027531",
      "s" : "sell",
      "i" : "FOXY_USD",
      "m" : "4611686018427401168"
    }, {
      "d" : "1756452060809534458",
      "t" : 1756452060809,
      "tn" : 1756452060809534458,
      "q" : "5700",
      "p" : "0.0027531",
      "s" : "sell",
      "i" : "FOXY_USD",
      "m" : "4611686018427401167"
    }, {
      "d" : "1756452057807890912",
      "t" : 1756452057807,
      "tn" : 1756452057807890912,
      "q" : "5700",
      "p" : "0.0027531",
      "s" : "sell",
      "i" : "FOXY_USD",
      "m" : "4611686018427401166"
    }, {
      "d" : "1756452054807678317",
      "t" : 1756452054807,
      "tn" : 1756452054807678317,
      "q" : "5700",
      "p" : "0.0027531",
      "s" : "sell",
      "i" : "FOXY_USD",
      "m" : "4611686018427401165"
    }, {
      "d" : "1756451976693267468",
      "t" : 1756451976693,
      "tn" : 1756451976693267468,
      "q" : "2700",
      "p" : "0.0027531",
      "s" : "sell",
      "i" : "FOXY_USD",
      "m" : "4611686018427401164"
    }, {
      "d" : "1756451976693265747",
      "t" : 1756451976693,
      "tn" : 1756451976693265747,
      "q" : "4900",
      "p" : "0.0027586",
      "s" : "sell",
      "i" : "FOXY_USD",
      "m" : "4611686018427401163"
    }, {
      "d" : "1756451976689993632",
      "t" : 1756451976689,
      "tn" : 1756451976689993632,
      "q" : "7600",
      "p" : "0.0027586",
      "s" : "sell",
      "i" : "FOXY_USD",
      "m" : "4611686018427401162"
    }, {
      "d" : "1756451976678656767",
      "t" : 1756451976678,
      "tn" : 1756451976678656767,
      "q" : "7500",
      "p" : "0.0027586",
      "s" : "sell",
      "i" : "FOXY_USD",
      "m" : "4611686018427401161"
    }, {
      "d" : "1756451969559614154",
      "t" : 1756451969559,
      "tn" : 1756451969559614154,
      "q" : "5700",
      "p" : "0.0027586",
      "s" : "sell",
      "i" : "FOXY_USD",
      "m" : "4611686018427401160"
    }, {
      "d" : "1756451969529323805",
      "t" : 1756451969529,
      "tn" : 1756451969529323805,
      "q" : "9300",
      "p" : "0.0027586",
      "s" : "sell",
      "i" : "FOXY_USD",
      "m" : "4611686018427401159"
    }, {
      "d" : "1756451969498689576",
      "t" : 1756451969498,
      "tn" : 1756451969498689576,
      "q" : "7900",
      "p" : "0.0027586",
      "s" : "sell",
      "i" : "FOXY_USD",
      "m" : "4611686018427401158"
    }, {
      "d" : "1756451969463155701",
      "t" : 1756451969463,
      "tn" : 1756451969463155701,
      "q" : "7600",
      "p" : "0.0027586",
      "s" : "sell",
      "i" : "FOXY_USD",
      "m" : "4611686018427401157"
    }, {
      "d" : "1756451969463152267",
      "t" : 1756451969463,
      "tn" : 1756451969463152267,
      "q" : "9400",
      "p" : "0.0027641",
      "s" : "sell",
      "i" : "FOXY_USD",
      "m" : "4611686018427401156"
    }, {
      "d" : "1756451848648662723",
      "t" : 1756451848648,
      "tn" : 1756451848648662723,
      "q" : "5800",
      "p" : "0.0027641",
      "s" : "sell",
      "i" : "FOXY_USD",
      "m" : "4611686018427401155"
    }, {
      "d" : "1756451848514755251",
      "t" : 1756451848514,
      "tn" : 1756451848514755251,
      "q" : "10000",
      "p" : "0.0027641",
      "s" : "sell",
      "i" : "FOXY_USD",
      "m" : "4611686018427401154"
    }, {
      "d" : "1756451848497325106",
      "t" : 1756451848497,
      "tn" : 1756451848497325106,
      "q" : "10700",
      "p" : "0.0027641",
      "s" : "sell",
      "i" : "FOXY_USD",
      "m" : "4611686018427401153"
    }, {
      "d" : "1756451759999515617",
      "t" : 1756451759999,
      "tn" : 1756451759999515617,
      "q" : "5700",
      "p" : "0.0027641",
      "s" : "sell",
      "i" : "FOXY_USD",
      "m" : "4611686018427401152"
    }, {
      "d" : "1756451754000187318",
      "t" : 1756451754000,
      "tn" : 1756451754000187318,
      "q" : "7900",
      "p" : "0.0027641",
      "s" : "sell",
      "i" : "FOXY_USD",
      "m" : "4611686018427401151"
    }, {
      "d" : "1756451754000183921",
      "t" : 1756451754000,
      "tn" : 1756451754000183921,
      "q" : "600",
      "p" : "0.0027696",
      "s" : "sell",
      "i" : "FOXY_USD",
      "m" : "4611686018427401150"
    }, {
      "d" : "1756451751004072579",
      "t" : 1756451751004,
      "tn" : 1756451751004072579,
      "q" : "7000",
      "p" : "0.0027696",
      "s" : "sell",
      "i" : "FOXY_USD",
      "m" : "4611686018427401149"
    }, {
      "d" : "1756451250264545837",
      "t" : 1756451250264,
      "tn" : 1756451250264545837,
      "q" : "5700",
      "p" : "0.0027696",
      "s" : "sell",
      "i" : "FOXY_USD",
      "m" : "4611686018427401148"
    }, {
      "d" : "1756450147368777896",
      "t" : 1756450147368,
      "tn" : 1756450147368777896,
      "q" : "5700",
      "p" : "0.0027696",
      "s" : "sell",
      "i" : "FOXY_USD",
      "m" : "4611686018427401147"
    }, {
      "d" : "1756450129146316814",
      "t" : 1756450129146,
      "tn" : 1756450129146316814,
      "q" : "2300",
      "p" : "0.0027751",
      "s" : "sell",
      "i" : "FOXY_USD",
      "m" : "4611686018427401146"
    }, {
      "d" : "1756450129145016049",
      "t" : 1756450129145,
      "tn" : 1756450129145016049,
      "q" : "14100",
      "p" : "0.0027751",
      "s" : "sell",
      "i" : "FOXY_USD",
      "m" : "4611686018427401145"
    }, {
      "d" : "1756450129145013066",
      "t" : 1756450129145,
      "tn" : 1756450129145013066,
      "q" : "5900",
      "p" : "0.0027807",
      "s" : "sell",
      "i" : "FOXY_USD",
      "m" : "4611686018427401144"
    }, {
      "d" : "1756450129145008690",
      "t" : 1756450129145,
      "tn" : 1756450129145008690,
      "q" : "48600",
      "p" : "0.0027863",
      "s" : "sell",
      "i" : "FOXY_USD",
      "m" : "4611686018427401143"
    }, {
      "d" : "1756450129145005768",
      "t" : 1756450129145,
      "tn" : 1756450129145005768,
      "q" : "3500",
      "p" : "0.0027919",
      "s" : "sell",
      "i" : "FOXY_USD",
      "m" : "4611686018427401142"
    }, {
      "d" : "1756449241616894596",
      "t" : 1756449241616,
      "tn" : 1756449241616894596,
      "q" : "24500",
      "p" : "0.0027919",
      "s" : "sell",
      "i" : "FOXY_USD",
      "m" : "4611686018427401141"
    }, {
      "d" : "1756449241616890449",
      "t" : 1756449241616,
      "tn" : 1756449241616890449,
      "q" : "4200",
      "p" : "0.0027975",
      "s" : "sell",
      "i" : "FOXY_USD",
      "m" : "4611686018427401140"
    }, {
      "d" : "1756449204489045900",
      "t" : 1756449204489,
      "tn" : 1756449204489045900,
      "q" : "14300",
      "p" : "0.0027975",
      "s" : "sell",
      "i" : "FOXY_USD",
      "m" : "4611686018427401139"
    }, {
      "d" : "1756449204296795643",
      "t" : 1756449204296,
      "tn" : 1756449204296795643,
      "q" : "15600",
      "p" : "0.0027975",
      "s" : "sell",
      "i" : "FOXY_USD",
      "m" : "4611686018427401138"
    }, {
      "d" : "1756449204285884953",
      "t" : 1756449204285,
      "tn" : 1756449204285884953,
      "q" : "3300",
      "p" : "0.0027975",
      "s" : "sell",
      "i" : "FOXY_USD",
      "m" : "4611686018427401137"
    }, {
      "d" : "1756449204285881132",
      "t" : 1756449204285,
      "tn" : 1756449204285881132,
      "q" : "2900",
      "p" : "0.0028031",
      "s" : "sell",
      "i" : "FOXY_USD",
      "m" : "4611686018427401136"
    }, {
      "d" : "1756448520056911379",
      "t" : 1756448520056,
      "tn" : 1756448520056911379,
      "q" : "5700",
      "p" : "0.0028031",
      "s" : "sell",
      "i" : "FOXY_USD",
      "m" : "4611686018427401135"
    }, {
      "d" : "1756448233770842461",
      "t" : 1756448233770,
      "tn" : 1756448233770842461,
      "q" : "8900",
      "p" : "0.0028031",
      "s" : "sell",
      "i" : "FOXY_USD",
      "m" : "4611686018427401134"
    }, {
      "d" : "1756448217851046126",
      "t" : 1756448217851,
      "tn" : 1756448217851046126,
      "q" : "4300",
      "p" : "0.0028031",
      "s" : "sell",
      "i" : "FOXY_USD",
      "m" : "4611686018427401133"
    }, {
      "d" : "1756448217851044075",
      "t" : 1756448217851,
      "tn" : 1756448217851044075,
      "q" : "1500",
      "p" : "0.0028087",
      "s" : "sell",
      "i" : "FOXY_USD",
      "m" : "4611686018427401132"
    }, {
      "d" : "1756448217829733889",
      "t" : 1756448217829,
      "tn" : 1756448217829733889,
      "q" : "8900",
      "p" : "0.0028087",
      "s" : "sell",
      "i" : "FOXY_USD",
      "m" : "4611686018427401131"
    }, {
      "d" : "1756447226946982753",
      "t" : 1756447226946,
      "tn" : 1756447226946982753,
      "q" : "5800",
      "p" : "0.0028087",
      "s" : "sell",
      "i" : "FOXY_USD",
      "m" : "4611686018427401130"
    }, {
      "d" : "1756447226946979255",
      "t" : 1756447226946,
      "tn" : 1756447226946979255,
      "q" : "1000",
      "p" : "0.0028143",
      "s" : "sell",
      "i" : "FOXY_USD",
      "m" : "4611686018427401129"
    }, {
      "d" : "1756446832439776123",
      "t" : 1756446832439,
      "tn" : 1756446832439776123,
      "q" : "14200",
      "p" : "0.0028143",
      "s" : "sell",
      "i" : "FOXY_USD",
      "m" : "4611686018427401128"
    }, {
      "d" : "1756446832371359691",
      "t" : 1756446832371,
      "tn" : 1756446832371359691,
      "q" : "28400",
      "p" : "0.0028143",
      "s" : "sell",
      "i" : "FOXY_USD",
      "m" : "4611686018427401127"
    }, {
      "d" : "1756439729355984597",
      "t" : 1756439729355,
      "tn" : 1756439729355984597,
      "q" : "17700",
      "p" : "0.0028256",
      "s" : "buy",
      "i" : "FOXY_USD",
      "m" : "4611686018427401126"
    }, {
      "d" : "1756436225844067663",
      "t" : 1756436225844,
      "tn" : 1756436225844067663,
      "q" : "11200",
      "p" : "0.0028256",
      "s" : "buy",
      "i" : "FOXY_USD",
      "m" : "4611686018427401125"
    }, {
      "d" : "1756436225844065551",
      "t" : 1756436225844,
      "tn" : 1756436225844065551,
      "q" : "3900",
      "p" : "0.0028199",
      "s" : "buy",
      "i" : "FOXY_USD",
      "m" : "4611686018427401124"
    }, {
      "d" : "1756436225231022019",
      "t" : 1756436225231,
      "tn" : 1756436225231022019,
      "q" : "31900",
      "p" : "0.0028199",
      "s" : "buy",
      "i" : "FOXY_USD",
      "m" : "4611686018427401123"
    }, {
      "d" : "1756436225159355304",
      "t" : 1756436225159,
      "tn" : 1756436225159355304,
      "q" : "7800",
      "p" : "0.0028199",
      "s" : "buy",
      "i" : "FOXY_USD",
      "m" : "4611686018427401122"
    }, {
      "d" : "1756436225159352619",
      "t" : 1756436225159,
      "tn" : 1756436225159352619,
      "q" : "2000",
      "p" : "0.0028143",
      "s" : "buy",
      "i" : "FOXY_USD",
      "m" : "4611686018427401121"
    }, {
      "d" : "1756435872337857741",
      "t" : 1756435872337,
      "tn" : 1756435872337857741,
      "q" : "14200",
      "p" : "0.0028143",
      "s" : "buy",
      "i" : "FOXY_USD",
      "m" : "4611686018427401120"
    }, {
      "d" : "1756430260242887850",
      "t" : 1756430260242,
      "tn" : 1756430260242887850,
      "q" : "16200",
      "p" : "0.0028087",
      "s" : "sell",
      "i" : "FOXY_USD",
      "m" : "4611686018427401119"
    }, {
      "d" : "1756430260242884055",
      "t" : 1756430260242,
      "tn" : 1756430260242884055,
      "q" : "19800",
      "p" : "0.0028143",
      "s" : "sell",
      "i" : "FOXY_USD",
      "m" : "4611686018427401118"
    }, {
      "d" : "1756430260238364620",
      "t" : 1756430260238,
      "tn" : 1756430260238364620,
      "q" : "8200",
      "p" : "0.0028143",
      "s" : "sell",
      "i" : "FOXY_USD",
      "m" : "4611686018427401117"
    }, {
      "d" : "1756430260160514272",
      "t" : 1756430260160,
      "tn" : 1756430260160514272,
      "q" : "15600",
      "p" : "0.0028143",
      "s" : "sell",
      "i" : "FOXY_USD",
      "m" : "4611686018427401116"
    }, {
      "d" : "1756430260160512577",
      "t" : 1756430260160,
      "tn" : 1756430260160512577,
      "q" : "21400",
      "p" : "0.0028199",
      "s" : "sell",
      "i" : "FOXY_USD",
      "m" : "4611686018427401115"
    }, {
      "d" : "1756430260160314303",
      "t" : 1756430260160,
      "tn" : 1756430260160314303,
      "q" : "10100",
      "p" : "0.0028199",
      "s" : "sell",
      "i" : "FOXY_USD",
      "m" : "4611686018427401114"
    }, {
      "d" : "1756430260160311483",
      "t" : 1756430260160,
      "tn" : 1756430260160311483,
      "q" : "7300",
      "p" : "0.0028255",
      "s" : "sell",
      "i" : "FOXY_USD",
      "m" : "4611686018427401113"
    }, {
      "d" : "1756429955244118412",
      "t" : 1756429955244,
      "tn" : 1756429955244118412,
      "q" : "5700",
      "p" : "0.0028255",
      "s" : "sell",
      "i" : "FOXY_USD",
      "m" : "4611686018427401112"
    }, {
      "d" : "1756429954549447086",
      "t" : 1756429954549,
      "tn" : 1756429954549447086,
      "q" : "9300",
      "p" : "0.0028255",
      "s" : "sell",
      "i" : "FOXY_USD",
      "m" : "4611686018427401111"
    }, {
      "d" : "1756429954543437545",
      "t" : 1756429954543,
      "tn" : 1756429954543437545,
      "q" : "9300",
      "p" : "0.0028255",
      "s" : "sell",
      "i" : "FOXY_USD",
      "m" : "4611686018427401110"
    }, {
      "d" : "1756426822911053388",
      "t" : 1756426822911,
      "tn" : 1756426822911053388,
      "q" : "6600",
      "p" : "0.0028368",
      "s" : "buy",
      "i" : "FOXY_USD",
      "m" : "4611686018427401109"
    }, {
      "d" : "1756426822906949367",
      "t" : 1756426822906,
      "tn" : 1756426822906949367,
      "q" : "16800",
      "p" : "0.0028368",
      "s" : "buy",
      "i" : "FOXY_USD",
      "m" : "4611686018427401108"
    }, {
      "d" : "1756426822835951574",
      "t" : 1756426822835,
      "tn" : 1756426822835951574,
      "q" : "27800",
      "p" : "0.0028368",
      "s" : "buy",
      "i" : "FOXY_USD",
      "m" : "4611686018427401107"
    }, {
      "d" : "1756426822835948513",
      "t" : 1756426822835,
      "tn" : 1756426822835948513,
      "q" : "1500",
      "p" : "0.0028312",
      "s" : "buy",
      "i" : "FOXY_USD",
      "m" : "4611686018427401106"
    }, {
      "d" : "1756420828052785131",
      "t" : 1756420828052,
      "tn" : 1756420828052785131,
      "q" : "30100",
      "p" : "0.0028312",
      "s" : "buy",
      "i" : "FOXY_USD",
      "m" : "4611686018427401105"
    }, {
      "d" : "1756420828052781533",
      "t" : 1756420828052,
      "tn" : 1756420828052781533,
      "q" : "1700",
      "p" : "0.0028256",
      "s" : "buy",
      "i" : "FOXY_USD",
      "m" : "4611686018427401104"
    }, {
      "d" : "1756420226554556035",
      "t" : 1756420226554,
      "tn" : 1756420226554556035,
      "q" : "10600",
      "p" : "0.0028256",
      "s" : "buy",
      "i" : "FOXY_USD",
      "m" : "4611686018427401103"
    }, {
      "d" : "1756420070455414995",
      "t" : 1756420070455,
      "tn" : 1756420070455414995,
      "q" : "5700",
      "p" : "0.0028256",
      "s" : "buy",
      "i" : "FOXY_USD",
      "m" : "4611686018427401102"
    }, {
      "d" : "1756420070424348211",
      "t" : 1756420070424,
      "tn" : 1756420070424348211,
      "q" : "5700",
      "p" : "0.0028256",
      "s" : "buy",
      "i" : "FOXY_USD",
      "m" : "4611686018427401101"
    }, {
      "d" : "1756419659471878234",
      "t" : 1756419659471,
      "tn" : 1756419659471878234,
      "q" : "7800",
      "p" : "0.0028256",
      "s" : "buy",
      "i" : "FOXY_USD",
      "m" : "4611686018427401100"
    }, {
      "d" : "1756419659471876575",
      "t" : 1756419659471,
      "tn" : 1756419659471876575,
      "q" : "1200",
      "p" : "0.0028199",
      "s" : "buy",
      "i" : "FOXY_USD",
      "m" : "4611686018427401099"
    }, {
      "d" : "1756419659471532770",
      "t" : 1756419659471,
      "tn" : 1756419659471532770,
      "q" : "9000",
      "p" : "0.0028199",
      "s" : "buy",
      "i" : "FOXY_USD",
      "m" : "4611686018427401098"
    }, {
      "d" : "1756419659458055756",
      "t" : 1756419659458,
      "tn" : 1756419659458055756,
      "q" : "20000",
      "p" : "0.0028199",
      "s" : "buy",
      "i" : "FOXY_USD",
      "m" : "4611686018427401097"
    }, {
      "d" : "1756419659446347469",
      "t" : 1756419659446,
      "tn" : 1756419659446347469,
      "q" : "13400",
      "p" : "0.0028199",
      "s" : "buy",
      "i" : "FOXY_USD",
      "m" : "4611686018427401096"
    }, {
      "d" : "1756419659446345512",
      "t" : 1756419659446,
      "tn" : 1756419659446345512,
      "q" : "6700",
      "p" : "0.0028143",
      "s" : "buy",
      "i" : "FOXY_USD",
      "m" : "4611686018427401095"
    }, {
      "d" : "1756413169980253142",
      "t" : 1756413169980,
      "tn" : 1756413169980253142,
      "q" : "9500",
      "p" : "0.0028143",
      "s" : "buy",
      "i" : "FOXY_USD",
      "m" : "4611686018427401094"
    }, {
      "d" : "1756413169980249955",
      "t" : 1756413169980,
      "tn" : 1756413169980249955,
      "q" : "21800",
      "p" : "0.0028087",
      "s" : "buy",
      "i" : "FOXY_USD",
      "m" : "4611686018427401093"
    }, {
      "d" : "1756413169980247014",
      "t" : 1756413169980,
      "tn" : 1756413169980247014,
      "q" : "700",
      "p" : "0.0028030",
      "s" : "buy",
      "i" : "FOXY_USD",
      "m" : "4611686018427401092"
    }, {
      "d" : "1756413113188825930",
      "t" : 1756413113188,
      "tn" : 1756413113188825930,
      "q" : "28500",
      "p" : "0.0028030",
      "s" : "buy",
      "i" : "FOXY_USD",
      "m" : "4611686018427401091"
    }, {
      "d" : "1756413113182295840",
      "t" : 1756413113182,
      "tn" : 1756413113182295840,
      "q" : "8200",
      "p" : "0.0028030",
      "s" : "buy",
      "i" : "FOXY_USD",
      "m" : "4611686018427401090"
    }, {
      "d" : "1756413113182293789",
      "t" : 1756413113182,
      "tn" : 1756413113182293789,
      "q" : "400",
      "p" : "0.0027974",
      "s" : "buy",
      "i" : "FOXY_USD",
      "m" : "4611686018427401089"
    }, {
      "d" : "1756412850209686429",
      "t" : 1756412850209,
      "tn" : 1756412850209686429,
      "q" : "7100",
      "p" : "0.0027974",
      "s" : "buy",
      "i" : "FOXY_USD",
      "m" : "4611686018427401088"
    }, {
      "d" : "1756412850142466309",
      "t" : 1756412850142,
      "tn" : 1756412850142466309,
      "q" : "20500",
      "p" : "0.0027974",
      "s" : "buy",
      "i" : "FOXY_USD",
      "m" : "4611686018427401087"
    }, {
      "d" : "1756412850142464043",
      "t" : 1756412850142,
      "tn" : 1756412850142464043,
      "q" : "1500",
      "p" : "0.0027918",
      "s" : "buy",
      "i" : "FOXY_USD",
      "m" : "4611686018427401086"
    }, {
      "d" : "1756412826459451236",
      "t" : 1756412826459,
      "tn" : 1756412826459451236,
      "q" : "12500",
      "p" : "0.0027918",
      "s" : "buy",
      "i" : "FOXY_USD",
      "m" : "4611686018427401085"
    }, {
      "d" : "1756412826392743753",
      "t" : 1756412826392,
      "tn" : 1756412826392743753,
      "q" : "13000",
      "p" : "0.0027918",
      "s" : "buy",
      "i" : "FOXY_USD",
      "m" : "4611686018427401084"
    }, {
      "d" : "1756412826390913458",
      "t" : 1756412826390,
      "tn" : 1756412826390913458,
      "q" : "13900",
      "p" : "0.0027918",
      "s" : "buy",
      "i" : "FOXY_USD",
      "m" : "4611686018427401083"
    }, {
      "d" : "1756412826369939297",
      "t" : 1756412826369,
      "tn" : 1756412826369939297,
      "q" : "7700",
      "p" : "0.0027918",
      "s" : "buy",
      "i" : "FOXY_USD",
      "m" : "4611686018427401082"
    }, {
      "d" : "1756410971932186910",
      "t" : 1756410971932,
      "tn" : 1756410971932186910,
      "q" : "7200",
      "p" : "0.0027807",
      "s" : "sell",
      "i" : "FOXY_USD",
      "m" : "4611686018427401081"
    }, {
      "d" : "1756410971738690302",
      "t" : 1756410971738,
      "tn" : 1756410971738690302,
      "q" : "3200",
      "p" : "0.0027807",
      "s" : "sell",
      "i" : "FOXY_USD",
      "m" : "4611686018427401080"
    }, {
      "d" : "1756410971738687509",
      "t" : 1756410971738,
      "tn" : 1756410971738687509,
      "q" : "5800",
      "p" : "0.0027863",
      "s" : "sell",
      "i" : "FOXY_USD",
      "m" : "4611686018427401079"
    }, {
      "d" : "1756410447152375648",
      "t" : 1756410447152,
      "tn" : 1756410447152375648,
      "q" : "14400",
      "p" : "0.0027863",
      "s" : "sell",
      "i" : "FOXY_USD",
      "m" : "4611686018427401078"
    }, {
      "d" : "1756410446941061217",
      "t" : 1756410446941,
      "tn" : 1756410446941061217,
      "q" : "9000",
      "p" : "0.0027863",
      "s" : "sell",
      "i" : "FOXY_USD",
      "m" : "4611686018427401077"
    }, {
      "d" : "1756410446851041041",
      "t" : 1756410446851,
      "tn" : 1756410446851041041,
      "q" : "19400",
      "p" : "0.0027863",
      "s" : "sell",
      "i" : "FOXY_USD",
      "m" : "4611686018427401076"
    }, {
      "d" : "1756410446851039172",
      "t" : 1756410446851,
      "tn" : 1756410446851039172,
      "q" : "800",
      "p" : "0.0027919",
      "s" : "sell",
      "i" : "FOXY_USD",
      "m" : "4611686018427401075"
    }, {
      "d" : "1756410446784109801",
      "t" : 1756410446784,
      "tn" : 1756410446784109801,
      "q" : "7200",
      "p" : "0.0027919",
      "s" : "sell",
      "i" : "FOXY_USD",
      "m" : "4611686018427401074"
    }, {
      "d" : "1756409525579260887",
      "t" : 1756409525579,
      "tn" : 1756409525579260887,
      "q" : "14300",
      "p" : "0.0027919",
      "s" : "sell",
      "i" : "FOXY_USD",
      "m" : "4611686018427401073"
    }, {
      "d" : "1756409525572434221",
      "t" : 1756409525572,
      "tn" : 1756409525572434221,
      "q" : "5700",
      "p" : "0.0027919",
      "s" : "sell",
      "i" : "FOXY_USD",
      "m" : "4611686018427401072"
    }, {
      "d" : "1756409525572430844",
      "t" : 1756409525572,
      "tn" : 1756409525572430844,
      "q" : "4200",
      "p" : "0.0027975",
      "s" : "sell",
      "i" : "FOXY_USD",
      "m" : "4611686018427401071"
    }, {
      "d" : "1756407947544538826",
      "t" : 1756407947544,
      "tn" : 1756407947544538826,
      "q" : "7400",
      "p" : "0.0027975",
      "s" : "sell",
      "i" : "FOXY_USD",
      "m" : "4611686018427401070"
    }, {
      "d" : "1756407945610389577",
      "t" : 1756407945610,
      "tn" : 1756407945610389577,
      "q" : "5700",
      "p" : "0.0027975",
      "s" : "sell",
      "i" : "FOXY_USD",
      "m" : "4611686018427401069"
    }, {
      "d" : "1756407933609923354",
      "t" : 1756407933609,
      "tn" : 1756407933609923354,
      "q" : "8900",
      "p" : "0.0027975",
      "s" : "sell",
      "i" : "FOXY_USD",
      "m" : "4611686018427401068"
    }, {
      "d" : "1756407930628532957",
      "t" : 1756407930628,
      "tn" : 1756407930628532957,
      "q" : "5700",
      "p" : "0.0027975",
      "s" : "sell",
      "i" : "FOXY_USD",
      "m" : "4611686018427401067"
    }, {
      "d" : "1756407927610088687",
      "t" : 1756407927610,
      "tn" : 1756407927610088687,
      "q" : "5500",
      "p" : "0.0027975",
      "s" : "sell",
      "i" : "FOXY_USD",
      "m" : "4611686018427401066"
    }, {
      "d" : "1756407927610085816",
      "t" : 1756407927610,
      "tn" : 1756407927610085816,
      "q" : "3600",
      "p" : "0.0028031",
      "s" : "sell",
      "i" : "FOXY_USD",
      "m" : "4611686018427401065"
    }, {
      "d" : "1756407895477713833",
      "t" : 1756407895477,
      "tn" : 1756407895477713833,
      "q" : "8900",
      "p" : "0.0028031",
      "s" : "sell",
      "i" : "FOXY_USD",
      "m" : "4611686018427401064"
    }, {
      "d" : "1756407895354625743",
      "t" : 1756407895354,
      "tn" : 1756407895354625743,
      "q" : "9300",
      "p" : "0.0028031",
      "s" : "sell",
      "i" : "FOXY_USD",
      "m" : "4611686018427401063"
    }, {
      "d" : "1756407895354623874",
      "t" : 1756407895354,
      "tn" : 1756407895354623874,
      "q" : "5000",
      "p" : "0.0028087",
      "s" : "sell",
      "i" : "FOXY_USD",
      "m" : "4611686018427401062"
    }, {
      "d" : "1756407781209346445",
      "t" : 1756407781209,
      "tn" : 1756407781209346445,
      "q" : "5700",
      "p" : "0.0028087",
      "s" : "sell",
      "i" : "FOXY_USD",
      "m" : "4611686018427401061"
    }, {
      "d" : "1756407781110464863",
      "t" : 1756407781110,
      "tn" : 1756407781110464863,
      "q" : "5500",
      "p" : "0.0028087",
      "s" : "sell",
      "i" : "FOXY_USD",
      "m" : "4611686018427401060"
    }, {
      "d" : "1756407781110462361",
      "t" : 1756407781110,
      "tn" : 1756407781110462361,
      "q" : "1500",
      "p" : "0.0028143",
      "s" : "sell",
      "i" : "FOXY_USD",
      "m" : "4611686018427401059"
    }, {
      "d" : "1756407775833955299",
      "t" : 1756407775833,
      "tn" : 1756407775833955299,
      "q" : "8900",
      "p" : "0.0028143",
      "s" : "sell",
      "i" : "FOXY_USD",
      "m" : "4611686018427401058"
    }, {
      "d" : "1756407775567899261",
      "t" : 1756407775567,
      "tn" : 1756407775567899261,
      "q" : "12300",
      "p" : "0.0028143",
      "s" : "sell",
      "i" : "FOXY_USD",
      "m" : "4611686018427401057"
    }, {
      "d" : "1756407775554339646",
      "t" : 1756407775554,
      "tn" : 1756407775554339646,
      "q" : "12000",
      "p" : "0.0028143",
      "s" : "sell",
      "i" : "FOXY_USD",
      "m" : "4611686018427401056"
    } ]
  }
}