{
  "id" : -1,
  "method" : "public/get-trades",
  "code" : 0,
  "result" : {
    "data" : [ {
      "d" : "1756460240878976529",
      "t" : 1756460240878,
      "tn" : 1756460240878976529,
      "q" : "1460",
      "p" : "0.010434",
      "s" : "buy",
      "i" : "FUL_USD",
      "m" : "4611686018429515392"
    }, {
      "d" : "1756460208492590132",
      "t" : 1756460208492,
      "tn" : 1756460208492590132,
      "q" : "2750",
      "p" : "0.010342",
      "s" : "sell",
      "i" : "FUL_USD",
      "m" : "4611686018429515391"
    }, {
      "d" : "1756460207852534185",
      "t" : 1756460207852,
      "tn" : 1756460207852534185,
      "q" : "43510",
      "p" : "0.010343",
      "s" : "buy",
      "i" : "FUL_USD",
      "m" : "4611686018429515390"
    }, {
      "d" : "1756460207842987262",
      "t" : 1756460207842,
      "tn" : 1756460207842987262,
      "q" : "1010",
      "p" : "0.010343",
      "s" : "sell",
      "i" : "FUL_USD",
      "m" : "4611686018429515389"
    }, {
      "d" : "1756459068868244996",
      "t" : 1756459068868,
      "tn" : 1756459068868244996,
      "q" : "1010",
      "p" : "0.010239",
      "s" : "buy",
      "i" : "FUL_USD",
      "m" : "4611686018429515388"
    }, {
      "d" : "1756458601778951868",
      "t" : 1756458601778,
      "tn" : 1756458601778951867,
      "q" : "2780",
      "p" : "0.010099",
      "s" : "sell",
      "i" : "FUL_USD",
      "m" : "4611686018429515387"
    }, {
      "d" : "1756458601778951867",
      "t" : 1756458601778,
      "tn" : 1756458601778951867,
      "q" : "2700",
      "p" : "0.010099",
      "s" : "sell",
      "i" : "FUL_USD",
      "m" : "4611686018429515387"
    }, {
      "d" : "1756458153168471816",
      "t" : 1756458153168,
      "tn" : 1756458153168471816,
      "q" : "1600",
      "p" : "0.010246",
      "s" : "buy",
      "i" : "FUL_USD",
      "m" : "4611686018429515386"
    }, {
      "d" : "1756457683812712653",
      "t" : 1756457683812,
      "tn" : 1756457683812712653,
      "q" : "1100",
      "p" : "0.010389",
      "s" : "buy",
      "i" : "FUL_USD",
      "m" : "4611686018429515385"
    }, {
      "d" : "1756457573203873584",
      "t" : 1756457573203,
      "tn" : 1756457573203873584,
      "q" : "1010",
      "p" : "0.010270",
      "s" : "sell",
      "i" : "FUL_USD",
      "m" : "4611686018429515384"
    }, {
      "d" : "1756457573006756488",
      "t" : 1756457573006,
      "tn" : 1756457573006756488,
      "q" : "1100",
      "p" : "0.010271",
      "s" : "sell",
      "i" : "FUL_USD",
      "m" : "4611686018429515383"
    }, {
      "d" : "1756457402146831922",
      "t" : 1756457402146,
      "tn" : 1756457402146831922,
      "q" : "1100",
      "p" : "0.010391",
      "s" : "buy",
      "i" : "FUL_USD",
      "m" : "4611686018429515382"
    }, {
      "d" : "1756456744171108922",
      "t" : 1756456744171,
      "tn" : 1756456744171108922,
      "q" : "3270",
      "p" : "0.010295",
      "s" : "sell",
      "i" : "FUL_USD",
      "m" : "4611686018429515381"
    }, {
      "d" : "1756456743985622584",
      "t" : 1756456743985,
      "tn" : 1756456743985622584,
      "q" : "8740",
      "p" : "0.010296",
      "s" : "buy",
      "i" : "FUL_USD",
      "m" : "4611686018429515380"
    }, {
      "d" : "1756456743975262496",
      "t" : 1756456743975,
      "tn" : 1756456743975262496,
      "q" : "1430",
      "p" : "0.010296",
      "s" : "sell",
      "i" : "FUL_USD",
      "m" : "4611686018429515379"
    }, {
      "d" : "1756456286054614578",
      "t" : 1756456286054,
      "tn" : 1756456286054614578,
      "q" : "4260",
      "p" : "0.010299",
      "s" : "sell",
      "i" : "FUL_USD",
      "m" : "4611686018429515378"
    }, {
      "d" : "1756456284916351511",
      "t" : 1756456284916,
      "tn" : 1756456284916351511,
      "q" : "1000",
      "p" : "0.010381",
      "s" : "sell",
      "i" : "FUL_USD",
      "m" : "4611686018429515377"
    }, {
      "d" : "1756455774203722896",
      "t" : 1756455774203,
      "tn" : 1756455774203722896,
      "q" : "2620",
      "p" : "0.010418",
      "s" : "buy",
      "i" : "FUL_USD",
      "m" : "4611686018429515376"
    }, {
      "d" : "1756454998318752600",
      "t" : 1756454998318,
      "tn" : 1756454998318752600,
      "q" : "1930",
      "p" : "0.010526",
      "s" : "buy",
      "i" : "FUL_USD",
      "m" : "4611686018429515375"
    }, {
      "d" : "1756452634791521757",
      "t" : 1756452634791,
      "tn" : 1756452634791521757,
      "q" : "1140",
      "p" : "0.010394",
      "s" : "buy",
      "i" : "FUL_USD",
      "m" : "4611686018429515374"
    }, {
      "d" : "1756451195731747883",
      "t" : 1756451195731,
      "tn" : 1756451195731747882,
      "q" : "2510",
      "p" : "0.010533",
      "s" : "sell",
      "i" : "FUL_USD",
      "m" : "4611686018429515373"
    }, {
      "d" : "1756451195731747882",
      "t" : 1756451195731,
      "tn" : 1756451195731747882,
      "q" : "6990",
      "p" : "0.010533",
      "s" : "sell",
      "i" : "FUL_USD",
      "m" : "4611686018429515373"
    }, {
      "d" : "1756451180536311268",
      "t" : 1756451180536,
      "tn" : 1756451180536311268,
      "q" : "1470",
      "p" : "0.010520",
      "s" : "sell",
      "i" : "FUL_USD",
      "m" : "4611686018429515372"
    }, {
      "d" : "1756450248402742834",
      "t" : 1756450248402,
      "tn" : 1756450248402742834,
      "q" : "4640",
      "p" : "0.010595",
      "s" : "buy",
      "i" : "FUL_USD",
      "m" : "4611686018429515371"
    }, {
      "d" : "1756450248123163160",
      "t" : 1756450248123,
      "tn" : 1756450248123163160,
      "q" : "2810",
      "p" : "0.010594",
      "s" : "buy",
      "i" : "FUL_USD",
      "m" : "4611686018429515370"
    }, {
      "d" : "1756449589792077682",
      "t" : 1756449589792,
      "tn" : 1756449589792077682,
      "q" : "1490",
      "p" : "0.010520",
      "s" : "buy",
      "i" : "FUL_USD",
      "m" : "4611686018429515369"
    }, {
      "d" : "1756448354461890071",
      "t" : 1756448354461,
      "tn" : 1756448354461890071,
      "q" : "2930",
      "p" : "0.010641",
      "s" : "sell",
      "i" : "FUL_USD",
      "m" : "4611686018429515368"
    }, {
      "d" : "1756448088592921053",
      "t" : 1756448088592,
      "tn" : 1756448088592921053,
      "q" : "1370",
      "p" : "0.010638",
      "s" : "sell",
      "i" : "FUL_USD",
      "m" : "4611686018429515367"
    }, {
      "d" : "1756447476919162778",
      "t" : 1756447476919,
      "tn" : 1756447476919162778,
      "q" : "1090",
      "p" : "0.010808",
      "s" : "buy",
      "i" : "FUL_USD",
      "m" : "4611686018429515366"
    }, {
      "d" : "1756446563561475895",
      "t" : 1756446563561,
      "tn" : 1756446563561475895,
      "q" : "1040",
      "p" : "0.010828",
      "s" : "buy",
      "i" : "FUL_USD",
      "m" : "4611686018429515365"
    }, {
      "d" : "1756446365908386129",
      "t" : 1756446365908,
      "tn" : 1756446365908386129,
      "q" : "1260",
      "p" : "0.010827",
      "s" : "buy",
      "i" : "FUL_USD",
      "m" : "4611686018429515364"
    }, {
      "d" : "1756446231635666835",
      "t" : 1756446231635,
      "tn" : 1756446231635666835,
      "q" : "1260",
      "p" : "0.010708",
      "s" : "sell",
      "i" : "FUL_USD",
      "m" : "4611686018429515363"
    }, {
      "d" : "1756445969615365621",
      "t" : 1756445969615,
      "tn" : 1756445969615365621,
      "q" : "2760",
      "p" : "0.010832",
      "s" : "buy",
      "i" : "FUL_USD",
      "m" : "4611686018429515362"
    }, {
      "d" : "1756445967715418543",
      "t" : 1756445967715,
      "tn" : 1756445967715418543,
      "q" : "1380",
      "p" : "0.010831",
      "s" : "buy",
      "i" : "FUL_USD",
      "m" : "4611686018429515361"
    }, {
      "d" : "1756445936153638019",
      "t" : 1756445936153,
      "tn" : 1756445936153638019,
      "q" : "4960",
      "p" : "0.010835",
      "s" : "buy",
      "i" : "FUL_USD",
      "m" : "4611686018429515360"
    }, {
      "d" : "1756444587885010715",
      "t" : 1756444587885,
      "tn" : 1756444587885010715,
      "q" : "2120",
      "p" : "0.010864",
      "s" : "buy",
      "i" : "FUL_USD",
      "m" : "4611686018429515359"
    }, {
      "d" : "1756444533360577165",
      "t" : 1756444533360,
      "tn" : 1756444533360577164,
      "q" : "1820",
      "p" : "0.010757",
      "s" : "sell",
      "i" : "FUL_USD",
      "m" : "4611686018429515358"
    }, {
      "d" : "1756444533360577164",
      "t" : 1756444533360,
      "tn" : 1756444533360577164,
      "q" : "8460",
      "p" : "0.010757",
      "s" : "sell",
      "i" : "FUL_USD",
      "m" : "4611686018429515358"
    }, {
      "d" : "1756443324194479990",
      "t" : 1756443324194,
      "tn" : 1756443324194479990,
      "q" : "4040",
      "p" : "0.010873",
      "s" : "buy",
      "i" : "FUL_USD",
      "m" : "4611686018429515357"
    }, {
      "d" : "1756443116015324841",
      "t" : 1756443116015,
      "tn" : 1756443116015324841,
      "q" : "1730",
      "p" : "0.010762",
      "s" : "buy",
      "i" : "FUL_USD",
      "m" : "4611686018429515356"
    }, {
      "d" : "1756440923132658473",
      "t" : 1756440923132,
      "tn" : 1756440923132658473,
      "q" : "2460",
      "p" : "0.010470",
      "s" : "buy",
      "i" : "FUL_USD",
      "m" : "4611686018429515355"
    }, {
      "d" : "1756440459254821186",
      "t" : 1756440459254,
      "tn" : 1756440459254821186,
      "q" : "2240",
      "p" : "0.010431",
      "s" : "buy",
      "i" : "FUL_USD",
      "m" : "4611686018429515354"
    }, {
      "d" : "1756440458979159775",
      "t" : 1756440458979,
      "tn" : 1756440458979159775,
      "q" : "1500",
      "p" : "0.010430",
      "s" : "buy",
      "i" : "FUL_USD",
      "m" : "4611686018429515353"
    }, {
      "d" : "1756439967149559619",
      "t" : 1756439967149,
      "tn" : 1756439967149559619,
      "q" : "1420",
      "p" : "0.010475",
      "s" : "sell",
      "i" : "FUL_USD",
      "m" : "4611686018429515352"
    }, {
      "d" : "1756439810854522839",
      "t" : 1756439810854,
      "tn" : 1756439810854522839,
      "q" : "3540",
      "p" : "0.010588",
      "s" : "buy",
      "i" : "FUL_USD",
      "m" : "4611686018429515351"
    }, {
      "d" : "1756439589812513954",
      "t" : 1756439589812,
      "tn" : 1756439589812513954,
      "q" : "9220",
      "p" : "0.010662",
      "s" : "buy",
      "i" : "FUL_USD",
      "m" : "4611686018429515350"
    }, {
      "d" : "1756438901602040172",
      "t" : 1756438901602,
      "tn" : 1756438901602040172,
      "q" : "2540",
      "p" : "0.010808",
      "s" : "buy",
      "i" : "FUL_USD",
      "m" : "4611686018429515349"
    }, {
      "d" : "1756438661014049350",
      "t" : 1756438661014,
      "tn" : 1756438661014049350,
      "q" : "1340",
      "p" : "0.010804",
      "s" : "buy",
      "i" : "FUL_USD",
      "m" : "4611686018429515348"
    }, {
      "d" : "1756438280157037486",
      "t" : 1756438280157,
      "tn" : 1756438280157037486,
      "q" : "1200",
      "p" : "0.010943",
      "s" : "buy",
      "i" : "FUL_USD",
      "m" : "4611686018429515347"
    }, {
      "d" : "1756437791649857677",
      "t" : 1756437791649,
      "tn" : 1756437791649857677,
      "q" : "1200",
      "p" : "0.010804",
      "s" : "sell",
      "i" : "FUL_USD",
      "m" : "4611686018429515346"
    }, {
      "d" : "1756437563232979415",
      "t" : 1756437563232,
      "tn" : 1756437563232979415,
      "q" : "1130",
      "p" : "0.010960",
      "s" : "buy",
      "i" : "FUL_USD",
      "m" : "4611686018429515345"
    }, {
      "d" : "1756437292072004711",
      "t" : 1756437292072,
      "tn" : 1756437292072004711,
      "q" : "7560",
      "p" : "0.011051",
      "s" : "buy",
      "i" : "FUL_USD",
      "m" : "4611686018429515344"
    }, {
      "d" : "1756437102233349152",
      "t" : 1756437102233,
      "tn" : 1756437102233349152,
      "q" : "7480",
      "p" : "0.011087",
      "s" : "buy",
      "i" : "FUL_USD",
      "m" : "4611686018429515343"
    }, {
      "d" : "1756437009873224076",
      "t" : 1756437009873,
      "tn" : 1756437009873224076,
      "q" : "1760",
      "p" : "0.011086",
      "s" : "buy",
      "i" : "FUL_USD",
      "m" : "4611686018429515342"
    }, {
      "d" : "1756436957787231495",
      "t" : 1756436957787,
      "tn" : 1756436957787231495,
      "q" : "1840",
      "p" : "0.010956",
      "s" : "sell",
      "i" : "FUL_USD",
      "m" : "4611686018429515341"
    }, {
      "d" : "1756436954446164391",
      "t" : 1756436954446,
      "tn" : 1756436954446164391,
      "q" : "3020",
      "p" : "0.011086",
      "s" : "buy",
      "i" : "FUL_USD",
      "m" : "4611686018429515340"
    }, {
      "d" : "1756436951943707994",
      "t" : 1756436951943,
      "tn" : 1756436951943707994,
      "q" : "2150",
      "p" : "0.011085",
      "s" : "buy",
      "i" : "FUL_USD",
      "m" : "4611686018429515339"
    }, {
      "d" : "1756436885543691329",
      "t" : 1756436885543,
      "tn" : 1756436885543691329,
      "q" : "1390",
      "p" : "0.011074",
      "s" : "buy",
      "i" : "FUL_USD",
      "m" : "4611686018429515338"
    }, {
      "d" : "1756436833911310560",
      "t" : 1756436833911,
      "tn" : 1756436833911310560,
      "q" : "7360",
      "p" : "0.011088",
      "s" : "buy",
      "i" : "FUL_USD",
      "m" : "4611686018429515337"
    }, {
      "d" : "1756435493789401785",
      "t" : 1756435493789,
      "tn" : 1756435493789401785,
      "q" : "1100",
      "p" : "0.010875",
      "s" : "buy",
      "i" : "FUL_USD",
      "m" : "4611686018429515336"
    }, {
      "d" : "1756434892129385552",
      "t" : 1756434892129,
      "tn" : 1756434892129385550,
      "q" : "17210",
      "p" : "0.010753",
      "s" : "sell",
      "i" : "FUL_USD",
      "m" : "4611686018429515335"
    }, {
      "d" : "1756434892129385551",
      "t" : 1756434892129,
      "tn" : 1756434892129385550,
      "q" : "14130",
      "p" : "0.010753",
      "s" : "sell",
      "i" : "FUL_USD",
      "m" : "4611686018429515335"
    }, {
      "d" : "1756434892129385550",
      "t" : 1756434892129,
      "tn" : 1756434892129385550,
      "q" : "1630",
      "p" : "0.010753",
      "s" : "sell",
      "i" : "FUL_USD",
      "m" : "4611686018429515335"
    }, {
      "d" : "1756434746030515352",
      "t" : 1756434746030,
      "tn" : 1756434746030515352,
      "q" : "1630",
      "p" : "0.010914",
      "s" : "buy",
      "i" : "FUL_USD",
      "m" : "4611686018429515334"
    }, {
      "d" : "1756432236568995800",
      "t" : 1756432236568,
      "tn" : 1756432236568995800,
      "q" : "7720",
      "p" : "0.011210",
      "s" : "sell",
      "i" : "FUL_USD",
      "m" : "4611686018429515333"
    }, {
      "d" : "1756431126848566819",
      "t" : 1756431126848,
      "tn" : 1756431126848566819,
      "q" : "1190",
      "p" : "0.011392",
      "s" : "buy",
      "i" : "FUL_USD",
      "m" : "4611686018429515332"
    }, {
      "d" : "1756430931908976765",
      "t" : 1756430931908,
      "tn" : 1756430931908976765,
      "q" : "1060",
      "p" : "0.011265",
      "s" : "buy",
      "i" : "FUL_USD",
      "m" : "4611686018429515331"
    }, {
      "d" : "1756430600091084661",
      "t" : 1756430600091,
      "tn" : 1756430600091084661,
      "q" : "1150",
      "p" : "0.011242",
      "s" : "buy",
      "i" : "FUL_USD",
      "m" : "4611686018429515330"
    }, {
      "d" : "1756430033416672786",
      "t" : 1756430033416,
      "tn" : 1756430033416672786,
      "q" : "1010",
      "p" : "0.011280",
      "s" : "sell",
      "i" : "FUL_USD",
      "m" : "4611686018429515329"
    }, {
      "d" : "1756429790810214273",
      "t" : 1756429790810,
      "tn" : 1756429790810214273,
      "q" : "2010",
      "p" : "0.011408",
      "s" : "buy",
      "i" : "FUL_USD",
      "m" : "4611686018429515328"
    }, {
      "d" : "1756428737322950038",
      "t" : 1756428737322,
      "tn" : 1756428737322950038,
      "q" : "5050",
      "p" : "0.011549",
      "s" : "sell",
      "i" : "FUL_USD",
      "m" : "4611686018429515327"
    }, {
      "d" : "1756428332124067038",
      "t" : 1756428332124,
      "tn" : 1756428332124067038,
      "q" : "1050",
      "p" : "0.011557",
      "s" : "buy",
      "i" : "FUL_USD",
      "m" : "4611686018429515326"
    }, {
      "d" : "1756428172240527957",
      "t" : 1756428172240,
      "tn" : 1756428172240527957,
      "q" : "1140",
      "p" : "0.011348",
      "s" : "sell",
      "i" : "FUL_USD",
      "m" : "4611686018429515325"
    }, {
      "d" : "1756427698966613769",
      "t" : 1756427698966,
      "tn" : 1756427698966613769,
      "q" : "1220",
      "p" : "0.011400",
      "s" : "sell",
      "i" : "FUL_USD",
      "m" : "4611686018429515324"
    }, {
      "d" : "1756427409178345705",
      "t" : 1756427409178,
      "tn" : 1756427409178345705,
      "q" : "1840",
      "p" : "0.011869",
      "s" : "buy",
      "i" : "FUL_USD",
      "m" : "4611686018429515323"
    }, {
      "d" : "1756426446408661586",
      "t" : 1756426446408,
      "tn" : 1756426446408661586,
      "q" : "4030",
      "p" : "0.012041",
      "s" : "sell",
      "i" : "FUL_USD",
      "m" : "4611686018429515322"
    }, {
      "d" : "1756426155909349219",
      "t" : 1756426155909,
      "tn" : 1756426155909349219,
      "q" : "2020",
      "p" : "0.012012",
      "s" : "buy",
      "i" : "FUL_USD",
      "m" : "4611686018429515321"
    }, {
      "d" : "1756426053175512012",
      "t" : 1756426053175,
      "tn" : 1756426053175512012,
      "q" : "1740",
      "p" : "0.012080",
      "s" : "sell",
      "i" : "FUL_USD",
      "m" : "4611686018429515320"
    }, {
      "d" : "1756425710858966628",
      "t" : 1756425710858,
      "tn" : 1756425710858966628,
      "q" : "1270",
      "p" : "0.012202",
      "s" : "buy",
      "i" : "FUL_USD",
      "m" : "4611686018429515319"
    }, {
      "d" : "1756425693346833898",
      "t" : 1756425693346,
      "tn" : 1756425693346833898,
      "q" : "12420",
      "p" : "0.012074",
      "s" : "buy",
      "i" : "FUL_USD",
      "m" : "4611686018429515318"
    }, {
      "d" : "1756425693341040851",
      "t" : 1756425693341,
      "tn" : 1756425693341040851,
      "q" : "620",
      "p" : "0.012069",
      "s" : "buy",
      "i" : "FUL_USD",
      "m" : "4611686018429515317"
    }, {
      "d" : "1756425677588201589",
      "t" : 1756425677588,
      "tn" : 1756425677588201589,
      "q" : "1680",
      "p" : "0.011935",
      "s" : "buy",
      "i" : "FUL_USD",
      "m" : "4611686018429515316"
    }, {
      "d" : "1756425332565645246",
      "t" : 1756425332565,
      "tn" : 1756425332565645246,
      "q" : "2300",
      "p" : "0.011901",
      "s" : "sell",
      "i" : "FUL_USD",
      "m" : "4611686018429515315"
    }, {
      "d" : "1756424735176740960",
      "t" : 1756424735176,
      "tn" : 1756424735176740960,
      "q" : "950",
      "p" : "0.012212",
      "s" : "buy",
      "i" : "FUL_USD",
      "m" : "4611686018429515314"
    }, {
      "d" : "1756424495771275453",
      "t" : 1756424495771,
      "tn" : 1756424495771275453,
      "q" : "1070",
      "p" : "0.012235",
      "s" : "buy",
      "i" : "FUL_USD",
      "m" : "4611686018429515313"
    }, {
      "d" : "1756423300844796374",
      "t" : 1756423300844,
      "tn" : 1756423300844796374,
      "q" : "1230",
      "p" : "0.012381",
      "s" : "buy",
      "i" : "FUL_USD",
      "m" : "4611686018429515312"
    }, {
      "d" : "1756423046829617741",
      "t" : 1756423046829,
      "tn" : 1756423046829617741,
      "q" : "1400",
      "p" : "0.012585",
      "s" : "buy",
      "i" : "FUL_USD",
      "m" : "4611686018429515311"
    }, {
      "d" : "1756422713195959904",
      "t" : 1756422713195,
      "tn" : 1756422713195959904,
      "q" : "3160",
      "p" : "0.012603",
      "s" : "sell",
      "i" : "FUL_USD",
      "m" : "4611686018429515310"
    }, {
      "d" : "1756422117724128369",
      "t" : 1756422117724,
      "tn" : 1756422117724128369,
      "q" : "240",
      "p" : "0.012016",
      "s" : "buy",
      "i" : "FUL_USD",
      "m" : "4611686018429515309"
    }, {
      "d" : "1756422063577774286",
      "t" : 1756422063577,
      "tn" : 1756422063577774286,
      "q" : "1130",
      "p" : "0.012019",
      "s" : "sell",
      "i" : "FUL_USD",
      "m" : "4611686018429515308"
    }, {
      "d" : "1756421989782338299",
      "t" : 1756421989782,
      "tn" : 1756421989782338299,
      "q" : "1170",
      "p" : "0.012150",
      "s" : "buy",
      "i" : "FUL_USD",
      "m" : "4611686018429515307"
    }, {
      "d" : "1756421494805468919",
      "t" : 1756421494805,
      "tn" : 1756421494805468919,
      "q" : "1170",
      "p" : "0.012003",
      "s" : "buy",
      "i" : "FUL_USD",
      "m" : "4611686018429515306"
    }, {
      "d" : "1756419762903620106",
      "t" : 1756419762903,
      "tn" : 1756419762903620106,
      "q" : "1300",
      "p" : "0.012000",
      "s" : "buy",
      "i" : "FUL_USD",
      "m" : "4611686018429515305"
    }, {
      "d" : "1756419298911033087",
      "t" : 1756419298911,
      "tn" : 1756419298911033087,
      "q" : "4000",
      "p" : "0.011909",
      "s" : "sell",
      "i" : "FUL_USD",
      "m" : "4611686018429515304"
    }, {
      "d" : "1756419268850472255",
      "t" : 1756419268850,
      "tn" : 1756419268850472255,
      "q" : "1250",
      "p" : "0.012027",
      "s" : "buy",
      "i" : "FUL_USD",
      "m" : "4611686018429515303"
    }, {
      "d" : "1756418797452641019",
      "t" : 1756418797452,
      "tn" : 1756418797452641019,
      "q" : "1780",
      "p" : "0.012087",
      "s" : "buy",
      "i" : "FUL_USD",
      "m" : "4611686018429515302"
    }, {
      "d" : "1756418304785500638",
      "t" : 1756418304785,
      "tn" : 1756418304785500638,
      "q" : "1490",
      "p" : "0.011748",
      "s" : "buy",
      "i" : "FUL_USD",
      "m" : "4611686018429515301"
    }, {
      "d" : "1756417836619712023",
      "t" : 1756417836619,
      "tn" : 1756417836619712023,
      "q" : "2000",
      "p" : "0.011743",
      "s" : "buy",
      "i" : "FUL_USD",
      "m" : "4611686018429515300"
    }, {
      "d" : "1756417828166576630",
      "t" : 1756417828166,
      "tn" : 1756417828166576630,
      "q" : "2930",
      "p" : "0.011742",
      "s" : "buy",
      "i" : "FUL_USD",
      "m" : "4611686018429515299"
    }, {
      "d" : "1756417405027390606",
      "t" : 1756417405027,
      "tn" : 1756417405027390606,
      "q" : "2160",
      "p" : "0.011551",
      "s" : "buy",
      "i" : "FUL_USD",
      "m" : "4611686018429515298"
    }, {
      "d" : "1756417148134432261",
      "t" : 1756417148134,
      "tn" : 1756417148134432261,
      "q" : "3580",
      "p" : "0.011366",
      "s" : "buy",
      "i" : "FUL_USD",
      "m" : "4611686018429515297"
    }, {
      "d" : "1756416851262986391",
      "t" : 1756416851262,
      "tn" : 1756416851262986391,
      "q" : "1180",
      "p" : "0.011321",
      "s" : "buy",
      "i" : "FUL_USD",
      "m" : "4611686018429515296"
    }, {
      "d" : "1756415183616534699",
      "t" : 1756415183616,
      "tn" : 1756415183616534699,
      "q" : "1110",
      "p" : "0.011183",
      "s" : "sell",
      "i" : "FUL_USD",
      "m" : "4611686018429515295"
    }, {
      "d" : "1756415142635474713",
      "t" : 1756415142635,
      "tn" : 1756415142635474713,
      "q" : "1520",
      "p" : "0.011313",
      "s" : "buy",
      "i" : "FUL_USD",
      "m" : "4611686018429515294"
    }, {
      "d" : "1756415019351255778",
      "t" : 1756415019351,
      "tn" : 1756415019351255778,
      "q" : "1130",
      "p" : "0.011313",
      "s" : "buy",
      "i" : "FUL_USD",
      "m" : "4611686018429515293"
    }, {
      "d" : "1756414663609169795",
      "t" : 1756414663609,
      "tn" : 1756414663609169795,
      "q" : "1430",
      "p" : "0.011168",
      "s" : "sell",
      "i" : "FUL_USD",
      "m" : "4611686018429515292"
    }, {
      "d" : "1756414031526665569",
      "t" : 1756414031526,
      "tn" : 1756414031526665569,
      "q" : "1270",
      "p" : "0.011241",
      "s" : "sell",
      "i" : "FUL_USD",
      "m" : "4611686018429515291"
    }, {
      "d" : "1756414028420419795",
      "t" : 1756414028420,
      "tn" : 1756414028420419795,
      "q" : "2330",
      "p" : "0.011242",
      "s" : "sell",
      "i" : "FUL_USD",
      "m" : "4611686018429515290"
    }, {
      "d" : "1756414024908662446",
      "t" : 1756414024908,
      "tn" : 1756414024908662446,
      "q" : "2330",
      "p" : "0.011361",
      "s" : "buy",
      "i" : "FUL_USD",
      "m" : "4611686018429515289"
    }, {
      "d" : "1756413751857215364",
      "t" : 1756413751857,
      "tn" : 1756413751857215363,
      "q" : "11230",
      "p" : "0.011197",
      "s" : "sell",
      "i" : "FUL_USD",
      "m" : "4611686018429515288"
    }, {
      "d" : "1756413751857215363",
      "t" : 1756413751857,
      "tn" : 1756413751857215363,
      "q" : "670",
      "p" : "0.011197",
      "s" : "sell",
      "i" : "FUL_USD",
      "m" : "4611686018429515288"
    }, {
      "d" : "1756413710798071372",
      "t" : 1756413710798,
      "tn" : 1756413710798071372,
      "q" : "1660",
      "p" : "0.011196",
      "s" : "sell",
      "i" : "FUL_USD",
      "m" : "4611686018429515287"
    }, {
      "d" : "1756413467555494227",
      "t" : 1756413467555,
      "tn" : 1756413467555494227,
      "q" : "1270",
      "p" : "0.011233",
      "s" : "buy",
      "i" : "FUL_USD",
      "m" : "4611686018429515286"
    }, {
      "d" : "1756412808421767499",
      "t" : 1756412808421,
      "tn" : 1756412808421767499,
      "q" : "1060",
      "p" : "0.011263",
      "s" : "buy",
      "i" : "FUL_USD",
      "m" : "4611686018429515285"
    }, {
      "d" : "1756412506871592943",
      "t" : 1756412506871,
      "tn" : 1756412506871592942,
      "q" : "1010",
      "p" : "0.011119",
      "s" : "sell",
      "i" : "FUL_USD",
      "m" : "4611686018429515284"
    }, {
      "d" : "1756412506871592942",
      "t" : 1756412506871,
      "tn" : 1756412506871592942,
      "q" : "1110",
      "p" : "0.011119",
      "s" : "sell",
      "i" : "FUL_USD",
      "m" : "4611686018429515284"
    }, {
      "d" : "1756412057430758656",
      "t" : 1756412057430,
      "tn" : 1756412057430758656,
      "q" : "1110",
      "p" : "0.011142",
      "s" : "buy",
      "i" : "FUL_USD",
      "m" : "4611686018429515283"
    }, {
      "d" : "1756411163431350811",
      "t" : 1756411163431,
      "tn" : 1756411163431350811,
      "q" : "1040",
      "p" : "0.010896",
      "s" : "sell",
      "i" : "FUL_USD",
      "m" : "4611686018429515282"
    }, {
      "d" : "1756411032922312855",
      "t" : 1756411032922,
      "tn" : 1756411032922312855,
      "q" : "1040",
      "p" : "0.011002",
      "s" : "buy",
      "i" : "FUL_USD",
      "m" : "4611686018429515281"
    }, {
      "d" : "1756410464362977930",
      "t" : 1756410464362,
      "tn" : 1756410464362977930,
      "q" : "6790",
      "p" : "0.010831",
      "s" : "sell",
      "i" : "FUL_USD",
      "m" : "4611686018429515280"
    }, {
      "d" : "1756410012793178220",
      "t" : 1756410012793,
      "tn" : 1756410012793178220,
      "q" : "8710",
      "p" : "0.011043",
      "s" : "sell",
      "i" : "FUL_USD",
      "m" : "4611686018429515279"
    }, {
      "d" : "1756410012110709516",
      "t" : 1756410012110,
      "tn" : 1756410012110709516,
      "q" : "54330",
      "p" : "0.011044",
      "s" : "buy",
      "i" : "FUL_USD",
      "m" : "4611686018429515278"
    }, {
      "d" : "1756410012103111278",
      "t" : 1756410012103,
      "tn" : 1756410012103111278,
      "q" : "8460",
      "p" : "0.011044",
      "s" : "sell",
      "i" : "FUL_USD",
      "m" : "4611686018429515277"
    }, {
      "d" : "1756409775800740095",
      "t" : 1756409775800,
      "tn" : 1756409775800740095,
      "q" : "1070",
      "p" : "0.011154",
      "s" : "buy",
      "i" : "FUL_USD",
      "m" : "4611686018429515276"
    }, {
      "d" : "1756409057735205138",
      "t" : 1756409057735,
      "tn" : 1756409057735205138,
      "q" : "12560",
      "p" : "0.011225",
      "s" : "buy",
      "i" : "FUL_USD",
      "m" : "4611686018429515275"
    }, {
      "d" : "1756408437776720686",
      "t" : 1756408437776,
      "tn" : 1756408437776720686,
      "q" : "13190",
      "p" : "0.011416",
      "s" : "buy",
      "i" : "FUL_USD",
      "m" : "4611686018429515274"
    }, {
      "d" : "1756408435447792984",
      "t" : 1756408435447,
      "tn" : 1756408435447792984,
      "q" : "8470",
      "p" : "0.011414",
      "s" : "buy",
      "i" : "FUL_USD",
      "m" : "4611686018429515273"
    }, {
      "d" : "1756407513916792208",
      "t" : 1756407513916,
      "tn" : 1756407513916792208,
      "q" : "4480",
      "p" : "0.011258",
      "s" : "sell",
      "i" : "FUL_USD",
      "m" : "4611686018429515272"
    }, {
      "d" : "1756407211919066686",
      "t" : 1756407211919,
      "tn" : 1756407211919066686,
      "q" : "1570",
      "p" : "0.011395",
      "s" : "buy",
      "i" : "FUL_USD",
      "m" : "4611686018429515271"
    }, {
      "d" : "1756407013014349280",
      "t" : 1756407013014,
      "tn" : 1756407013014349280,
      "q" : "1200",
      "p" : "0.011362",
      "s" : "sell",
      "i" : "FUL_USD",
      "m" : "4611686018429515270"
    }, {
      "d" : "1756406855869627471",
      "t" : 1756406855869,
      "tn" : 1756406855869627471,
      "q" : "4350",
      "p" : "0.011298",
      "s" : "sell",
      "i" : "FUL_USD",
      "m" : "4611686018429515269"
    }, {
      "d" : "1756406646927678971",
      "t" : 1756406646927,
      "tn" : 1756406646927678971,
      "q" : "31460",
      "p" : "0.011431",
      "s" : "buy",
      "i" : "FUL_USD",
      "m" : "4611686018429515268"
    }, {
      "d" : "1756406644752204303",
      "t" : 1756406644752,
      "tn" : 1756406644752204303,
      "q" : "3420",
      "p" : "0.011430",
      "s" : "buy",
      "i" : "FUL_USD",
      "m" : "4611686018429515267"
    }, {
      "d" : "1756405508833154460",
      "t" : 1756405508833,
      "tn" : 1756405508833154460,
      "q" : "2940",
      "p" : "0.011216",
      "s" : "buy",
      "i" : "FUL_USD",
      "m" : "4611686018429515266"
    }, {
      "d" : "1756405333678386742",
      "t" : 1756405333678,
      "tn" : 1756405333678386742,
      "q" : "6360",
      "p" : "0.011082",
      "s" : "sell",
      "i" : "FUL_USD",
      "m" : "4611686018429515265"
    }, {
      "d" : "1756405238542757536",
      "t" : 1756405238542,
      "tn" : 1756405238542757536,
      "q" : "3440",
      "p" : "0.011218",
      "s" : "buy",
      "i" : "FUL_USD",
      "m" : "4611686018429515264"
    }, {
      "d" : "1756405143133984307",
      "t" : 1756405143133,
      "tn" : 1756405143133984307,
      "q" : "1270",
      "p" : "0.011217",
      "s" : "buy",
      "i" : "FUL_USD",
      "m" : "4611686018429515263"
    }, {
      "d" : "1756404070904641997",
      "t" : 1756404070904,
      "tn" : 1756404070904641997,
      "q" : "1480",
      "p" : "0.011101",
      "s" : "buy",
      "i" : "FUL_USD",
      "m" : "4611686018429515262"
    }, {
      "d" : "1756403902732874682",
      "t" : 1756403902732,
      "tn" : 1756403902732874682,
      "q" : "1250",
      "p" : "0.011086",
      "s" : "buy",
      "i" : "FUL_USD",
      "m" : "4611686018429515261"
    }, {
      "d" : "1756403772825374815",
      "t" : 1756403772825,
      "tn" : 1756403772825374815,
      "q" : "1220",
      "p" : "0.011031",
      "s" : "buy",
      "i" : "FUL_USD",
      "m" : "4611686018429515260"
    }, {
      "d" : "1756403629332888337",
      "t" : 1756403629332,
      "tn" : 1756403629332888337,
      "q" : "1220",
      "p" : "0.010863",
      "s" : "sell",
      "i" : "FUL_USD",
      "m" : "4611686018429515259"
    }, {
      "d" : "1756403365920241416",
      "t" : 1756403365920,
      "tn" : 1756403365920241416,
      "q" : "1390",
      "p" : "0.011162",
      "s" : "buy",
      "i" : "FUL_USD",
      "m" : "4611686018429515258"
    }, {
      "d" : "1756403277686993256",
      "t" : 1756403277686,
      "tn" : 1756403277686993256,
      "q" : "1360",
      "p" : "0.011147",
      "s" : "buy",
      "i" : "FUL_USD",
      "m" : "4611686018429515257"
    }, {
      "d" : "1756402916259526766",
      "t" : 1756402916259,
      "tn" : 1756402916259526766,
      "q" : "1040",
      "p" : "0.011147",
      "s" : "buy",
      "i" : "FUL_USD",
      "m" : "4611686018429515256"
    }, {
      "d" : "1756402868717776151",
      "t" : 1756402868717,
      "tn" : 1756402868717776151,
      "q" : "12840",
      "p" : "0.011180",
      "s" : "buy",
      "i" : "FUL_USD",
      "m" : "4611686018429515255"
    }, {
      "d" : "1756402868503664852",
      "t" : 1756402868503,
      "tn" : 1756402868503664852,
      "q" : "8460",
      "p" : "0.011166",
      "s" : "buy",
      "i" : "FUL_USD",
      "m" : "4611686018429515254"
    }, {
      "d" : "1756402516832772987",
      "t" : 1756402516832,
      "tn" : 1756402516832772987,
      "q" : "1560",
      "p" : "0.010846",
      "s" : "buy",
      "i" : "FUL_USD",
      "m" : "4611686018429515253"
    }, {
      "d" : "1756402516827190833",
      "t" : 1756402516827,
      "tn" : 1756402516827190833,
      "q" : "5530",
      "p" : "0.010846",
      "s" : "buy",
      "i" : "FUL_USD",
      "m" : "4611686018429515252"
    }, {
      "d" : "1756402516817276204",
      "t" : 1756402516817,
      "tn" : 1756402516817276204,
      "q" : "1600",
      "p" : "0.010846",
      "s" : "sell",
      "i" : "FUL_USD",
      "m" : "4611686018429515251"
    }, {
      "d" : "1756402513436391234",
      "t" : 1756402513436,
      "tn" : 1756402513436391234,
      "q" : "1600",
      "p" : "0.010949",
      "s" : "buy",
      "i" : "FUL_USD",
      "m" : "4611686018429515250"
    } ]
  }
}