{
  "id" : -1,
  "method" : "public/get-trades",
  "code" : 0,
  "result" : {
    "data" : [ {
      "d" : "1756458156326053341",
      "t" : 1756458156326,
      "tn" : 1756458156326053341,
      "q" : "112",
      "p" : "0.04045",
      "s" : "sell",
      "i" : "FWOG_USD",
      "m" : "4611686018427625260"
    }, {
      "d" : "1756458156326051397",
      "t" : 1756458156326,
      "tn" : 1756458156326051397,
      "q" : "258",
      "p" : "0.04046",
      "s" : "sell",
      "i" : "FWOG_USD",
      "m" : "4611686018427625259"
    }, {
      "d" : "1756458156313741047",
      "t" : 1756458156313,
      "tn" : 1756458156313741047,
      "q" : "449",
      "p" : "0.04046",
      "s" : "sell",
      "i" : "FWOG_USD",
      "m" : "4611686018427625258"
    }, {
      "d" : "1756458156313737867",
      "t" : 1756458156313,
      "tn" : 1756458156313737867,
      "q" : "351",
      "p" : "0.04081",
      "s" : "sell",
      "i" : "FWOG_USD",
      "m" : "4611686018427625257"
    }, {
      "d" : "1756458152907062569",
      "t" : 1756458152907,
      "tn" : 1756458152907062569,
      "q" : "370",
      "p" : "0.04081",
      "s" : "sell",
      "i" : "FWOG_USD",
      "m" : "4611686018427625256"
    }, {
      "d" : "1756458152859270533",
      "t" : 1756458152859,
      "tn" : 1756458152859270533,
      "q" : "470",
      "p" : "0.04081",
      "s" : "sell",
      "i" : "FWOG_USD",
      "m" : "4611686018427625255"
    }, {
      "d" : "1756458152829634091",
      "t" : 1756458152829,
      "tn" : 1756458152829634091,
      "q" : "519",
      "p" : "0.04081",
      "s" : "sell",
      "i" : "FWOG_USD",
      "m" : "4611686018427625254"
    }, {
      "d" : "1756458152829632405",
      "t" : 1756458152829,
      "tn" : 1756458152829632405,
      "q" : "181",
      "p" : "0.04084",
      "s" : "sell",
      "i" : "FWOG_USD",
      "m" : "4611686018427625253"
    }, {
      "d" : "1756458152809395219",
      "t" : 1756458152809,
      "tn" : 1756458152809395219,
      "q" : "700",
      "p" : "0.04084",
      "s" : "sell",
      "i" : "FWOG_USD",
      "m" : "4611686018427625252"
    }, {
      "d" : "1756458151921591703",
      "t" : 1756458151921,
      "tn" : 1756458151921591703,
      "q" : "360",
      "p" : "0.04084",
      "s" : "sell",
      "i" : "FWOG_USD",
      "m" : "4611686018427625251"
    }, {
      "d" : "1756458151908119073",
      "t" : 1756458151908,
      "tn" : 1756458151908119072,
      "q" : "481",
      "p" : "0.04084",
      "s" : "sell",
      "i" : "FWOG_USD",
      "m" : "4611686018427625250"
    }, {
      "d" : "1756458151908119072",
      "t" : 1756458151908,
      "tn" : 1756458151908119072,
      "q" : "19",
      "p" : "0.04084",
      "s" : "sell",
      "i" : "FWOG_USD",
      "m" : "4611686018427625250"
    }, {
      "d" : "1756458151880284275",
      "t" : 1756458151880,
      "tn" : 1756458151880284275,
      "q" : "500",
      "p" : "0.04084",
      "s" : "sell",
      "i" : "FWOG_USD",
      "m" : "4611686018427625249"
    }, {
      "d" : "1756458146810948383",
      "t" : 1756458146810,
      "tn" : 1756458146810948383,
      "q" : "600",
      "p" : "0.04084",
      "s" : "sell",
      "i" : "FWOG_USD",
      "m" : "4611686018427625248"
    }, {
      "d" : "1756458146788927172",
      "t" : 1756458146788,
      "tn" : 1756458146788927172,
      "q" : "700",
      "p" : "0.04084",
      "s" : "sell",
      "i" : "FWOG_USD",
      "m" : "4611686018427625247"
    }, {
      "d" : "1756458146771655533",
      "t" : 1756458146771,
      "tn" : 1756458146771655533,
      "q" : "707",
      "p" : "0.04091",
      "s" : "sell",
      "i" : "FWOG_USD",
      "m" : "4611686018427625246"
    }, {
      "d" : "1756458146771653614",
      "t" : 1756458146771,
      "tn" : 1756458146771653614,
      "q" : "93",
      "p" : "0.04095",
      "s" : "sell",
      "i" : "FWOG_USD",
      "m" : "4611686018427625245"
    }, {
      "d" : "1756458108279840847",
      "t" : 1756458108279,
      "tn" : 1756458108279840847,
      "q" : "59",
      "p" : "0.04095",
      "s" : "sell",
      "i" : "FWOG_USD",
      "m" : "4611686018427625244"
    }, {
      "d" : "1756458108279839084",
      "t" : 1756458108279,
      "tn" : 1756458108279839084,
      "q" : "40",
      "p" : "0.04130",
      "s" : "sell",
      "i" : "FWOG_USD",
      "m" : "4611686018427625243"
    }, {
      "d" : "1756455058634189815",
      "t" : 1756455058634,
      "tn" : 1756455058634189815,
      "q" : "360",
      "p" : "0.04130",
      "s" : "sell",
      "i" : "FWOG_USD",
      "m" : "4611686018427625242"
    }, {
      "d" : "1756455058626656227",
      "t" : 1756455058626,
      "tn" : 1756455058626656227,
      "q" : "360",
      "p" : "0.04130",
      "s" : "sell",
      "i" : "FWOG_USD",
      "m" : "4611686018427625241"
    }, {
      "d" : "1756454712922110390",
      "t" : 1756454712922,
      "tn" : 1756454712922110390,
      "q" : "25",
      "p" : "0.04182",
      "s" : "sell",
      "i" : "FWOG_USD",
      "m" : "4611686018427625240"
    }, {
      "d" : "1756452591414314098",
      "t" : 1756452591414,
      "tn" : 1756452591414314098,
      "q" : "360",
      "p" : "0.04125",
      "s" : "sell",
      "i" : "FWOG_USD",
      "m" : "4611686018427625239"
    }, {
      "d" : "1756452591404248556",
      "t" : 1756452591404,
      "tn" : 1756452591404248556,
      "q" : "230",
      "p" : "0.04125",
      "s" : "sell",
      "i" : "FWOG_USD",
      "m" : "4611686018427625238"
    }, {
      "d" : "1756452591404246822",
      "t" : 1756452591404,
      "tn" : 1756452591404246822,
      "q" : "405",
      "p" : "0.04133",
      "s" : "sell",
      "i" : "FWOG_USD",
      "m" : "4611686018427625237"
    }, {
      "d" : "1756452591404244222",
      "t" : 1756452591404,
      "tn" : 1756452591404244222,
      "q" : "465",
      "p" : "0.04134",
      "s" : "sell",
      "i" : "FWOG_USD",
      "m" : "4611686018427625236"
    }, {
      "d" : "1756452591391200102",
      "t" : 1756452591391,
      "tn" : 1756452591391200102,
      "q" : "370",
      "p" : "0.04134",
      "s" : "sell",
      "i" : "FWOG_USD",
      "m" : "4611686018427625235"
    }, {
      "d" : "1756452591374322950",
      "t" : 1756452591374,
      "tn" : 1756452591374322950,
      "q" : "500",
      "p" : "0.04134",
      "s" : "sell",
      "i" : "FWOG_USD",
      "m" : "4611686018427625234"
    }, {
      "d" : "1756452591358873644",
      "t" : 1756452591358,
      "tn" : 1756452591358873644,
      "q" : "1400",
      "p" : "0.04134",
      "s" : "sell",
      "i" : "FWOG_USD",
      "m" : "4611686018427625233"
    }, {
      "d" : "1756452591353041008",
      "t" : 1756452591353,
      "tn" : 1756452591353041008,
      "q" : "1600",
      "p" : "0.04134",
      "s" : "sell",
      "i" : "FWOG_USD",
      "m" : "4611686018427625232"
    }, {
      "d" : "1756452591333221684",
      "t" : 1756452591333,
      "tn" : 1756452591333221684,
      "q" : "1175",
      "p" : "0.04134",
      "s" : "sell",
      "i" : "FWOG_USD",
      "m" : "4611686018427625231"
    }, {
      "d" : "1756452591327206695",
      "t" : 1756452591327,
      "tn" : 1756452591327206695,
      "q" : "1100",
      "p" : "0.04134",
      "s" : "sell",
      "i" : "FWOG_USD",
      "m" : "4611686018427625230"
    }, {
      "d" : "1756452582375950508",
      "t" : 1756452582375,
      "tn" : 1756452582375950508,
      "q" : "360",
      "p" : "0.04134",
      "s" : "sell",
      "i" : "FWOG_USD",
      "m" : "4611686018427625229"
    }, {
      "d" : "1756452582309003547",
      "t" : 1756452582309,
      "tn" : 1756452582309003547,
      "q" : "360",
      "p" : "0.04134",
      "s" : "sell",
      "i" : "FWOG_USD",
      "m" : "4611686018427625228"
    }, {
      "d" : "1756452582038406986",
      "t" : 1756452582038,
      "tn" : 1756452582038406986,
      "q" : "360",
      "p" : "0.04134",
      "s" : "sell",
      "i" : "FWOG_USD",
      "m" : "4611686018427625227"
    }, {
      "d" : "1756452581993087986",
      "t" : 1756452581993,
      "tn" : 1756452581993087986,
      "q" : "500",
      "p" : "0.04134",
      "s" : "sell",
      "i" : "FWOG_USD",
      "m" : "4611686018427625226"
    }, {
      "d" : "1756452581927355409",
      "t" : 1756452581927,
      "tn" : 1756452581927355409,
      "q" : "500",
      "p" : "0.04134",
      "s" : "sell",
      "i" : "FWOG_USD",
      "m" : "4611686018427625225"
    }, {
      "d" : "1756452580809376926",
      "t" : 1756452580809,
      "tn" : 1756452580809376926,
      "q" : "600",
      "p" : "0.04134",
      "s" : "sell",
      "i" : "FWOG_USD",
      "m" : "4611686018427625224"
    }, {
      "d" : "1756452580750362131",
      "t" : 1756452580750,
      "tn" : 1756452580750362131,
      "q" : "600",
      "p" : "0.04134",
      "s" : "sell",
      "i" : "FWOG_USD",
      "m" : "4611686018427625223"
    }, {
      "d" : "1756451616838181171",
      "t" : 1756451616838,
      "tn" : 1756451616838181171,
      "q" : "150",
      "p" : "0.04164",
      "s" : "sell",
      "i" : "FWOG_USD",
      "m" : "4611686018427625222"
    }, {
      "d" : "1756451616838178865",
      "t" : 1756451616838,
      "tn" : 1756451616838178865,
      "q" : "169",
      "p" : "0.04165",
      "s" : "sell",
      "i" : "FWOG_USD",
      "m" : "4611686018427625221"
    }, {
      "d" : "1756451616810013296",
      "t" : 1756451616810,
      "tn" : 1756451616810013296,
      "q" : "500",
      "p" : "0.04165",
      "s" : "sell",
      "i" : "FWOG_USD",
      "m" : "4611686018427625220"
    }, {
      "d" : "1756451616777387652",
      "t" : 1756451616777,
      "tn" : 1756451616777387652,
      "q" : "338",
      "p" : "0.04165",
      "s" : "sell",
      "i" : "FWOG_USD",
      "m" : "4611686018427625219"
    }, {
      "d" : "1756451616777385690",
      "t" : 1756451616777,
      "tn" : 1756451616777385690,
      "q" : "162",
      "p" : "0.04168",
      "s" : "sell",
      "i" : "FWOG_USD",
      "m" : "4611686018427625218"
    }, {
      "d" : "1756451456741546288",
      "t" : 1756451456741,
      "tn" : 1756451456741546288,
      "q" : "25",
      "p" : "0.04228",
      "s" : "sell",
      "i" : "FWOG_USD",
      "m" : "4611686018427625217"
    }, {
      "d" : "1756451280050940686",
      "t" : 1756451280050,
      "tn" : 1756451280050940686,
      "q" : "360",
      "p" : "0.04197",
      "s" : "sell",
      "i" : "FWOG_USD",
      "m" : "4611686018427625216"
    }, {
      "d" : "1756451247875721728",
      "t" : 1756451247875,
      "tn" : 1756451247875721728,
      "q" : "350",
      "p" : "0.04197",
      "s" : "sell",
      "i" : "FWOG_USD",
      "m" : "4611686018427625215"
    }, {
      "d" : "1756451235297072005",
      "t" : 1756451235297,
      "tn" : 1756451235297072005,
      "q" : "382",
      "p" : "0.04197",
      "s" : "sell",
      "i" : "FWOG_USD",
      "m" : "4611686018427625214"
    }, {
      "d" : "1756451231472298135",
      "t" : 1756451231472,
      "tn" : 1756451231472298134,
      "q" : "926",
      "p" : "0.04197",
      "s" : "sell",
      "i" : "FWOG_USD",
      "m" : "4611686018427625213"
    }, {
      "d" : "1756451231472298134",
      "t" : 1756451231472,
      "tn" : 1756451231472298134,
      "q" : "30",
      "p" : "0.04197",
      "s" : "sell",
      "i" : "FWOG_USD",
      "m" : "4611686018427625213"
    }, {
      "d" : "1756451229293256322",
      "t" : 1756451229293,
      "tn" : 1756451229293256322,
      "q" : "2254",
      "p" : "0.04197",
      "s" : "sell",
      "i" : "FWOG_USD",
      "m" : "4611686018427625212"
    }, {
      "d" : "1756451224955173229",
      "t" : 1756451224955,
      "tn" : 1756451224955173229,
      "q" : "916",
      "p" : "0.04200",
      "s" : "sell",
      "i" : "FWOG_USD",
      "m" : "4611686018427625211"
    }, {
      "d" : "1756450954796855336",
      "t" : 1756450954796,
      "tn" : 1756450954796855336,
      "q" : "503",
      "p" : "0.04200",
      "s" : "sell",
      "i" : "FWOG_USD",
      "m" : "4611686018427625210"
    }, {
      "d" : "1756450900098968166",
      "t" : 1756450900098,
      "tn" : 1756450900098968166,
      "q" : "501",
      "p" : "0.04200",
      "s" : "sell",
      "i" : "FWOG_USD",
      "m" : "4611686018427625209"
    }, {
      "d" : "1756450897447661788",
      "t" : 1756450897447,
      "tn" : 1756450897447661788,
      "q" : "1330",
      "p" : "0.04200",
      "s" : "sell",
      "i" : "FWOG_USD",
      "m" : "4611686018427625208"
    }, {
      "d" : "1756450897447660006",
      "t" : 1756450897447,
      "tn" : 1756450897447660006,
      "q" : "432",
      "p" : "0.04201",
      "s" : "sell",
      "i" : "FWOG_USD",
      "m" : "4611686018427625207"
    }, {
      "d" : "1756450408245756597",
      "t" : 1756450408245,
      "tn" : 1756450408245756597,
      "q" : "400",
      "p" : "0.04218",
      "s" : "sell",
      "i" : "FWOG_USD",
      "m" : "4611686018427625206"
    }, {
      "d" : "1756450394684462303",
      "t" : 1756450394684,
      "tn" : 1756450394684462303,
      "q" : "3555",
      "p" : "0.04219",
      "s" : "sell",
      "i" : "FWOG_USD",
      "m" : "4611686018427625205"
    }, {
      "d" : "1756450390671487369",
      "t" : 1756450390671,
      "tn" : 1756450390671487369,
      "q" : "2625",
      "p" : "0.04219",
      "s" : "sell",
      "i" : "FWOG_USD",
      "m" : "4611686018427625204"
    }, {
      "d" : "1756450381791261414",
      "t" : 1756450381791,
      "tn" : 1756450381791261414,
      "q" : "6561",
      "p" : "0.04219",
      "s" : "sell",
      "i" : "FWOG_USD",
      "m" : "4611686018427625203"
    }, {
      "d" : "1756450264610163989",
      "t" : 1756450264610,
      "tn" : 1756450264610163989,
      "q" : "147",
      "p" : "0.04234",
      "s" : "sell",
      "i" : "FWOG_USD",
      "m" : "4611686018427625202"
    }, {
      "d" : "1756450264610161372",
      "t" : 1756450264610,
      "tn" : 1756450264610161372,
      "q" : "299",
      "p" : "0.04235",
      "s" : "sell",
      "i" : "FWOG_USD",
      "m" : "4611686018427625201"
    }, {
      "d" : "1756450201264722005",
      "t" : 1756450201264,
      "tn" : 1756450201264722004,
      "q" : "1850",
      "p" : "0.04240",
      "s" : "sell",
      "i" : "FWOG_USD",
      "m" : "4611686018427625200"
    }, {
      "d" : "1756450201264722004",
      "t" : 1756450201264,
      "tn" : 1756450201264722004,
      "q" : "1993",
      "p" : "0.04240",
      "s" : "sell",
      "i" : "FWOG_USD",
      "m" : "4611686018427625200"
    }, {
      "d" : "1756450141015347135",
      "t" : 1756450141015,
      "tn" : 1756450141015347134,
      "q" : "25",
      "p" : "0.04242",
      "s" : "sell",
      "i" : "FWOG_USD",
      "m" : "4611686018427625199"
    }, {
      "d" : "1756450141015347134",
      "t" : 1756450141015,
      "tn" : 1756450141015347134,
      "q" : "267",
      "p" : "0.04242",
      "s" : "sell",
      "i" : "FWOG_USD",
      "m" : "4611686018427625199"
    }, {
      "d" : "1756450141015342468",
      "t" : 1756450141015,
      "tn" : 1756450141015342468,
      "q" : "25",
      "p" : "0.04243",
      "s" : "sell",
      "i" : "FWOG_USD",
      "m" : "4611686018427625198"
    }, {
      "d" : "1756450095823202988",
      "t" : 1756450095823,
      "tn" : 1756450095823202988,
      "q" : "2946",
      "p" : "0.04244",
      "s" : "sell",
      "i" : "FWOG_USD",
      "m" : "4611686018427625197"
    }, {
      "d" : "1756449181467009885",
      "t" : 1756449181467,
      "tn" : 1756449181467009883,
      "q" : "425",
      "p" : "0.04244",
      "s" : "sell",
      "i" : "FWOG_USD",
      "m" : "4611686018427625196"
    }, {
      "d" : "1756449181467009884",
      "t" : 1756449181467,
      "tn" : 1756449181467009883,
      "q" : "401",
      "p" : "0.04244",
      "s" : "sell",
      "i" : "FWOG_USD",
      "m" : "4611686018427625196"
    }, {
      "d" : "1756449181467009883",
      "t" : 1756449181467,
      "tn" : 1756449181467009883,
      "q" : "587",
      "p" : "0.04244",
      "s" : "sell",
      "i" : "FWOG_USD",
      "m" : "4611686018427625196"
    }, {
      "d" : "1756448272571528706",
      "t" : 1756448272571,
      "tn" : 1756448272571528706,
      "q" : "1063",
      "p" : "0.04251",
      "s" : "sell",
      "i" : "FWOG_USD",
      "m" : "4611686018427625195"
    }, {
      "d" : "1756448272350399679",
      "t" : 1756448272350,
      "tn" : 1756448272350399678,
      "q" : "50",
      "p" : "0.04250",
      "s" : "sell",
      "i" : "FWOG_USD",
      "m" : "4611686018427625194"
    }, {
      "d" : "1756448272350399678",
      "t" : 1756448272350,
      "tn" : 1756448272350399678,
      "q" : "236",
      "p" : "0.04250",
      "s" : "sell",
      "i" : "FWOG_USD",
      "m" : "4611686018427625194"
    }, {
      "d" : "1756448272244867172",
      "t" : 1756448272244,
      "tn" : 1756448272244867172,
      "q" : "1083",
      "p" : "0.04251",
      "s" : "sell",
      "i" : "FWOG_USD",
      "m" : "4611686018427625193"
    }, {
      "d" : "1756448151470889111",
      "t" : 1756448151470,
      "tn" : 1756448151470889111,
      "q" : "25",
      "p" : "0.04276",
      "s" : "sell",
      "i" : "FWOG_USD",
      "m" : "4611686018427625192"
    }, {
      "d" : "1756448139797043204",
      "t" : 1756448139797,
      "tn" : 1756448139797043204,
      "q" : "25",
      "p" : "0.04281",
      "s" : "sell",
      "i" : "FWOG_USD",
      "m" : "4611686018427625191"
    }, {
      "d" : "1756448113690223947",
      "t" : 1756448113690,
      "tn" : 1756448113690223946,
      "q" : "1696",
      "p" : "0.04283",
      "s" : "sell",
      "i" : "FWOG_USD",
      "m" : "4611686018427625190"
    }, {
      "d" : "1756448113690223946",
      "t" : 1756448113690,
      "tn" : 1756448113690223946,
      "q" : "2031",
      "p" : "0.04283",
      "s" : "sell",
      "i" : "FWOG_USD",
      "m" : "4611686018427625190"
    }, {
      "d" : "1756448069775844009",
      "t" : 1756448069775,
      "tn" : 1756448069775844009,
      "q" : "5204",
      "p" : "0.04284",
      "s" : "sell",
      "i" : "FWOG_USD",
      "m" : "4611686018427625189"
    }, {
      "d" : "1756447835989483666",
      "t" : 1756447835989,
      "tn" : 1756447835989483666,
      "q" : "9062",
      "p" : "0.04286",
      "s" : "sell",
      "i" : "FWOG_USD",
      "m" : "4611686018427625188"
    }, {
      "d" : "1756447835891275542",
      "t" : 1756447835891,
      "tn" : 1756447835891275542,
      "q" : "10815",
      "p" : "0.04286",
      "s" : "sell",
      "i" : "FWOG_USD",
      "m" : "4611686018427625187"
    }, {
      "d" : "1756444668515369240",
      "t" : 1756444668515,
      "tn" : 1756444668515369240,
      "q" : "3451",
      "p" : "0.04292",
      "s" : "sell",
      "i" : "FWOG_USD",
      "m" : "4611686018427625186"
    }, {
      "d" : "1756444668485339974",
      "t" : 1756444668485,
      "tn" : 1756444668485339973,
      "q" : "5150",
      "p" : "0.04292",
      "s" : "sell",
      "i" : "FWOG_USD",
      "m" : "4611686018427625185"
    }, {
      "d" : "1756444668485339973",
      "t" : 1756444668485,
      "tn" : 1756444668485339973,
      "q" : "25",
      "p" : "0.04292",
      "s" : "sell",
      "i" : "FWOG_USD",
      "m" : "4611686018427625185"
    }, {
      "d" : "1756444668485336626",
      "t" : 1756444668485,
      "tn" : 1756444668485336626,
      "q" : "7224",
      "p" : "0.04293",
      "s" : "sell",
      "i" : "FWOG_USD",
      "m" : "4611686018427625184"
    }, {
      "d" : "1756444660655902917",
      "t" : 1756444660655,
      "tn" : 1756444660655902917,
      "q" : "6560",
      "p" : "0.04293",
      "s" : "sell",
      "i" : "FWOG_USD",
      "m" : "4611686018427625183"
    }, {
      "d" : "1756444660617717631",
      "t" : 1756444660617,
      "tn" : 1756444660617717630,
      "q" : "5745",
      "p" : "0.04293",
      "s" : "sell",
      "i" : "FWOG_USD",
      "m" : "4611686018427625182"
    }, {
      "d" : "1756444660617717630",
      "t" : 1756444660617,
      "tn" : 1756444660617717630,
      "q" : "4617",
      "p" : "0.04293",
      "s" : "sell",
      "i" : "FWOG_USD",
      "m" : "4611686018427625182"
    }, {
      "d" : "1756434209079605451",
      "t" : 1756434209079,
      "tn" : 1756434209079605451,
      "q" : "25",
      "p" : "0.04317",
      "s" : "buy",
      "i" : "FWOG_USD",
      "m" : "4611686018427625181"
    }, {
      "d" : "1756433664505852684",
      "t" : 1756433664505,
      "tn" : 1756433664505852684,
      "q" : "262",
      "p" : "0.04319",
      "s" : "buy",
      "i" : "FWOG_USD",
      "m" : "4611686018427625180"
    }, {
      "d" : "1756433541841515245",
      "t" : 1756433541841,
      "tn" : 1756433541841515245,
      "q" : "70",
      "p" : "0.04319",
      "s" : "buy",
      "i" : "FWOG_USD",
      "m" : "4611686018427625179"
    }, {
      "d" : "1756433517034068382",
      "t" : 1756433517034,
      "tn" : 1756433517034068380,
      "q" : "25",
      "p" : "0.04317",
      "s" : "buy",
      "i" : "FWOG_USD",
      "m" : "4611686018427625178"
    }, {
      "d" : "1756433517034068381",
      "t" : 1756433517034,
      "tn" : 1756433517034068380,
      "q" : "25",
      "p" : "0.04317",
      "s" : "buy",
      "i" : "FWOG_USD",
      "m" : "4611686018427625178"
    }, {
      "d" : "1756433517034068380",
      "t" : 1756433517034,
      "tn" : 1756433517034068380,
      "q" : "25",
      "p" : "0.04317",
      "s" : "buy",
      "i" : "FWOG_USD",
      "m" : "4611686018427625178"
    }, {
      "d" : "1756432532880604107",
      "t" : 1756432532880,
      "tn" : 1756432532880604107,
      "q" : "145",
      "p" : "0.04304",
      "s" : "sell",
      "i" : "FWOG_USD",
      "m" : "4611686018427625177"
    }, {
      "d" : "1756429856588524670",
      "t" : 1756429856588,
      "tn" : 1756429856588524669,
      "q" : "11081",
      "p" : "0.04314",
      "s" : "sell",
      "i" : "FWOG_USD",
      "m" : "4611686018427625176"
    }, {
      "d" : "1756429856588524669",
      "t" : 1756429856588,
      "tn" : 1756429856588524669,
      "q" : "25",
      "p" : "0.04314",
      "s" : "sell",
      "i" : "FWOG_USD",
      "m" : "4611686018427625176"
    }, {
      "d" : "1756429856588520702",
      "t" : 1756429856588,
      "tn" : 1756429856588520702,
      "q" : "25",
      "p" : "0.04316",
      "s" : "sell",
      "i" : "FWOG_USD",
      "m" : "4611686018427625175"
    }, {
      "d" : "1756429711310941619",
      "t" : 1756429711310,
      "tn" : 1756429711310941617,
      "q" : "1691",
      "p" : "0.04317",
      "s" : "sell",
      "i" : "FWOG_USD",
      "m" : "4611686018427625174"
    }, {
      "d" : "1756429711310941618",
      "t" : 1756429711310,
      "tn" : 1756429711310941617,
      "q" : "25",
      "p" : "0.04317",
      "s" : "sell",
      "i" : "FWOG_USD",
      "m" : "4611686018427625174"
    }, {
      "d" : "1756429711310941617",
      "t" : 1756429711310,
      "tn" : 1756429711310941617,
      "q" : "25",
      "p" : "0.04317",
      "s" : "sell",
      "i" : "FWOG_USD",
      "m" : "4611686018427625174"
    }, {
      "d" : "1756428007883595707",
      "t" : 1756428007883,
      "tn" : 1756428007883595707,
      "q" : "3025",
      "p" : "0.04354",
      "s" : "sell",
      "i" : "FWOG_USD",
      "m" : "4611686018427625173"
    }, {
      "d" : "1756427816953197769",
      "t" : 1756427816953,
      "tn" : 1756427816953197769,
      "q" : "145",
      "p" : "0.04374",
      "s" : "buy",
      "i" : "FWOG_USD",
      "m" : "4611686018427625172"
    }, {
      "d" : "1756427369484852733",
      "t" : 1756427369484,
      "tn" : 1756427369484852731,
      "q" : "25",
      "p" : "0.04368",
      "s" : "buy",
      "i" : "FWOG_USD",
      "m" : "4611686018427625171"
    }, {
      "d" : "1756427369484852732",
      "t" : 1756427369484,
      "tn" : 1756427369484852731,
      "q" : "1796",
      "p" : "0.04368",
      "s" : "buy",
      "i" : "FWOG_USD",
      "m" : "4611686018427625171"
    }, {
      "d" : "1756427369484852731",
      "t" : 1756427369484,
      "tn" : 1756427369484852731,
      "q" : "1663",
      "p" : "0.04368",
      "s" : "buy",
      "i" : "FWOG_USD",
      "m" : "4611686018427625171"
    }, {
      "d" : "1756427369484847994",
      "t" : 1756427369484,
      "tn" : 1756427369484847994,
      "q" : "4635",
      "p" : "0.04367",
      "s" : "buy",
      "i" : "FWOG_USD",
      "m" : "4611686018427625170"
    }, {
      "d" : "1756427329495889416",
      "t" : 1756427329495,
      "tn" : 1756427329495889416,
      "q" : "582",
      "p" : "0.04366",
      "s" : "buy",
      "i" : "FWOG_USD",
      "m" : "4611686018427625169"
    }, {
      "d" : "1756427329471882915",
      "t" : 1756427329471,
      "tn" : 1756427329471882915,
      "q" : "7802",
      "p" : "0.04365",
      "s" : "buy",
      "i" : "FWOG_USD",
      "m" : "4611686018427625168"
    }, {
      "d" : "1756427149525257310",
      "t" : 1756427149525,
      "tn" : 1756427149525257309,
      "q" : "3170",
      "p" : "0.04334",
      "s" : "buy",
      "i" : "FWOG_USD",
      "m" : "4611686018427625167"
    }, {
      "d" : "1756427149525257309",
      "t" : 1756427149525,
      "tn" : 1756427149525257309,
      "q" : "25",
      "p" : "0.04334",
      "s" : "buy",
      "i" : "FWOG_USD",
      "m" : "4611686018427625167"
    }, {
      "d" : "1756426704466704850",
      "t" : 1756426704466,
      "tn" : 1756426704466704850,
      "q" : "2329",
      "p" : "0.04339",
      "s" : "buy",
      "i" : "FWOG_USD",
      "m" : "4611686018427625166"
    }, {
      "d" : "1756426704452076171",
      "t" : 1756426704452,
      "tn" : 1756426704452076171,
      "q" : "10825",
      "p" : "0.04339",
      "s" : "buy",
      "i" : "FWOG_USD",
      "m" : "4611686018427625165"
    }, {
      "d" : "1756426704429827307",
      "t" : 1756426704429,
      "tn" : 1756426704429827307,
      "q" : "12538",
      "p" : "0.04339",
      "s" : "buy",
      "i" : "FWOG_USD",
      "m" : "4611686018427625164"
    }, {
      "d" : "1756426684508564310",
      "t" : 1756426684508,
      "tn" : 1756426684508564310,
      "q" : "12281",
      "p" : "0.04339",
      "s" : "buy",
      "i" : "FWOG_USD",
      "m" : "4611686018427625163"
    }, {
      "d" : "1756426660532459030",
      "t" : 1756426660532,
      "tn" : 1756426660532459030,
      "q" : "2364",
      "p" : "0.04339",
      "s" : "buy",
      "i" : "FWOG_USD",
      "m" : "4611686018427625162"
    }, {
      "d" : "1756426656611939778",
      "t" : 1756426656611,
      "tn" : 1756426656611939778,
      "q" : "1800",
      "p" : "0.04339",
      "s" : "buy",
      "i" : "FWOG_USD",
      "m" : "4611686018427625161"
    }, {
      "d" : "1756426655967106087",
      "t" : 1756426655967,
      "tn" : 1756426655967106087,
      "q" : "340",
      "p" : "0.04339",
      "s" : "buy",
      "i" : "FWOG_USD",
      "m" : "4611686018427625160"
    }, {
      "d" : "1756426648511971756",
      "t" : 1756426648511,
      "tn" : 1756426648511971756,
      "q" : "340",
      "p" : "0.04339",
      "s" : "buy",
      "i" : "FWOG_USD",
      "m" : "4611686018427625159"
    }, {
      "d" : "1756426648386554725",
      "t" : 1756426648386,
      "tn" : 1756426648386554725,
      "q" : "340",
      "p" : "0.04339",
      "s" : "buy",
      "i" : "FWOG_USD",
      "m" : "4611686018427625158"
    }, {
      "d" : "1756426645652204221",
      "t" : 1756426645652,
      "tn" : 1756426645652204221,
      "q" : "500",
      "p" : "0.04339",
      "s" : "buy",
      "i" : "FWOG_USD",
      "m" : "4611686018427625157"
    }, {
      "d" : "1756426645637864536",
      "t" : 1756426645637,
      "tn" : 1756426645637864536,
      "q" : "517",
      "p" : "0.04339",
      "s" : "buy",
      "i" : "FWOG_USD",
      "m" : "4611686018427625156"
    }, {
      "d" : "1756426640480234819",
      "t" : 1756426640480,
      "tn" : 1756426640480234819,
      "q" : "350",
      "p" : "0.04339",
      "s" : "buy",
      "i" : "FWOG_USD",
      "m" : "4611686018427625155"
    }, {
      "d" : "1756426640407802444",
      "t" : 1756426640407,
      "tn" : 1756426640407802444,
      "q" : "354",
      "p" : "0.04339",
      "s" : "buy",
      "i" : "FWOG_USD",
      "m" : "4611686018427625154"
    }, {
      "d" : "1756426578203465342",
      "t" : 1756426578203,
      "tn" : 1756426578203465342,
      "q" : "434",
      "p" : "0.04303",
      "s" : "sell",
      "i" : "FWOG_USD",
      "m" : "4611686018427625153"
    }, {
      "d" : "1756426578203463584",
      "t" : 1756426578203,
      "tn" : 1756426578203463584,
      "q" : "4066",
      "p" : "0.04304",
      "s" : "sell",
      "i" : "FWOG_USD",
      "m" : "4611686018427625152"
    }, {
      "d" : "1756426578183147068",
      "t" : 1756426578183,
      "tn" : 1756426578183147068,
      "q" : "806",
      "p" : "0.04304",
      "s" : "sell",
      "i" : "FWOG_USD",
      "m" : "4611686018427625151"
    }, {
      "d" : "1756426578127419525",
      "t" : 1756426578127,
      "tn" : 1756426578127419525,
      "q" : "929",
      "p" : "0.04339",
      "s" : "buy",
      "i" : "FWOG_USD",
      "m" : "4611686018427625150"
    }, {
      "d" : "1756426578095824974",
      "t" : 1756426578095,
      "tn" : 1756426578095824974,
      "q" : "2188",
      "p" : "0.04339",
      "s" : "buy",
      "i" : "FWOG_USD",
      "m" : "4611686018427625149"
    }, {
      "d" : "1756426578088384994",
      "t" : 1756426578088,
      "tn" : 1756426578088384994,
      "q" : "3647",
      "p" : "0.04339",
      "s" : "buy",
      "i" : "FWOG_USD",
      "m" : "4611686018427625148"
    }, {
      "d" : "1756426578082815379",
      "t" : 1756426578082,
      "tn" : 1756426578082815379,
      "q" : "4500",
      "p" : "0.04339",
      "s" : "buy",
      "i" : "FWOG_USD",
      "m" : "4611686018427625147"
    }, {
      "d" : "1756426492412470360",
      "t" : 1756426492412,
      "tn" : 1756426492412470360,
      "q" : "554",
      "p" : "0.04339",
      "s" : "buy",
      "i" : "FWOG_USD",
      "m" : "4611686018427625146"
    }, {
      "d" : "1756426492379566571",
      "t" : 1756426492379,
      "tn" : 1756426492379566571,
      "q" : "406",
      "p" : "0.04339",
      "s" : "buy",
      "i" : "FWOG_USD",
      "m" : "4611686018427625145"
    }, {
      "d" : "1756426492372307571",
      "t" : 1756426492372,
      "tn" : 1756426492372307571,
      "q" : "890",
      "p" : "0.04339",
      "s" : "buy",
      "i" : "FWOG_USD",
      "m" : "4611686018427625144"
    }, {
      "d" : "1756426492361295270",
      "t" : 1756426492361,
      "tn" : 1756426492361295270,
      "q" : "800",
      "p" : "0.04339",
      "s" : "buy",
      "i" : "FWOG_USD",
      "m" : "4611686018427625143"
    }, {
      "d" : "1756426492331119539",
      "t" : 1756426492331,
      "tn" : 1756426492331119539,
      "q" : "2000",
      "p" : "0.04339",
      "s" : "buy",
      "i" : "FWOG_USD",
      "m" : "4611686018427625142"
    }, {
      "d" : "1756426492327986424",
      "t" : 1756426492327,
      "tn" : 1756426492327986424,
      "q" : "3438",
      "p" : "0.04339",
      "s" : "buy",
      "i" : "FWOG_USD",
      "m" : "4611686018427625141"
    }, {
      "d" : "1756426492327983956",
      "t" : 1756426492327,
      "tn" : 1756426492327983956,
      "q" : "3008",
      "p" : "0.04339",
      "s" : "buy",
      "i" : "FWOG_USD",
      "m" : "4611686018427625140"
    }, {
      "d" : "1756426492327982191",
      "t" : 1756426492327,
      "tn" : 1756426492327982191,
      "q" : "234",
      "p" : "0.04338",
      "s" : "buy",
      "i" : "FWOG_USD",
      "m" : "4611686018427625139"
    }, {
      "d" : "1756426492274428415",
      "t" : 1756426492274,
      "tn" : 1756426492274428415,
      "q" : "557",
      "p" : "0.04338",
      "s" : "buy",
      "i" : "FWOG_USD",
      "m" : "4611686018427625138"
    }, {
      "d" : "1756426492216984636",
      "t" : 1756426492216,
      "tn" : 1756426492216984636,
      "q" : "6892",
      "p" : "0.04338",
      "s" : "buy",
      "i" : "FWOG_USD",
      "m" : "4611686018427625137"
    }, {
      "d" : "1756426492204479965",
      "t" : 1756426492204,
      "tn" : 1756426492204479965,
      "q" : "4500",
      "p" : "0.04338",
      "s" : "buy",
      "i" : "FWOG_USD",
      "m" : "4611686018427625136"
    }, {
      "d" : "1756426419467363836",
      "t" : 1756426419467,
      "tn" : 1756426419467363836,
      "q" : "5868",
      "p" : "0.04338",
      "s" : "buy",
      "i" : "FWOG_USD",
      "m" : "4611686018427625135"
    }, {
      "d" : "1756426396651618707",
      "t" : 1756426396651,
      "tn" : 1756426396651618707,
      "q" : "655",
      "p" : "0.04339",
      "s" : "buy",
      "i" : "FWOG_USD",
      "m" : "4611686018427625134"
    }, {
      "d" : "1756426396647625271",
      "t" : 1756426396647,
      "tn" : 1756426396647625271,
      "q" : "340",
      "p" : "0.04339",
      "s" : "buy",
      "i" : "FWOG_USD",
      "m" : "4611686018427625133"
    }, {
      "d" : "1756426396614762480",
      "t" : 1756426396614,
      "tn" : 1756426396614762480,
      "q" : "1099",
      "p" : "0.04339",
      "s" : "buy",
      "i" : "FWOG_USD",
      "m" : "4611686018427625132"
    }, {
      "d" : "1756426396515527286",
      "t" : 1756426396515,
      "tn" : 1756426396515527286,
      "q" : "1500",
      "p" : "0.04339",
      "s" : "buy",
      "i" : "FWOG_USD",
      "m" : "4611686018427625131"
    }, {
      "d" : "1756426396496457841",
      "t" : 1756426396496,
      "tn" : 1756426396496457841,
      "q" : "1561",
      "p" : "0.04339",
      "s" : "buy",
      "i" : "FWOG_USD",
      "m" : "4611686018427625130"
    }, {
      "d" : "1756426346460485692",
      "t" : 1756426346460,
      "tn" : 1756426346460485692,
      "q" : "800",
      "p" : "0.04338",
      "s" : "buy",
      "i" : "FWOG_USD",
      "m" : "4611686018427625129"
    } ]
  }
}