{
  "id" : -1,
  "method" : "public/get-trades",
  "code" : 0,
  "result" : {
    "data" : [ {
      "d" : "1756412806362291651",
      "t" : 1756412806362,
      "tn" : 1756412806362291651,
      "q" : "192",
      "p" : "0.04224",
      "s" : "sell",
      "i" : "FWOG_USDT",
      "m" : "4611686018427401206"
    }, {
      "d" : "1756402250081560011",
      "t" : 1756402250081,
      "tn" : 1756402250081560011,
      "q" : "3800",
      "p" : "0.04200",
      "s" : "sell",
      "i" : "FWOG_USDT",
      "m" : "4611686018427401205"
    }, {
      "d" : "1756400404822228102",
      "t" : 1756400404822,
      "tn" : 1756400404822228102,
      "q" : "545",
      "p" : "0.04200",
      "s" : "sell",
      "i" : "FWOG_USDT",
      "m" : "4611686018427401204"
    }, {
      "d" : "1756400404785324301",
      "t" : 1756400404785,
      "tn" : 1756400404785324301,
      "q" : "545",
      "p" : "0.04200",
      "s" : "sell",
      "i" : "FWOG_USDT",
      "m" : "4611686018427401203"
    }, {
      "d" : "1756400404768542354",
      "t" : 1756400404768,
      "tn" : 1756400404768542354,
      "q" : "545",
      "p" : "0.04200",
      "s" : "sell",
      "i" : "FWOG_USDT",
      "m" : "4611686018427401202"
    }, {
      "d" : "1756400404742453429",
      "t" : 1756400404742,
      "tn" : 1756400404742453429,
      "q" : "545",
      "p" : "0.04200",
      "s" : "sell",
      "i" : "FWOG_USDT",
      "m" : "4611686018427401201"
    }, {
      "d" : "1756400404711909528",
      "t" : 1756400404711,
      "tn" : 1756400404711909528,
      "q" : "545",
      "p" : "0.04200",
      "s" : "sell",
      "i" : "FWOG_USDT",
      "m" : "4611686018427401200"
    }, {
      "d" : "1756400404688840791",
      "t" : 1756400404688,
      "tn" : 1756400404688840791,
      "q" : "545",
      "p" : "0.04200",
      "s" : "sell",
      "i" : "FWOG_USDT",
      "m" : "4611686018427401199"
    }, {
      "d" : "1756400404663413357",
      "t" : 1756400404663,
      "tn" : 1756400404663413357,
      "q" : "187",
      "p" : "0.04200",
      "s" : "sell",
      "i" : "FWOG_USDT",
      "m" : "4611686018427401198"
    }, {
      "d" : "1756400404662922975",
      "t" : 1756400404662,
      "tn" : 1756400404662922975,
      "q" : "420",
      "p" : "0.04200",
      "s" : "sell",
      "i" : "FWOG_USDT",
      "m" : "4611686018427401197"
    }, {
      "d" : "1756400404662559970",
      "t" : 1756400404662,
      "tn" : 1756400404662559970,
      "q" : "545",
      "p" : "0.04200",
      "s" : "sell",
      "i" : "FWOG_USDT",
      "m" : "4611686018427401196"
    }, {
      "d" : "1756400404652666869",
      "t" : 1756400404652,
      "tn" : 1756400404652666869,
      "q" : "600",
      "p" : "0.04200",
      "s" : "sell",
      "i" : "FWOG_USDT",
      "m" : "4611686018427401195"
    }, {
      "d" : "1756400404644669364",
      "t" : 1756400404644,
      "tn" : 1756400404644669364,
      "q" : "545",
      "p" : "0.04200",
      "s" : "sell",
      "i" : "FWOG_USDT",
      "m" : "4611686018427401194"
    }, {
      "d" : "1756400404627272693",
      "t" : 1756400404627,
      "tn" : 1756400404627272693,
      "q" : "545",
      "p" : "0.04200",
      "s" : "sell",
      "i" : "FWOG_USDT",
      "m" : "4611686018427401193"
    }, {
      "d" : "1756400404603461627",
      "t" : 1756400404603,
      "tn" : 1756400404603461627,
      "q" : "545",
      "p" : "0.04200",
      "s" : "sell",
      "i" : "FWOG_USDT",
      "m" : "4611686018427401192"
    }, {
      "d" : "1756400404593381008",
      "t" : 1756400404593,
      "tn" : 1756400404593381008,
      "q" : "800",
      "p" : "0.04200",
      "s" : "sell",
      "i" : "FWOG_USDT",
      "m" : "4611686018427401191"
    }, {
      "d" : "1756400404585745111",
      "t" : 1756400404585,
      "tn" : 1756400404585745111,
      "q" : "545",
      "p" : "0.04200",
      "s" : "sell",
      "i" : "FWOG_USDT",
      "m" : "4611686018427401190"
    }, {
      "d" : "1756400404566681740",
      "t" : 1756400404566,
      "tn" : 1756400404566681740,
      "q" : "545",
      "p" : "0.04200",
      "s" : "sell",
      "i" : "FWOG_USDT",
      "m" : "4611686018427401189"
    }, {
      "d" : "1756400404554298381",
      "t" : 1756400404554,
      "tn" : 1756400404554298381,
      "q" : "545",
      "p" : "0.04200",
      "s" : "sell",
      "i" : "FWOG_USDT",
      "m" : "4611686018427401188"
    }, {
      "d" : "1756400404533154138",
      "t" : 1756400404533,
      "tn" : 1756400404533154138,
      "q" : "545",
      "p" : "0.04200",
      "s" : "sell",
      "i" : "FWOG_USDT",
      "m" : "4611686018427401187"
    }, {
      "d" : "1756400404502756317",
      "t" : 1756400404502,
      "tn" : 1756400404502756317,
      "q" : "545",
      "p" : "0.04200",
      "s" : "sell",
      "i" : "FWOG_USDT",
      "m" : "4611686018427401186"
    }, {
      "d" : "1756400404473335745",
      "t" : 1756400404473,
      "tn" : 1756400404473335745,
      "q" : "545",
      "p" : "0.04200",
      "s" : "sell",
      "i" : "FWOG_USDT",
      "m" : "4611686018427401185"
    }, {
      "d" : "1756400404447746403",
      "t" : 1756400404447,
      "tn" : 1756400404447746403,
      "q" : "545",
      "p" : "0.04200",
      "s" : "sell",
      "i" : "FWOG_USDT",
      "m" : "4611686018427401184"
    }, {
      "d" : "1756400401662041161",
      "t" : 1756400401662,
      "tn" : 1756400401662041161,
      "q" : "3300",
      "p" : "0.04200",
      "s" : "sell",
      "i" : "FWOG_USDT",
      "m" : "4611686018427401183"
    }, {
      "d" : "1756400401583942805",
      "t" : 1756400401583,
      "tn" : 1756400401583942805,
      "q" : "1500",
      "p" : "0.04200",
      "s" : "sell",
      "i" : "FWOG_USDT",
      "m" : "4611686018427401182"
    }, {
      "d" : "1756400401557998571",
      "t" : 1756400401557,
      "tn" : 1756400401557998571,
      "q" : "1500",
      "p" : "0.04200",
      "s" : "sell",
      "i" : "FWOG_USDT",
      "m" : "4611686018427401181"
    }, {
      "d" : "1756400394668733592",
      "t" : 1756400394668,
      "tn" : 1756400394668733592,
      "q" : "1363",
      "p" : "0.04200",
      "s" : "sell",
      "i" : "FWOG_USDT",
      "m" : "4611686018427401180"
    }, {
      "d" : "1756400384627272360",
      "t" : 1756400384627,
      "tn" : 1756400384627272360,
      "q" : "3406",
      "p" : "0.04200",
      "s" : "sell",
      "i" : "FWOG_USDT",
      "m" : "4611686018427401179"
    }, {
      "d" : "1756400371439712322",
      "t" : 1756400371439,
      "tn" : 1756400371439712322,
      "q" : "350",
      "p" : "0.04200",
      "s" : "sell",
      "i" : "FWOG_USDT",
      "m" : "4611686018427401178"
    }, {
      "d" : "1756400371426111265",
      "t" : 1756400371426,
      "tn" : 1756400371426111265,
      "q" : "420",
      "p" : "0.04200",
      "s" : "sell",
      "i" : "FWOG_USDT",
      "m" : "4611686018427401177"
    }, {
      "d" : "1756400371421738094",
      "t" : 1756400371421,
      "tn" : 1756400371421738094,
      "q" : "350",
      "p" : "0.04200",
      "s" : "sell",
      "i" : "FWOG_USDT",
      "m" : "4611686018427401176"
    }, {
      "d" : "1756400364446134860",
      "t" : 1756400364446,
      "tn" : 1756400364446134860,
      "q" : "263",
      "p" : "0.04200",
      "s" : "sell",
      "i" : "FWOG_USDT",
      "m" : "4611686018427401175"
    }, {
      "d" : "1756400357610640913",
      "t" : 1756400357610,
      "tn" : 1756400357610640913,
      "q" : "1249",
      "p" : "0.04200",
      "s" : "sell",
      "i" : "FWOG_USDT",
      "m" : "4611686018427401174"
    }, {
      "d" : "1756400357080240345",
      "t" : 1756400357080,
      "tn" : 1756400357080240345,
      "q" : "10150",
      "p" : "0.04200",
      "s" : "sell",
      "i" : "FWOG_USDT",
      "m" : "4611686018427401173"
    }, {
      "d" : "1756400357049094381",
      "t" : 1756400357049,
      "tn" : 1756400357049094381,
      "q" : "3700",
      "p" : "0.04200",
      "s" : "sell",
      "i" : "FWOG_USDT",
      "m" : "4611686018427401172"
    }, {
      "d" : "1756400357031566292",
      "t" : 1756400357031,
      "tn" : 1756400357031566292,
      "q" : "8373",
      "p" : "0.04200",
      "s" : "sell",
      "i" : "FWOG_USDT",
      "m" : "4611686018427401171"
    }, {
      "d" : "1756400357031563945",
      "t" : 1756400357031,
      "tn" : 1756400357031563945,
      "q" : "2246",
      "p" : "0.04204",
      "s" : "sell",
      "i" : "FWOG_USDT",
      "m" : "4611686018427401170"
    }, {
      "d" : "1756397257221579012",
      "t" : 1756397257221,
      "tn" : 1756397257221579012,
      "q" : "1000",
      "p" : "0.04343",
      "s" : "buy",
      "i" : "FWOG_USDT",
      "m" : "4611686018427401169"
    } ]
  }
}