{
  "id" : -1,
  "method" : "public/get-trades",
  "code" : 0,
  "result" : {
    "data" : [ {
      "d" : "1756458186932192966",
      "t" : 1756458186932,
      "tn" : 1756458186932192966,
      "q" : "1080",
      "p" : "0.04058",
      "s" : "sell",
      "i" : "FWOGUSD-PERP",
      "m" : "4611686018427656806"
    }, {
      "d" : "1756458186932191031",
      "t" : 1756458186932,
      "tn" : 1756458186932191031,
      "q" : "1080",
      "p" : "0.04099",
      "s" : "sell",
      "i" : "FWOGUSD-PERP",
      "m" : "4611686018427656805"
    }, {
      "d" : "1756458186932188656",
      "t" : 1756458186932,
      "tn" : 1756458186932188656,
      "q" : "10",
      "p" : "0.04103",
      "s" : "sell",
      "i" : "FWOGUSD-PERP",
      "m" : "4611686018427656804"
    }, {
      "d" : "1756458158262122194",
      "t" : 1756458158262,
      "tn" : 1756458158262122194,
      "q" : "10",
      "p" : "0.04134",
      "s" : "sell",
      "i" : "FWOGUSD-PERP",
      "m" : "4611686018427656803"
    }, {
      "d" : "1756458157921968381",
      "t" : 1756458157921,
      "tn" : 1756458157921968381,
      "q" : "380",
      "p" : "0.04058",
      "s" : "sell",
      "i" : "FWOGUSD-PERP",
      "m" : "4611686018427656802"
    }, {
      "d" : "1756458157919493961",
      "t" : 1756458157919,
      "tn" : 1756458157919493961,
      "q" : "700",
      "p" : "0.04058",
      "s" : "sell",
      "i" : "FWOGUSD-PERP",
      "m" : "4611686018427656801"
    }, {
      "d" : "1756458157491968870",
      "t" : 1756458157491,
      "tn" : 1756458157491968870,
      "q" : "10",
      "p" : "0.04139",
      "s" : "sell",
      "i" : "FWOGUSD-PERP",
      "m" : "4611686018427656800"
    }, {
      "d" : "1756457704879261615",
      "t" : 1756457704879,
      "tn" : 1756457704879261615,
      "q" : "10",
      "p" : "0.04175",
      "s" : "sell",
      "i" : "FWOGUSD-PERP",
      "m" : "4611686018427656799"
    }, {
      "d" : "1756457670742259474",
      "t" : 1756457670742,
      "tn" : 1756457670742259474,
      "q" : "10",
      "p" : "0.04092",
      "s" : "sell",
      "i" : "FWOGUSD-PERP",
      "m" : "4611686018427656798"
    }, {
      "d" : "1756457670742257563",
      "t" : 1756457670742,
      "tn" : 1756457670742257563,
      "q" : "1080",
      "p" : "0.04099",
      "s" : "sell",
      "i" : "FWOGUSD-PERP",
      "m" : "4611686018427656797"
    }, {
      "d" : "1756457670742255026",
      "t" : 1756457670742,
      "tn" : 1756457670742255026,
      "q" : "10",
      "p" : "0.04117",
      "s" : "sell",
      "i" : "FWOGUSD-PERP",
      "m" : "4611686018427656796"
    }, {
      "d" : "1756457670742252300",
      "t" : 1756457670742,
      "tn" : 1756457670742252300,
      "q" : "10",
      "p" : "0.04140",
      "s" : "sell",
      "i" : "FWOGUSD-PERP",
      "m" : "4611686018427656795"
    }, {
      "d" : "1756457670742249453",
      "t" : 1756457670742,
      "tn" : 1756457670742249453,
      "q" : "10",
      "p" : "0.04163",
      "s" : "sell",
      "i" : "FWOGUSD-PERP",
      "m" : "4611686018427656794"
    }, {
      "d" : "1756453022741879987",
      "t" : 1756453022741,
      "tn" : 1756453022741879987,
      "q" : "10",
      "p" : "0.04175",
      "s" : "sell",
      "i" : "FWOGUSD-PERP",
      "m" : "4611686018427656793"
    }, {
      "d" : "1756453018338464515",
      "t" : 1756453018338,
      "tn" : 1756453018338464515,
      "q" : "10",
      "p" : "0.04179",
      "s" : "sell",
      "i" : "FWOGUSD-PERP",
      "m" : "4611686018427656792"
    }, {
      "d" : "1756453015317370058",
      "t" : 1756453015317,
      "tn" : 1756453015317370058,
      "q" : "10",
      "p" : "0.04183",
      "s" : "sell",
      "i" : "FWOGUSD-PERP",
      "m" : "4611686018427656791"
    }, {
      "d" : "1756452216025543869",
      "t" : 1756452216025,
      "tn" : 1756452216025543869,
      "q" : "960",
      "p" : "0.04140",
      "s" : "sell",
      "i" : "FWOGUSD-PERP",
      "m" : "4611686018427656790"
    }, {
      "d" : "1756452216025541692",
      "t" : 1756452216025,
      "tn" : 1756452216025541692,
      "q" : "10",
      "p" : "0.04174",
      "s" : "sell",
      "i" : "FWOGUSD-PERP",
      "m" : "4611686018427656789"
    }, {
      "d" : "1756451408291092082",
      "t" : 1756451408291,
      "tn" : 1756451408291092082,
      "q" : "10",
      "p" : "0.04189",
      "s" : "sell",
      "i" : "FWOGUSD-PERP",
      "m" : "4611686018427656788"
    }, {
      "d" : "1756451405015483003",
      "t" : 1756451405015,
      "tn" : 1756451405015483003,
      "q" : "10",
      "p" : "0.04193",
      "s" : "sell",
      "i" : "FWOGUSD-PERP",
      "m" : "4611686018427656787"
    }, {
      "d" : "1756451401617913898",
      "t" : 1756451401617,
      "tn" : 1756451401617913898,
      "q" : "10",
      "p" : "0.04197",
      "s" : "sell",
      "i" : "FWOGUSD-PERP",
      "m" : "4611686018427656786"
    }, {
      "d" : "1756451398247599973",
      "t" : 1756451398247,
      "tn" : 1756451398247599973,
      "q" : "10",
      "p" : "0.04202",
      "s" : "sell",
      "i" : "FWOGUSD-PERP",
      "m" : "4611686018427656785"
    }, {
      "d" : "1756451394135463263",
      "t" : 1756451394135,
      "tn" : 1756451394135463263,
      "q" : "110",
      "p" : "0.04140",
      "s" : "sell",
      "i" : "FWOGUSD-PERP",
      "m" : "4611686018427656784"
    }, {
      "d" : "1756451393702085897",
      "t" : 1756451393702,
      "tn" : 1756451393702085897,
      "q" : "10",
      "p" : "0.04206",
      "s" : "sell",
      "i" : "FWOGUSD-PERP",
      "m" : "4611686018427656783"
    }, {
      "d" : "1756451389683226134",
      "t" : 1756451389683,
      "tn" : 1756451389683226134,
      "q" : "10",
      "p" : "0.04210",
      "s" : "sell",
      "i" : "FWOGUSD-PERP",
      "m" : "4611686018427656782"
    }, {
      "d" : "1756451384969069634",
      "t" : 1756451384969,
      "tn" : 1756451384969069634,
      "q" : "10",
      "p" : "0.04213",
      "s" : "sell",
      "i" : "FWOGUSD-PERP",
      "m" : "4611686018427656781"
    }, {
      "d" : "1756451377765753488",
      "t" : 1756451377765,
      "tn" : 1756451377765753488,
      "q" : "10",
      "p" : "0.04194",
      "s" : "sell",
      "i" : "FWOGUSD-PERP",
      "m" : "4611686018427656780"
    }, {
      "d" : "1756451257256079419",
      "t" : 1756451257256,
      "tn" : 1756451257256079419,
      "q" : "10",
      "p" : "0.04187",
      "s" : "buy",
      "i" : "FWOGUSD-PERP",
      "m" : "4611686018427656779"
    }, {
      "d" : "1756451246959167377",
      "t" : 1756451246959,
      "tn" : 1756451246959167377,
      "q" : "230",
      "p" : "0.04182",
      "s" : "sell",
      "i" : "FWOGUSD-PERP",
      "m" : "4611686018427656778"
    }, {
      "d" : "1756451246876233973",
      "t" : 1756451246876,
      "tn" : 1756451246876233973,
      "q" : "680",
      "p" : "0.04182",
      "s" : "sell",
      "i" : "FWOGUSD-PERP",
      "m" : "4611686018427656777"
    }, {
      "d" : "1756451246876232306",
      "t" : 1756451246876,
      "tn" : 1756451246876232306,
      "q" : "10",
      "p" : "0.04186",
      "s" : "sell",
      "i" : "FWOGUSD-PERP",
      "m" : "4611686018427656776"
    }, {
      "d" : "1756451246340923898",
      "t" : 1756451246340,
      "tn" : 1756451246340923898,
      "q" : "10",
      "p" : "0.04244",
      "s" : "sell",
      "i" : "FWOGUSD-PERP",
      "m" : "4611686018427656775"
    }, {
      "d" : "1756450824231263911",
      "t" : 1756450824231,
      "tn" : 1756450824231263911,
      "q" : "10",
      "p" : "0.04263",
      "s" : "sell",
      "i" : "FWOGUSD-PERP",
      "m" : "4611686018427656774"
    }, {
      "d" : "1756450427041178582",
      "t" : 1756450427041,
      "tn" : 1756450427041178582,
      "q" : "130",
      "p" : "0.04223",
      "s" : "sell",
      "i" : "FWOGUSD-PERP",
      "m" : "4611686018427656773"
    }, {
      "d" : "1756450427041175637",
      "t" : 1756450427041,
      "tn" : 1756450427041175637,
      "q" : "10",
      "p" : "0.04275",
      "s" : "sell",
      "i" : "FWOGUSD-PERP",
      "m" : "4611686018427656772"
    }, {
      "d" : "1756449729191313073",
      "t" : 1756449729191,
      "tn" : 1756449729191313073,
      "q" : "10",
      "p" : "0.04303",
      "s" : "sell",
      "i" : "FWOGUSD-PERP",
      "m" : "4611686018427656771"
    }, {
      "d" : "1756449696331343230",
      "t" : 1756449696331,
      "tn" : 1756449696331343230,
      "q" : "10",
      "p" : "0.04304",
      "s" : "sell",
      "i" : "FWOGUSD-PERP",
      "m" : "4611686018427656770"
    }, {
      "d" : "1756449672841306345",
      "t" : 1756449672841,
      "tn" : 1756449672841306345,
      "q" : "10",
      "p" : "0.04304",
      "s" : "sell",
      "i" : "FWOGUSD-PERP",
      "m" : "4611686018427656769"
    }, {
      "d" : "1756449013042753595",
      "t" : 1756449013042,
      "tn" : 1756449013042753595,
      "q" : "120",
      "p" : "0.04223",
      "s" : "sell",
      "i" : "FWOGUSD-PERP",
      "m" : "4611686018427656768"
    }, {
      "d" : "1756449013042751696",
      "t" : 1756449013042,
      "tn" : 1756449013042751696,
      "q" : "10",
      "p" : "0.04228",
      "s" : "sell",
      "i" : "FWOGUSD-PERP",
      "m" : "4611686018427656767"
    }, {
      "d" : "1756449013042749890",
      "t" : 1756449013042,
      "tn" : 1756449013042749890,
      "q" : "10",
      "p" : "0.04230",
      "s" : "sell",
      "i" : "FWOGUSD-PERP",
      "m" : "4611686018427656766"
    }, {
      "d" : "1756449013042746942",
      "t" : 1756449013042,
      "tn" : 1756449013042746942,
      "q" : "10",
      "p" : "0.04264",
      "s" : "sell",
      "i" : "FWOGUSD-PERP",
      "m" : "4611686018427656765"
    }, {
      "d" : "1756449012830524352",
      "t" : 1756449012830,
      "tn" : 1756449012830524352,
      "q" : "10",
      "p" : "0.04319",
      "s" : "sell",
      "i" : "FWOGUSD-PERP",
      "m" : "4611686018427656764"
    }, {
      "d" : "1756448975474035659",
      "t" : 1756448975474,
      "tn" : 1756448975474035659,
      "q" : "10",
      "p" : "0.04272",
      "s" : "buy",
      "i" : "FWOGUSD-PERP",
      "m" : "4611686018427656763"
    }, {
      "d" : "1756448975474033370",
      "t" : 1756448975474,
      "tn" : 1756448975474033370,
      "q" : "10",
      "p" : "0.04268",
      "s" : "buy",
      "i" : "FWOGUSD-PERP",
      "m" : "4611686018427656762"
    }, {
      "d" : "1756448975131233521",
      "t" : 1756448975131,
      "tn" : 1756448975131233521,
      "q" : "10",
      "p" : "0.04338",
      "s" : "sell",
      "i" : "FWOGUSD-PERP",
      "m" : "4611686018427656761"
    }, {
      "d" : "1756448853264648034",
      "t" : 1756448853264,
      "tn" : 1756448853264648034,
      "q" : "950",
      "p" : "0.04264",
      "s" : "sell",
      "i" : "FWOGUSD-PERP",
      "m" : "4611686018427656760"
    }, {
      "d" : "1756448853264646141",
      "t" : 1756448853264,
      "tn" : 1756448853264646141,
      "q" : "10",
      "p" : "0.04297",
      "s" : "sell",
      "i" : "FWOGUSD-PERP",
      "m" : "4611686018427656759"
    }, {
      "d" : "1756448139701411821",
      "t" : 1756448139701,
      "tn" : 1756448139701411821,
      "q" : "10",
      "p" : "0.04346",
      "s" : "sell",
      "i" : "FWOGUSD-PERP",
      "m" : "4611686018427656758"
    }, {
      "d" : "1756447699641299594",
      "t" : 1756447699641,
      "tn" : 1756447699641299594,
      "q" : "10",
      "p" : "0.04346",
      "s" : "sell",
      "i" : "FWOGUSD-PERP",
      "m" : "4611686018427656757"
    }, {
      "d" : "1756447679391240011",
      "t" : 1756447679391,
      "tn" : 1756447679391240011,
      "q" : "10",
      "p" : "0.04346",
      "s" : "sell",
      "i" : "FWOGUSD-PERP",
      "m" : "4611686018427656756"
    }, {
      "d" : "1756447651541309290",
      "t" : 1756447651541,
      "tn" : 1756447651541309290,
      "q" : "10",
      "p" : "0.04346",
      "s" : "sell",
      "i" : "FWOGUSD-PERP",
      "m" : "4611686018427656755"
    }, {
      "d" : "1756447640121332148",
      "t" : 1756447640121,
      "tn" : 1756447640121332148,
      "q" : "10",
      "p" : "0.04346",
      "s" : "sell",
      "i" : "FWOGUSD-PERP",
      "m" : "4611686018427656754"
    }, {
      "d" : "1756447615341311960",
      "t" : 1756447615341,
      "tn" : 1756447615341311960,
      "q" : "10",
      "p" : "0.04346",
      "s" : "sell",
      "i" : "FWOGUSD-PERP",
      "m" : "4611686018427656753"
    }, {
      "d" : "1756445829531319030",
      "t" : 1756445829531,
      "tn" : 1756445829531319030,
      "q" : "10",
      "p" : "0.04346",
      "s" : "sell",
      "i" : "FWOGUSD-PERP",
      "m" : "4611686018427656752"
    }, {
      "d" : "1756445811601362799",
      "t" : 1756445811601,
      "tn" : 1756445811601362799,
      "q" : "10",
      "p" : "0.04346",
      "s" : "sell",
      "i" : "FWOGUSD-PERP",
      "m" : "4611686018427656751"
    }, {
      "d" : "1756445811251308404",
      "t" : 1756445811251,
      "tn" : 1756445811251308404,
      "q" : "10",
      "p" : "0.04300",
      "s" : "buy",
      "i" : "FWOGUSD-PERP",
      "m" : "4611686018427656750"
    }, {
      "d" : "1756445811251306341",
      "t" : 1756445811251,
      "tn" : 1756445811251306341,
      "q" : "10",
      "p" : "0.04296",
      "s" : "buy",
      "i" : "FWOGUSD-PERP",
      "m" : "4611686018427656749"
    }, {
      "d" : "1756445810832781512",
      "t" : 1756445810832,
      "tn" : 1756445810832781512,
      "q" : "120",
      "p" : "0.04264",
      "s" : "sell",
      "i" : "FWOGUSD-PERP",
      "m" : "4611686018427656748"
    }, {
      "d" : "1756445810832779356",
      "t" : 1756445810832,
      "tn" : 1756445810832779356,
      "q" : "10",
      "p" : "0.04265",
      "s" : "sell",
      "i" : "FWOGUSD-PERP",
      "m" : "4611686018427656747"
    }, {
      "d" : "1756445810191369259",
      "t" : 1756445810191,
      "tn" : 1756445810191369259,
      "q" : "10",
      "p" : "0.04346",
      "s" : "sell",
      "i" : "FWOGUSD-PERP",
      "m" : "4611686018427656746"
    }, {
      "d" : "1756445773121275037",
      "t" : 1756445773121,
      "tn" : 1756445773121275037,
      "q" : "10",
      "p" : "0.04346",
      "s" : "sell",
      "i" : "FWOGUSD-PERP",
      "m" : "4611686018427656745"
    }, {
      "d" : "1756439782401527127",
      "t" : 1756439782401,
      "tn" : 1756439782401527127,
      "q" : "10",
      "p" : "0.04344",
      "s" : "sell",
      "i" : "FWOGUSD-PERP",
      "m" : "4611686018427656744"
    }, {
      "d" : "1756439766122852813",
      "t" : 1756439766122,
      "tn" : 1756439766122852813,
      "q" : "10",
      "p" : "0.04346",
      "s" : "sell",
      "i" : "FWOGUSD-PERP",
      "m" : "4611686018427656743"
    }, {
      "d" : "1756439764057781250",
      "t" : 1756439764057,
      "tn" : 1756439764057781250,
      "q" : "10",
      "p" : "0.04346",
      "s" : "sell",
      "i" : "FWOGUSD-PERP",
      "m" : "4611686018427656742"
    }, {
      "d" : "1756439758719555438",
      "t" : 1756439758719,
      "tn" : 1756439758719555438,
      "q" : "10",
      "p" : "0.04346",
      "s" : "sell",
      "i" : "FWOGUSD-PERP",
      "m" : "4611686018427656741"
    }, {
      "d" : "1756439754790458859",
      "t" : 1756439754790,
      "tn" : 1756439754790458859,
      "q" : "10",
      "p" : "0.04346",
      "s" : "sell",
      "i" : "FWOGUSD-PERP",
      "m" : "4611686018427656740"
    }, {
      "d" : "1756439751799911442",
      "t" : 1756439751799,
      "tn" : 1756439751799911442,
      "q" : "10",
      "p" : "0.04346",
      "s" : "sell",
      "i" : "FWOGUSD-PERP",
      "m" : "4611686018427656739"
    }, {
      "d" : "1756432712199348027",
      "t" : 1756432712199,
      "tn" : 1756432712199348027,
      "q" : "10",
      "p" : "0.04303",
      "s" : "buy",
      "i" : "FWOGUSD-PERP",
      "m" : "4611686018427656738"
    }, {
      "d" : "1756432711211389739",
      "t" : 1756432711211,
      "tn" : 1756432711211389739,
      "q" : "10",
      "p" : "0.04346",
      "s" : "sell",
      "i" : "FWOGUSD-PERP",
      "m" : "4611686018427656737"
    }, {
      "d" : "1756432700891316532",
      "t" : 1756432700891,
      "tn" : 1756432700891316531,
      "q" : "10",
      "p" : "0.04344",
      "s" : "sell",
      "i" : "FWOGUSD-PERP",
      "m" : "4611686018427656736"
    }, {
      "d" : "1756432700891316531",
      "t" : 1756432700891,
      "tn" : 1756432700891316531,
      "q" : "10",
      "p" : "0.04344",
      "s" : "sell",
      "i" : "FWOGUSD-PERP",
      "m" : "4611686018427656736"
    }, {
      "d" : "1756424463660119780",
      "t" : 1756424463660,
      "tn" : 1756424463660119780,
      "q" : "10",
      "p" : "0.04326",
      "s" : "buy",
      "i" : "FWOGUSD-PERP",
      "m" : "4611686018427656735"
    }, {
      "d" : "1756424463660117456",
      "t" : 1756424463660,
      "tn" : 1756424463660117456,
      "q" : "10",
      "p" : "0.04321",
      "s" : "buy",
      "i" : "FWOGUSD-PERP",
      "m" : "4611686018427656734"
    }, {
      "d" : "1756424463660114799",
      "t" : 1756424463660,
      "tn" : 1756424463660114799,
      "q" : "2150",
      "p" : "0.04305",
      "s" : "buy",
      "i" : "FWOGUSD-PERP",
      "m" : "4611686018427656733"
    }, {
      "d" : "1756424438226108716",
      "t" : 1756424438226,
      "tn" : 1756424438226108716,
      "q" : "7970",
      "p" : "0.04237",
      "s" : "sell",
      "i" : "FWOGUSD-PERP",
      "m" : "4611686018427656732"
    }, {
      "d" : "1756424438226106870",
      "t" : 1756424438226,
      "tn" : 1756424438226106870,
      "q" : "10",
      "p" : "0.04282",
      "s" : "sell",
      "i" : "FWOGUSD-PERP",
      "m" : "4611686018427656731"
    }, {
      "d" : "1756424438226104465",
      "t" : 1756424438226,
      "tn" : 1756424438226104464,
      "q" : "10",
      "p" : "0.04304",
      "s" : "sell",
      "i" : "FWOGUSD-PERP",
      "m" : "4611686018427656730"
    }, {
      "d" : "1756424438226104464",
      "t" : 1756424438226,
      "tn" : 1756424438226104464,
      "q" : "10",
      "p" : "0.04304",
      "s" : "sell",
      "i" : "FWOGUSD-PERP",
      "m" : "4611686018427656730"
    }, {
      "d" : "1756415852363141298",
      "t" : 1756415852363,
      "tn" : 1756415852363141298,
      "q" : "40",
      "p" : "0.04223",
      "s" : "sell",
      "i" : "FWOGUSD-PERP",
      "m" : "4611686018427656729"
    }, {
      "d" : "1756415852363139620",
      "t" : 1756415852363,
      "tn" : 1756415852363139620,
      "q" : "10",
      "p" : "0.04304",
      "s" : "sell",
      "i" : "FWOGUSD-PERP",
      "m" : "4611686018427656728"
    }, {
      "d" : "1756415840835421198",
      "t" : 1756415840835,
      "tn" : 1756415840835421198,
      "q" : "120",
      "p" : "0.04223",
      "s" : "sell",
      "i" : "FWOGUSD-PERP",
      "m" : "4611686018427656727"
    }, {
      "d" : "1756415840835418349",
      "t" : 1756415840835,
      "tn" : 1756415840835418349,
      "q" : "10",
      "p" : "0.04262",
      "s" : "sell",
      "i" : "FWOGUSD-PERP",
      "m" : "4611686018427656726"
    }, {
      "d" : "1756415840835416264",
      "t" : 1756415840835,
      "tn" : 1756415840835416264,
      "q" : "10",
      "p" : "0.04264",
      "s" : "sell",
      "i" : "FWOGUSD-PERP",
      "m" : "4611686018427656725"
    }, {
      "d" : "1756415840439472009",
      "t" : 1756415840439,
      "tn" : 1756415840439472009,
      "q" : "20",
      "p" : "0.04223",
      "s" : "sell",
      "i" : "FWOGUSD-PERP",
      "m" : "4611686018427656724"
    }, {
      "d" : "1756415840439470306",
      "t" : 1756415840439,
      "tn" : 1756415840439470306,
      "q" : "10",
      "p" : "0.04262",
      "s" : "sell",
      "i" : "FWOGUSD-PERP",
      "m" : "4611686018427656723"
    }, {
      "d" : "1756415840439467728",
      "t" : 1756415840439,
      "tn" : 1756415840439467728,
      "q" : "10",
      "p" : "0.04264",
      "s" : "sell",
      "i" : "FWOGUSD-PERP",
      "m" : "4611686018427656722"
    }, {
      "d" : "1756415840439464823",
      "t" : 1756415840439,
      "tn" : 1756415840439464823,
      "q" : "10",
      "p" : "0.04279",
      "s" : "sell",
      "i" : "FWOGUSD-PERP",
      "m" : "4611686018427656721"
    }, {
      "d" : "1756415831548623772",
      "t" : 1756415831548,
      "tn" : 1756415831548623772,
      "q" : "20",
      "p" : "0.04223",
      "s" : "sell",
      "i" : "FWOGUSD-PERP",
      "m" : "4611686018427656720"
    }, {
      "d" : "1756415831548622284",
      "t" : 1756415831548,
      "tn" : 1756415831548622284,
      "q" : "10",
      "p" : "0.04226",
      "s" : "sell",
      "i" : "FWOGUSD-PERP",
      "m" : "4611686018427656719"
    }, {
      "d" : "1756415831548619741",
      "t" : 1756415831548,
      "tn" : 1756415831548619741,
      "q" : "10",
      "p" : "0.04228",
      "s" : "sell",
      "i" : "FWOGUSD-PERP",
      "m" : "4611686018427656718"
    }, {
      "d" : "1756415831548617377",
      "t" : 1756415831548,
      "tn" : 1756415831548617377,
      "q" : "10",
      "p" : "0.04304",
      "s" : "sell",
      "i" : "FWOGUSD-PERP",
      "m" : "4611686018427656717"
    }, {
      "d" : "1756411042271351574",
      "t" : 1756411042271,
      "tn" : 1756411042271351574,
      "q" : "10",
      "p" : "0.04298",
      "s" : "sell",
      "i" : "FWOGUSD-PERP",
      "m" : "4611686018427656716"
    }, {
      "d" : "1756411034771317184",
      "t" : 1756411034771,
      "tn" : 1756411034771317184,
      "q" : "10",
      "p" : "0.04304",
      "s" : "sell",
      "i" : "FWOGUSD-PERP",
      "m" : "4611686018427656715"
    }, {
      "d" : "1756411003901362907",
      "t" : 1756411003901,
      "tn" : 1756411003901362907,
      "q" : "10",
      "p" : "0.04304",
      "s" : "sell",
      "i" : "FWOGUSD-PERP",
      "m" : "4611686018427656714"
    }, {
      "d" : "1756407728485204177",
      "t" : 1756407728485,
      "tn" : 1756407728485204177,
      "q" : "10",
      "p" : "0.04300",
      "s" : "sell",
      "i" : "FWOGUSD-PERP",
      "m" : "4611686018427656713"
    }, {
      "d" : "1756407718078419036",
      "t" : 1756407718078,
      "tn" : 1756407718078419036,
      "q" : "10",
      "p" : "0.04300",
      "s" : "sell",
      "i" : "FWOGUSD-PERP",
      "m" : "4611686018427656712"
    }, {
      "d" : "1756407712552940318",
      "t" : 1756407712552,
      "tn" : 1756407712552940318,
      "q" : "10",
      "p" : "0.04304",
      "s" : "sell",
      "i" : "FWOGUSD-PERP",
      "m" : "4611686018427656711"
    }, {
      "d" : "1756406420007322861",
      "t" : 1756406420007,
      "tn" : 1756406420007322861,
      "q" : "630",
      "p" : "0.04223",
      "s" : "sell",
      "i" : "FWOGUSD-PERP",
      "m" : "4611686018427656710"
    }, {
      "d" : "1756406420007320934",
      "t" : 1756406420007,
      "tn" : 1756406420007320934,
      "q" : "10",
      "p" : "0.04304",
      "s" : "sell",
      "i" : "FWOGUSD-PERP",
      "m" : "4611686018427656709"
    }, {
      "d" : "1756406147775395150",
      "t" : 1756406147775,
      "tn" : 1756406147775395150,
      "q" : "640",
      "p" : "0.04264",
      "s" : "buy",
      "i" : "FWOGUSD-PERP",
      "m" : "4611686018427656708"
    }, {
      "d" : "1756405714403085861",
      "t" : 1756405714403,
      "tn" : 1756405714403085861,
      "q" : "190",
      "p" : "0.04264",
      "s" : "buy",
      "i" : "FWOGUSD-PERP",
      "m" : "4611686018427656707"
    }, {
      "d" : "1756405713098432757",
      "t" : 1756405713098,
      "tn" : 1756405713098432757,
      "q" : "680",
      "p" : "0.04264",
      "s" : "buy",
      "i" : "FWOGUSD-PERP",
      "m" : "4611686018427656706"
    }, {
      "d" : "1756405202392047846",
      "t" : 1756405202392,
      "tn" : 1756405202392047846,
      "q" : "640",
      "p" : "0.04264",
      "s" : "buy",
      "i" : "FWOGUSD-PERP",
      "m" : "4611686018427656705"
    }, {
      "d" : "1756402257651868270",
      "t" : 1756402257651,
      "tn" : 1756402257651868270,
      "q" : "10",
      "p" : "0.04214",
      "s" : "buy",
      "i" : "FWOGUSD-PERP",
      "m" : "4611686018427656704"
    }, {
      "d" : "1756402257651866506",
      "t" : 1756402257651,
      "tn" : 1756402257651866506,
      "q" : "10",
      "p" : "0.04209",
      "s" : "buy",
      "i" : "FWOGUSD-PERP",
      "m" : "4611686018427656703"
    }, {
      "d" : "1756402250334267629",
      "t" : 1756402250334,
      "tn" : 1756402250334267629,
      "q" : "10",
      "p" : "0.04209",
      "s" : "buy",
      "i" : "FWOGUSD-PERP",
      "m" : "4611686018427656702"
    }, {
      "d" : "1756402250061282664",
      "t" : 1756402250061,
      "tn" : 1756402250061282664,
      "q" : "10",
      "p" : "0.04261",
      "s" : "sell",
      "i" : "FWOGUSD-PERP",
      "m" : "4611686018427656701"
    }, {
      "d" : "1756401938702015637",
      "t" : 1756401938702,
      "tn" : 1756401938702015637,
      "q" : "10",
      "p" : "0.04214",
      "s" : "buy",
      "i" : "FWOGUSD-PERP",
      "m" : "4611686018427656700"
    }, {
      "d" : "1756401938702013344",
      "t" : 1756401938702,
      "tn" : 1756401938702013344,
      "q" : "10",
      "p" : "0.04209",
      "s" : "buy",
      "i" : "FWOGUSD-PERP",
      "m" : "4611686018427656699"
    }, {
      "d" : "1756401938346965667",
      "t" : 1756401938346,
      "tn" : 1756401938346965667,
      "q" : "160",
      "p" : "0.04182",
      "s" : "sell",
      "i" : "FWOGUSD-PERP",
      "m" : "4611686018427656698"
    }, {
      "d" : "1756401937911376133",
      "t" : 1756401937911,
      "tn" : 1756401937911376133,
      "q" : "10",
      "p" : "0.04257",
      "s" : "sell",
      "i" : "FWOGUSD-PERP",
      "m" : "4611686018427656697"
    }, {
      "d" : "1756401919411685106",
      "t" : 1756401919411,
      "tn" : 1756401919411685106,
      "q" : "10",
      "p" : "0.04258",
      "s" : "sell",
      "i" : "FWOGUSD-PERP",
      "m" : "4611686018427656696"
    }, {
      "d" : "1756401885081302538",
      "t" : 1756401885081,
      "tn" : 1756401885081302538,
      "q" : "10",
      "p" : "0.04256",
      "s" : "sell",
      "i" : "FWOGUSD-PERP",
      "m" : "4611686018427656695"
    }, {
      "d" : "1756401826921315345",
      "t" : 1756401826921,
      "tn" : 1756401826921315345,
      "q" : "10",
      "p" : "0.04257",
      "s" : "sell",
      "i" : "FWOGUSD-PERP",
      "m" : "4611686018427656694"
    }, {
      "d" : "1756401771261156654",
      "t" : 1756401771261,
      "tn" : 1756401771261156654,
      "q" : "10",
      "p" : "0.04216",
      "s" : "buy",
      "i" : "FWOGUSD-PERP",
      "m" : "4611686018427656693"
    }, {
      "d" : "1756401771261154677",
      "t" : 1756401771261,
      "tn" : 1756401771261154677,
      "q" : "10",
      "p" : "0.04211",
      "s" : "buy",
      "i" : "FWOGUSD-PERP",
      "m" : "4611686018427656692"
    }, {
      "d" : "1756401769211354100",
      "t" : 1756401769211,
      "tn" : 1756401769211354100,
      "q" : "10",
      "p" : "0.04260",
      "s" : "sell",
      "i" : "FWOGUSD-PERP",
      "m" : "4611686018427656691"
    }, {
      "d" : "1756401669864999672",
      "t" : 1756401669864,
      "tn" : 1756401669864999672,
      "q" : "10",
      "p" : "0.04218",
      "s" : "buy",
      "i" : "FWOGUSD-PERP",
      "m" : "4611686018427656690"
    }, {
      "d" : "1756401669864997224",
      "t" : 1756401669864,
      "tn" : 1756401669864997224,
      "q" : "10",
      "p" : "0.04213",
      "s" : "buy",
      "i" : "FWOGUSD-PERP",
      "m" : "4611686018427656689"
    }, {
      "d" : "1756401642731282515",
      "t" : 1756401642731,
      "tn" : 1756401642731282515,
      "q" : "10",
      "p" : "0.04260",
      "s" : "sell",
      "i" : "FWOGUSD-PERP",
      "m" : "4611686018427656688"
    }, {
      "d" : "1756400359063087630",
      "t" : 1756400359063,
      "tn" : 1756400359063087630,
      "q" : "230",
      "p" : "0.04223",
      "s" : "sell",
      "i" : "FWOGUSD-PERP",
      "m" : "4611686018427656687"
    }, {
      "d" : "1756400358991665988",
      "t" : 1756400358991,
      "tn" : 1756400358991665988,
      "q" : "640",
      "p" : "0.04223",
      "s" : "sell",
      "i" : "FWOGUSD-PERP",
      "m" : "4611686018427656686"
    }, {
      "d" : "1756400358991664404",
      "t" : 1756400358991,
      "tn" : 1756400358991664404,
      "q" : "10",
      "p" : "0.04237",
      "s" : "sell",
      "i" : "FWOGUSD-PERP",
      "m" : "4611686018427656685"
    }, {
      "d" : "1756400237757543226",
      "t" : 1756400237757,
      "tn" : 1756400237757543226,
      "q" : "10",
      "p" : "0.04256",
      "s" : "sell",
      "i" : "FWOGUSD-PERP",
      "m" : "4611686018427656684"
    }, {
      "d" : "1756400213906096061",
      "t" : 1756400213906,
      "tn" : 1756400213906096061,
      "q" : "10",
      "p" : "0.04257",
      "s" : "sell",
      "i" : "FWOGUSD-PERP",
      "m" : "4611686018427656683"
    }, {
      "d" : "1756400209616063944",
      "t" : 1756400209616,
      "tn" : 1756400209616063944,
      "q" : "10",
      "p" : "0.04261",
      "s" : "sell",
      "i" : "FWOGUSD-PERP",
      "m" : "4611686018427656682"
    }, {
      "d" : "1756400203336835206",
      "t" : 1756400203336,
      "tn" : 1756400203336835206,
      "q" : "10",
      "p" : "0.04265",
      "s" : "sell",
      "i" : "FWOGUSD-PERP",
      "m" : "4611686018427656681"
    }, {
      "d" : "1756400172798640967",
      "t" : 1756400172798,
      "tn" : 1756400172798640967,
      "q" : "10",
      "p" : "0.04275",
      "s" : "sell",
      "i" : "FWOGUSD-PERP",
      "m" : "4611686018427656680"
    }, {
      "d" : "1756400039957117127",
      "t" : 1756400039957,
      "tn" : 1756400039957117127,
      "q" : "210",
      "p" : "0.04223",
      "s" : "sell",
      "i" : "FWOGUSD-PERP",
      "m" : "4611686018427656679"
    }, {
      "d" : "1756400039551584238",
      "t" : 1756400039551,
      "tn" : 1756400039551584238,
      "q" : "60",
      "p" : "0.04278",
      "s" : "buy",
      "i" : "FWOGUSD-PERP",
      "m" : "4611686018427656678"
    }, {
      "d" : "1756400039551582813",
      "t" : 1756400039551,
      "tn" : 1756400039551582813,
      "q" : "10",
      "p" : "0.04262",
      "s" : "buy",
      "i" : "FWOGUSD-PERP",
      "m" : "4611686018427656677"
    }, {
      "d" : "1756400039551580238",
      "t" : 1756400039551,
      "tn" : 1756400039551580238,
      "q" : "10",
      "p" : "0.04257",
      "s" : "buy",
      "i" : "FWOGUSD-PERP",
      "m" : "4611686018427656676"
    }, {
      "d" : "1756399993434343313",
      "t" : 1756399993434,
      "tn" : 1756399993434343313,
      "q" : "10",
      "p" : "0.04303",
      "s" : "sell",
      "i" : "FWOGUSD-PERP",
      "m" : "4611686018427656675"
    }, {
      "d" : "1756397426595254205",
      "t" : 1756397426595,
      "tn" : 1756397426595254205,
      "q" : "10",
      "p" : "0.04255",
      "s" : "buy",
      "i" : "FWOGUSD-PERP",
      "m" : "4611686018427656674"
    }, {
      "d" : "1756397426595251027",
      "t" : 1756397426595,
      "tn" : 1756397426595251027,
      "q" : "10",
      "p" : "0.04254",
      "s" : "buy",
      "i" : "FWOGUSD-PERP",
      "m" : "4611686018427656673"
    }, {
      "d" : "1756397383714351500",
      "t" : 1756397383714,
      "tn" : 1756397383714351500,
      "q" : "10",
      "p" : "0.04292",
      "s" : "sell",
      "i" : "FWOGUSD-PERP",
      "m" : "4611686018427656672"
    }, {
      "d" : "1756397225529709709",
      "t" : 1756397225529,
      "tn" : 1756397225529709708,
      "q" : "10",
      "p" : "0.04264",
      "s" : "sell",
      "i" : "FWOGUSD-PERP",
      "m" : "4611686018427656671"
    }, {
      "d" : "1756397225529709708",
      "t" : 1756397225529,
      "tn" : 1756397225529709708,
      "q" : "630",
      "p" : "0.04264",
      "s" : "sell",
      "i" : "FWOGUSD-PERP",
      "m" : "4611686018427656671"
    }, {
      "d" : "1756397224624361670",
      "t" : 1756397224624,
      "tn" : 1756397224624361670,
      "q" : "10",
      "p" : "0.04301",
      "s" : "sell",
      "i" : "FWOGUSD-PERP",
      "m" : "4611686018427656670"
    }, {
      "d" : "1756394621926864317",
      "t" : 1756394621926,
      "tn" : 1756394621926864317,
      "q" : "10",
      "p" : "0.04289",
      "s" : "sell",
      "i" : "FWOGUSD-PERP",
      "m" : "4611686018427656669"
    }, {
      "d" : "1756394616949767678",
      "t" : 1756394616949,
      "tn" : 1756394616949767678,
      "q" : "10",
      "p" : "0.04293",
      "s" : "sell",
      "i" : "FWOGUSD-PERP",
      "m" : "4611686018427656668"
    }, {
      "d" : "1756394612227010840",
      "t" : 1756394612227,
      "tn" : 1756394612227010840,
      "q" : "10",
      "p" : "0.04299",
      "s" : "sell",
      "i" : "FWOGUSD-PERP",
      "m" : "4611686018427656667"
    }, {
      "d" : "1756394594111507311",
      "t" : 1756394594111,
      "tn" : 1756394594111507311,
      "q" : "10",
      "p" : "0.04303",
      "s" : "sell",
      "i" : "FWOGUSD-PERP",
      "m" : "4611686018427656666"
    }, {
      "d" : "1756394572735194997",
      "t" : 1756394572735,
      "tn" : 1756394572735194997,
      "q" : "10",
      "p" : "0.04303",
      "s" : "sell",
      "i" : "FWOGUSD-PERP",
      "m" : "4611686018427656665"
    }, {
      "d" : "1756394565902072327",
      "t" : 1756394565902,
      "tn" : 1756394565902072327,
      "q" : "10",
      "p" : "0.04309",
      "s" : "sell",
      "i" : "FWOGUSD-PERP",
      "m" : "4611686018427656664"
    }, {
      "d" : "1756394559235125035",
      "t" : 1756394559235,
      "tn" : 1756394559235125035,
      "q" : "10",
      "p" : "0.04314",
      "s" : "sell",
      "i" : "FWOGUSD-PERP",
      "m" : "4611686018427656663"
    }, {
      "d" : "1756394551457263139",
      "t" : 1756394551457,
      "tn" : 1756394551457263139,
      "q" : "10",
      "p" : "0.04340",
      "s" : "sell",
      "i" : "FWOGUSD-PERP",
      "m" : "4611686018427656662"
    }, {
      "d" : "1756392766961625982",
      "t" : 1756392766961,
      "tn" : 1756392766961625982,
      "q" : "10",
      "p" : "0.04325",
      "s" : "buy",
      "i" : "FWOGUSD-PERP",
      "m" : "4611686018427656661"
    }, {
      "d" : "1756392766961623613",
      "t" : 1756392766961,
      "tn" : 1756392766961623613,
      "q" : "10",
      "p" : "0.04321",
      "s" : "buy",
      "i" : "FWOGUSD-PERP",
      "m" : "4611686018427656660"
    } ]
  }
}