{
  "id" : -1,
  "method" : "public/get-trades",
  "code" : 0,
  "result" : {
    "data" : [ {
      "d" : "1756457858527880986",
      "t" : 1756457858527,
      "tn" : 1756457858527880986,
      "q" : "109.18",
      "p" : "2.5174",
      "s" : "buy",
      "i" : "FXS_USD",
      "m" : "4611686018430324182"
    }, {
      "d" : "1756457858518445834",
      "t" : 1756457858518,
      "tn" : 1756457858518445834,
      "q" : "39.04",
      "p" : "2.5174",
      "s" : "sell",
      "i" : "FXS_USD",
      "m" : "4611686018430324181"
    }, {
      "d" : "1756457834174738314",
      "t" : 1756457834174,
      "tn" : 1756457834174738313,
      "q" : "35.09",
      "p" : "2.5268",
      "s" : "sell",
      "i" : "FXS_USD",
      "m" : "4611686018430324180"
    }, {
      "d" : "1756457834174738313",
      "t" : 1756457834174,
      "tn" : 1756457834174738313,
      "q" : "15.22",
      "p" : "2.5268",
      "s" : "sell",
      "i" : "FXS_USD",
      "m" : "4611686018430324180"
    }, {
      "d" : "1756457724725896189",
      "t" : 1756457724725,
      "tn" : 1756457724725896189,
      "q" : "21.12",
      "p" : "2.5268",
      "s" : "sell",
      "i" : "FXS_USD",
      "m" : "4611686018430324179"
    }, {
      "d" : "1756455751154191670",
      "t" : 1756455751154,
      "tn" : 1756455751154191670,
      "q" : "37.63",
      "p" : "2.5528",
      "s" : "sell",
      "i" : "FXS_USD",
      "m" : "4611686018430324178"
    }, {
      "d" : "1756453797193167480",
      "t" : 1756453797193,
      "tn" : 1756453797193167480,
      "q" : "17.63",
      "p" : "2.5741",
      "s" : "buy",
      "i" : "FXS_USD",
      "m" : "4611686018430324177"
    }, {
      "d" : "1756451660340743487",
      "t" : 1756451660340,
      "tn" : 1756451660340743487,
      "q" : "36.74",
      "p" : "2.5789",
      "s" : "sell",
      "i" : "FXS_USD",
      "m" : "4611686018430324176"
    }, {
      "d" : "1756451444560960942",
      "t" : 1756451444560,
      "tn" : 1756451444560960942,
      "q" : "756.72",
      "p" : "2.6008",
      "s" : "buy",
      "i" : "FXS_USD",
      "m" : "4611686018430324175"
    }, {
      "d" : "1756451444560957729",
      "t" : 1756451444560,
      "tn" : 1756451444560957729,
      "q" : "11.89",
      "p" : "2.6006",
      "s" : "buy",
      "i" : "FXS_USD",
      "m" : "4611686018430324174"
    }, {
      "d" : "1756450830902207178",
      "t" : 1756450830902,
      "tn" : 1756450830902207178,
      "q" : "142.48",
      "p" : "2.6039",
      "s" : "sell",
      "i" : "FXS_USD",
      "m" : "4611686018430324173"
    }, {
      "d" : "1756450830902204205",
      "t" : 1756450830902,
      "tn" : 1756450830902204205,
      "q" : "26.38",
      "p" : "2.6040",
      "s" : "sell",
      "i" : "FXS_USD",
      "m" : "4611686018430324172"
    }, {
      "d" : "1756450818961998191",
      "t" : 1756450818961,
      "tn" : 1756450818961998191,
      "q" : "320.00",
      "p" : "2.6120",
      "s" : "sell",
      "i" : "FXS_USD",
      "m" : "4611686018430324171"
    }, {
      "d" : "1756450818960632494",
      "t" : 1756450818960,
      "tn" : 1756450818960632494,
      "q" : "57.41",
      "p" : "2.6125",
      "s" : "sell",
      "i" : "FXS_USD",
      "m" : "4611686018430324170"
    }, {
      "d" : "1756429326697681744",
      "t" : 1756429326697,
      "tn" : 1756429326697681744,
      "q" : "169.35",
      "p" : "2.6258",
      "s" : "sell",
      "i" : "FXS_USD",
      "m" : "4611686018430324169"
    }, {
      "d" : "1756429326697679786",
      "t" : 1756429326697,
      "tn" : 1756429326697679786,
      "q" : "242.50",
      "p" : "2.6259",
      "s" : "sell",
      "i" : "FXS_USD",
      "m" : "4611686018430324168"
    }, {
      "d" : "1756429326690130209",
      "t" : 1756429326690,
      "tn" : 1756429326690130209,
      "q" : "51.51",
      "p" : "2.6259",
      "s" : "sell",
      "i" : "FXS_USD",
      "m" : "4611686018430324167"
    }, {
      "d" : "1756429326690128280",
      "t" : 1756429326690,
      "tn" : 1756429326690128280,
      "q" : "17.55",
      "p" : "2.6260",
      "s" : "sell",
      "i" : "FXS_USD",
      "m" : "4611686018430324166"
    }, {
      "d" : "1756429305600121619",
      "t" : 1756429305600,
      "tn" : 1756429305600121618,
      "q" : "36.50",
      "p" : "2.6314",
      "s" : "buy",
      "i" : "FXS_USD",
      "m" : "4611686018430324165"
    }, {
      "d" : "1756429305600121618",
      "t" : 1756429305600,
      "tn" : 1756429305600121618,
      "q" : "36.01",
      "p" : "2.6314",
      "s" : "buy",
      "i" : "FXS_USD",
      "m" : "4611686018430324165"
    }, {
      "d" : "1756429284349634333",
      "t" : 1756429284349,
      "tn" : 1756429284349634333,
      "q" : "100.70",
      "p" : "2.6273",
      "s" : "buy",
      "i" : "FXS_USD",
      "m" : "4611686018430324164"
    }, {
      "d" : "1756426871035080624",
      "t" : 1756426871035,
      "tn" : 1756426871035080624,
      "q" : "123.80",
      "p" : "2.6052",
      "s" : "buy",
      "i" : "FXS_USD",
      "m" : "4611686018430324163"
    }, {
      "d" : "1756422626654992153",
      "t" : 1756422626654,
      "tn" : 1756422626654992153,
      "q" : "190.16",
      "p" : "2.6165",
      "s" : "buy",
      "i" : "FXS_USD",
      "m" : "4611686018430324162"
    }, {
      "d" : "1756403497311394753",
      "t" : 1756403497311,
      "tn" : 1756403497311394753,
      "q" : "155.34",
      "p" : "2.6069",
      "s" : "buy",
      "i" : "FXS_USD",
      "m" : "4611686018430324161"
    }, {
      "d" : "1756403497300114812",
      "t" : 1756403497300,
      "tn" : 1756403497300114812,
      "q" : "342.06",
      "p" : "2.6069",
      "s" : "buy",
      "i" : "FXS_USD",
      "m" : "4611686018430324160"
    }, {
      "d" : "1756403435157118284",
      "t" : 1756403435157,
      "tn" : 1756403435157118284,
      "q" : "35.29",
      "p" : "2.5830",
      "s" : "buy",
      "i" : "FXS_USD",
      "m" : "4611686018430324159"
    }, {
      "d" : "1756403435157115541",
      "t" : 1756403435157,
      "tn" : 1756403435157115541,
      "q" : "159.10",
      "p" : "2.5829",
      "s" : "buy",
      "i" : "FXS_USD",
      "m" : "4611686018430324158"
    }, {
      "d" : "1756403435157112930",
      "t" : 1756403435157,
      "tn" : 1756403435157112930,
      "q" : "26.74",
      "p" : "2.5828",
      "s" : "buy",
      "i" : "FXS_USD",
      "m" : "4611686018430324157"
    }, {
      "d" : "1756400361573278381",
      "t" : 1756400361573,
      "tn" : 1756400361573278381,
      "q" : "17.90",
      "p" : "2.5705",
      "s" : "sell",
      "i" : "FXS_USD",
      "m" : "4611686018430324156"
    }, {
      "d" : "1756400342590318721",
      "t" : 1756400342590,
      "tn" : 1756400342590318720,
      "q" : "14.59",
      "p" : "2.5705",
      "s" : "sell",
      "i" : "FXS_USD",
      "m" : "4611686018430324155"
    }, {
      "d" : "1756400342590318720",
      "t" : 1756400342590,
      "tn" : 1756400342590318720,
      "q" : "36.50",
      "p" : "2.5705",
      "s" : "sell",
      "i" : "FXS_USD",
      "m" : "4611686018430324155"
    }, {
      "d" : "1756397402464905816",
      "t" : 1756397402464,
      "tn" : 1756397402464905816,
      "q" : "112.56",
      "p" : "2.5923",
      "s" : "buy",
      "i" : "FXS_USD",
      "m" : "4611686018430324154"
    }, {
      "d" : "1756397402459370634",
      "t" : 1756397402459,
      "tn" : 1756397402459370634,
      "q" : "31.14",
      "p" : "2.5923",
      "s" : "sell",
      "i" : "FXS_USD",
      "m" : "4611686018430324153"
    }, {
      "d" : "1756397208287580044",
      "t" : 1756397208287,
      "tn" : 1756397208287580044,
      "q" : "221.58",
      "p" : "2.5947",
      "s" : "buy",
      "i" : "FXS_USD",
      "m" : "4611686018430324152"
    }, {
      "d" : "1756397208279956290",
      "t" : 1756397208279,
      "tn" : 1756397208279956290,
      "q" : "266.30",
      "p" : "2.5947",
      "s" : "sell",
      "i" : "FXS_USD",
      "m" : "4611686018430324151"
    }, {
      "d" : "1756397208279952859",
      "t" : 1756397208279,
      "tn" : 1756397208279952859,
      "q" : "122.70",
      "p" : "2.5951",
      "s" : "sell",
      "i" : "FXS_USD",
      "m" : "4611686018430324150"
    }, {
      "d" : "1756397208279949956",
      "t" : 1756397208279,
      "tn" : 1756397208279949956,
      "q" : "26.14",
      "p" : "2.5952",
      "s" : "sell",
      "i" : "FXS_USD",
      "m" : "4611686018430324149"
    }, {
      "d" : "1756395955111369308",
      "t" : 1756395955111,
      "tn" : 1756395955111369308,
      "q" : "24.85",
      "p" : "2.5978",
      "s" : "sell",
      "i" : "FXS_USD",
      "m" : "4611686018430324148"
    }, {
      "d" : "1756393056172962848",
      "t" : 1756393056172,
      "tn" : 1756393056172962848,
      "q" : "143.35",
      "p" : "2.6313",
      "s" : "buy",
      "i" : "FXS_USD",
      "m" : "4611686018430324147"
    }, {
      "d" : "1756393056172960682",
      "t" : 1756393056172,
      "tn" : 1756393056172960682,
      "q" : "40.89",
      "p" : "2.6312",
      "s" : "buy",
      "i" : "FXS_USD",
      "m" : "4611686018430324146"
    }, {
      "d" : "1756391665203321534",
      "t" : 1756391665203,
      "tn" : 1756391665203321534,
      "q" : "147.13",
      "p" : "2.6056",
      "s" : "sell",
      "i" : "FXS_USD",
      "m" : "4611686018430324145"
    }, {
      "d" : "1756391665203318054",
      "t" : 1756391665203,
      "tn" : 1756391665203318054,
      "q" : "107.68",
      "p" : "2.6058",
      "s" : "sell",
      "i" : "FXS_USD",
      "m" : "4611686018430324144"
    }, {
      "d" : "1756391665203314755",
      "t" : 1756391665203,
      "tn" : 1756391665203314755,
      "q" : "35.89",
      "p" : "2.6059",
      "s" : "sell",
      "i" : "FXS_USD",
      "m" : "4611686018430324143"
    }, {
      "d" : "1756391466610287755",
      "t" : 1756391466610,
      "tn" : 1756391466610287755,
      "q" : "6.00",
      "p" : "2.6142",
      "s" : "buy",
      "i" : "FXS_USD",
      "m" : "4611686018430324142"
    }, {
      "d" : "1756391455119797329",
      "t" : 1756391455119,
      "tn" : 1756391455119797329,
      "q" : "30.18",
      "p" : "2.6167",
      "s" : "sell",
      "i" : "FXS_USD",
      "m" : "4611686018430324141"
    }, {
      "d" : "1756391176993854029",
      "t" : 1756391176993,
      "tn" : 1756391176993854029,
      "q" : "321.34",
      "p" : "2.6252",
      "s" : "sell",
      "i" : "FXS_USD",
      "m" : "4611686018430324140"
    }, {
      "d" : "1756391176991332894",
      "t" : 1756391176991,
      "tn" : 1756391176991332894,
      "q" : "46.71",
      "p" : "2.6275",
      "s" : "sell",
      "i" : "FXS_USD",
      "m" : "4611686018430324139"
    }, {
      "d" : "1756391176991329634",
      "t" : 1756391176991,
      "tn" : 1756391176991329634,
      "q" : "252.91",
      "p" : "2.6276",
      "s" : "sell",
      "i" : "FXS_USD",
      "m" : "4611686018430324138"
    }, {
      "d" : "1756391176989942702",
      "t" : 1756391176989,
      "tn" : 1756391176989942702,
      "q" : "29.79",
      "p" : "2.6283",
      "s" : "sell",
      "i" : "FXS_USD",
      "m" : "4611686018430324137"
    }, {
      "d" : "1756389589476184123",
      "t" : 1756389589476,
      "tn" : 1756389589476184123,
      "q" : "302.00",
      "p" : "2.6198",
      "s" : "buy",
      "i" : "FXS_USD",
      "m" : "4611686018430324136"
    }, {
      "d" : "1756389589476180907",
      "t" : 1756389589476,
      "tn" : 1756389589476180907,
      "q" : "18.68",
      "p" : "2.6197",
      "s" : "buy",
      "i" : "FXS_USD",
      "m" : "4611686018430324135"
    }, {
      "d" : "1756388763554030110",
      "t" : 1756388763554,
      "tn" : 1756388763554030110,
      "q" : "36.01",
      "p" : "2.5997",
      "s" : "sell",
      "i" : "FXS_USD",
      "m" : "4611686018430324134"
    }, {
      "d" : "1756386496435739689",
      "t" : 1756386496435,
      "tn" : 1756386496435739689,
      "q" : "154.99",
      "p" : "2.6260",
      "s" : "buy",
      "i" : "FXS_USD",
      "m" : "4611686018430324133"
    }, {
      "d" : "1756386496435735848",
      "t" : 1756386496435,
      "tn" : 1756386496435735848,
      "q" : "37.51",
      "p" : "2.6259",
      "s" : "buy",
      "i" : "FXS_USD",
      "m" : "4611686018430324132"
    }, {
      "d" : "1756377669151592999",
      "t" : 1756377669151,
      "tn" : 1756377669151592999,
      "q" : "13.11",
      "p" : "2.6351",
      "s" : "buy",
      "i" : "FXS_USD",
      "m" : "4611686018430324131"
    }, {
      "d" : "1756377669151590890",
      "t" : 1756377669151,
      "tn" : 1756377669151590890,
      "q" : "46.34",
      "p" : "2.6280",
      "s" : "buy",
      "i" : "FXS_USD",
      "m" : "4611686018430324130"
    }, {
      "d" : "1756377668793467429",
      "t" : 1756377668793,
      "tn" : 1756377668793467429,
      "q" : "203.78",
      "p" : "2.6280",
      "s" : "buy",
      "i" : "FXS_USD",
      "m" : "4611686018430324129"
    }, {
      "d" : "1756377668793464767",
      "t" : 1756377668793,
      "tn" : 1756377668793464767,
      "q" : "60.22",
      "p" : "2.6279",
      "s" : "buy",
      "i" : "FXS_USD",
      "m" : "4611686018430324128"
    } ]
  }
}