{
  "id" : -1,
  "method" : "public/get-trades",
  "code" : 0,
  "result" : {
    "data" : [ {
      "d" : "1756461049264790750",
      "t" : 1756461049264,
      "tn" : 1756461049264790749,
      "q" : "1",
      "p" : "0.016260",
      "s" : "buy",
      "i" : "GALAUSD-PERP",
      "m" : "4611686018432112554"
    }, {
      "d" : "1756461049264790749",
      "t" : 1756461049264,
      "tn" : 1756461049264790749,
      "q" : "1",
      "p" : "0.016260",
      "s" : "buy",
      "i" : "GALAUSD-PERP",
      "m" : "4611686018432112554"
    }, {
      "d" : "1756461041348104163",
      "t" : 1756461041348,
      "tn" : 1756461041348104163,
      "q" : "1",
      "p" : "0.016260",
      "s" : "buy",
      "i" : "GALAUSD-PERP",
      "m" : "4611686018432112553"
    }, {
      "d" : "1756461041346962180",
      "t" : 1756461041346,
      "tn" : 1756461041346962180,
      "q" : "1",
      "p" : "0.016260",
      "s" : "buy",
      "i" : "GALAUSD-PERP",
      "m" : "4611686018432112552"
    }, {
      "d" : "1756460951416422285",
      "t" : 1756460951416,
      "tn" : 1756460951416422284,
      "q" : "1",
      "p" : "0.016280",
      "s" : "buy",
      "i" : "GALAUSD-PERP",
      "m" : "4611686018432112551"
    }, {
      "d" : "1756460951416422284",
      "t" : 1756460951416,
      "tn" : 1756460951416422284,
      "q" : "1",
      "p" : "0.016280",
      "s" : "buy",
      "i" : "GALAUSD-PERP",
      "m" : "4611686018432112551"
    }, {
      "d" : "1756460922332535901",
      "t" : 1756460922332,
      "tn" : 1756460922332535900,
      "q" : "1",
      "p" : "0.016292",
      "s" : "buy",
      "i" : "GALAUSD-PERP",
      "m" : "4611686018432112550"
    }, {
      "d" : "1756460922332535900",
      "t" : 1756460922332,
      "tn" : 1756460922332535900,
      "q" : "1",
      "p" : "0.016292",
      "s" : "buy",
      "i" : "GALAUSD-PERP",
      "m" : "4611686018432112550"
    }, {
      "d" : "1756460921289487106",
      "t" : 1756460921289,
      "tn" : 1756460921289487106,
      "q" : "1",
      "p" : "0.016290",
      "s" : "buy",
      "i" : "GALAUSD-PERP",
      "m" : "4611686018432112549"
    }, {
      "d" : "1756460920365096517",
      "t" : 1756460920365,
      "tn" : 1756460920365096517,
      "q" : "1",
      "p" : "0.016290",
      "s" : "buy",
      "i" : "GALAUSD-PERP",
      "m" : "4611686018432112548"
    }, {
      "d" : "1756460909348159386",
      "t" : 1756460909348,
      "tn" : 1756460909348159386,
      "q" : "1",
      "p" : "0.016290",
      "s" : "buy",
      "i" : "GALAUSD-PERP",
      "m" : "4611686018432112547"
    }, {
      "d" : "1756460908347439108",
      "t" : 1756460908347,
      "tn" : 1756460908347439108,
      "q" : "1",
      "p" : "0.016290",
      "s" : "buy",
      "i" : "GALAUSD-PERP",
      "m" : "4611686018432112546"
    }, {
      "d" : "1756460908240019622",
      "t" : 1756460908240,
      "tn" : 1756460908240019622,
      "q" : "1",
      "p" : "0.016290",
      "s" : "buy",
      "i" : "GALAUSD-PERP",
      "m" : "4611686018432112545"
    }, {
      "d" : "1756460903630396702",
      "t" : 1756460903630,
      "tn" : 1756460903630396702,
      "q" : "1",
      "p" : "0.016280",
      "s" : "buy",
      "i" : "GALAUSD-PERP",
      "m" : "4611686018432112544"
    }, {
      "d" : "1756460903580295302",
      "t" : 1756460903580,
      "tn" : 1756460903580295302,
      "q" : "1",
      "p" : "0.016280",
      "s" : "buy",
      "i" : "GALAUSD-PERP",
      "m" : "4611686018432112543"
    }, {
      "d" : "1756460903516814798",
      "t" : 1756460903516,
      "tn" : 1756460903516814797,
      "q" : "1",
      "p" : "0.016280",
      "s" : "buy",
      "i" : "GALAUSD-PERP",
      "m" : "4611686018432112542"
    }, {
      "d" : "1756460903516814797",
      "t" : 1756460903516,
      "tn" : 1756460903516814797,
      "q" : "1",
      "p" : "0.016280",
      "s" : "buy",
      "i" : "GALAUSD-PERP",
      "m" : "4611686018432112542"
    }, {
      "d" : "1756460900589569260",
      "t" : 1756460900589,
      "tn" : 1756460900589569259,
      "q" : "1",
      "p" : "0.016270",
      "s" : "buy",
      "i" : "GALAUSD-PERP",
      "m" : "4611686018432112541"
    }, {
      "d" : "1756460900589569259",
      "t" : 1756460900589,
      "tn" : 1756460900589569259,
      "q" : "1",
      "p" : "0.016270",
      "s" : "buy",
      "i" : "GALAUSD-PERP",
      "m" : "4611686018432112541"
    }, {
      "d" : "1756460898106476233",
      "t" : 1756460898106,
      "tn" : 1756460898106476233,
      "q" : "8534",
      "p" : "0.016273",
      "s" : "sell",
      "i" : "GALAUSD-PERP",
      "m" : "4611686018432112540"
    }, {
      "d" : "1756460894328325689",
      "t" : 1756460894328,
      "tn" : 1756460894328325689,
      "q" : "1",
      "p" : "0.016280",
      "s" : "buy",
      "i" : "GALAUSD-PERP",
      "m" : "4611686018432112539"
    }, {
      "d" : "1756460893476707576",
      "t" : 1756460893476,
      "tn" : 1756460893476707576,
      "q" : "1",
      "p" : "0.016280",
      "s" : "buy",
      "i" : "GALAUSD-PERP",
      "m" : "4611686018432112538"
    }, {
      "d" : "1756460893423088807",
      "t" : 1756460893423,
      "tn" : 1756460893423088806,
      "q" : "1",
      "p" : "0.016280",
      "s" : "buy",
      "i" : "GALAUSD-PERP",
      "m" : "4611686018432112537"
    }, {
      "d" : "1756460893423088806",
      "t" : 1756460893423,
      "tn" : 1756460893423088806,
      "q" : "1",
      "p" : "0.016280",
      "s" : "buy",
      "i" : "GALAUSD-PERP",
      "m" : "4611686018432112537"
    }, {
      "d" : "1756460881813050759",
      "t" : 1756460881813,
      "tn" : 1756460881813050758,
      "q" : "1",
      "p" : "0.016270",
      "s" : "buy",
      "i" : "GALAUSD-PERP",
      "m" : "4611686018432112536"
    }, {
      "d" : "1756460881813050758",
      "t" : 1756460881813,
      "tn" : 1756460881813050758,
      "q" : "1",
      "p" : "0.016270",
      "s" : "buy",
      "i" : "GALAUSD-PERP",
      "m" : "4611686018432112536"
    }, {
      "d" : "1756460863393812808",
      "t" : 1756460863393,
      "tn" : 1756460863393812807,
      "q" : "1",
      "p" : "0.016260",
      "s" : "buy",
      "i" : "GALAUSD-PERP",
      "m" : "4611686018432112535"
    }, {
      "d" : "1756460863393812807",
      "t" : 1756460863393,
      "tn" : 1756460863393812807,
      "q" : "1",
      "p" : "0.016260",
      "s" : "buy",
      "i" : "GALAUSD-PERP",
      "m" : "4611686018432112535"
    }, {
      "d" : "1756460840165418222",
      "t" : 1756460840165,
      "tn" : 1756460840165418221,
      "q" : "1",
      "p" : "0.016260",
      "s" : "buy",
      "i" : "GALAUSD-PERP",
      "m" : "4611686018432112534"
    }, {
      "d" : "1756460840165418221",
      "t" : 1756460840165,
      "tn" : 1756460840165418221,
      "q" : "1",
      "p" : "0.016260",
      "s" : "buy",
      "i" : "GALAUSD-PERP",
      "m" : "4611686018432112534"
    }, {
      "d" : "1756460793328289244",
      "t" : 1756460793328,
      "tn" : 1756460793328289243,
      "q" : "1",
      "p" : "0.016270",
      "s" : "buy",
      "i" : "GALAUSD-PERP",
      "m" : "4611686018432112533"
    }, {
      "d" : "1756460793328289243",
      "t" : 1756460793328,
      "tn" : 1756460793328289243,
      "q" : "1",
      "p" : "0.016270",
      "s" : "buy",
      "i" : "GALAUSD-PERP",
      "m" : "4611686018432112533"
    }, {
      "d" : "1756460782676956594",
      "t" : 1756460782676,
      "tn" : 1756460782676956593,
      "q" : "1",
      "p" : "0.016260",
      "s" : "buy",
      "i" : "GALAUSD-PERP",
      "m" : "4611686018432112532"
    }, {
      "d" : "1756460782676956593",
      "t" : 1756460782676,
      "tn" : 1756460782676956593,
      "q" : "1",
      "p" : "0.016260",
      "s" : "buy",
      "i" : "GALAUSD-PERP",
      "m" : "4611686018432112532"
    }, {
      "d" : "1756460781673094834",
      "t" : 1756460781673,
      "tn" : 1756460781673094834,
      "q" : "1",
      "p" : "0.016260",
      "s" : "buy",
      "i" : "GALAUSD-PERP",
      "m" : "4611686018432112531"
    }, {
      "d" : "1756460781476977432",
      "t" : 1756460781476,
      "tn" : 1756460781476977432,
      "q" : "1",
      "p" : "0.016260",
      "s" : "buy",
      "i" : "GALAUSD-PERP",
      "m" : "4611686018432112530"
    }, {
      "d" : "1756460781417120350",
      "t" : 1756460781417,
      "tn" : 1756460781417120349,
      "q" : "1",
      "p" : "0.016260",
      "s" : "buy",
      "i" : "GALAUSD-PERP",
      "m" : "4611686018432112529"
    }, {
      "d" : "1756460781417120349",
      "t" : 1756460781417,
      "tn" : 1756460781417120349,
      "q" : "1",
      "p" : "0.016260",
      "s" : "buy",
      "i" : "GALAUSD-PERP",
      "m" : "4611686018432112529"
    }, {
      "d" : "1756460779423795813",
      "t" : 1756460779423,
      "tn" : 1756460779423795812,
      "q" : "1",
      "p" : "0.016260",
      "s" : "buy",
      "i" : "GALAUSD-PERP",
      "m" : "4611686018432112528"
    }, {
      "d" : "1756460779423795812",
      "t" : 1756460779423,
      "tn" : 1756460779423795812,
      "q" : "1",
      "p" : "0.016260",
      "s" : "buy",
      "i" : "GALAUSD-PERP",
      "m" : "4611686018432112528"
    }, {
      "d" : "1756460778819655369",
      "t" : 1756460778819,
      "tn" : 1756460778819655368,
      "q" : "1",
      "p" : "0.016260",
      "s" : "buy",
      "i" : "GALAUSD-PERP",
      "m" : "4611686018432112527"
    }, {
      "d" : "1756460778819655368",
      "t" : 1756460778819,
      "tn" : 1756460778819655368,
      "q" : "1",
      "p" : "0.016260",
      "s" : "buy",
      "i" : "GALAUSD-PERP",
      "m" : "4611686018432112527"
    }, {
      "d" : "1756460777798045647",
      "t" : 1756460777798,
      "tn" : 1756460777798045647,
      "q" : "1",
      "p" : "0.016250",
      "s" : "buy",
      "i" : "GALAUSD-PERP",
      "m" : "4611686018432112526"
    }, {
      "d" : "1756460777742903955",
      "t" : 1756460777742,
      "tn" : 1756460777742903954,
      "q" : "1",
      "p" : "0.016250",
      "s" : "buy",
      "i" : "GALAUSD-PERP",
      "m" : "4611686018432112525"
    }, {
      "d" : "1756460777742903954",
      "t" : 1756460777742,
      "tn" : 1756460777742903954,
      "q" : "1",
      "p" : "0.016250",
      "s" : "buy",
      "i" : "GALAUSD-PERP",
      "m" : "4611686018432112525"
    }, {
      "d" : "1756460753064052641",
      "t" : 1756460753064,
      "tn" : 1756460753064052640,
      "q" : "1",
      "p" : "0.016252",
      "s" : "buy",
      "i" : "GALAUSD-PERP",
      "m" : "4611686018432112524"
    }, {
      "d" : "1756460753064052640",
      "t" : 1756460753064,
      "tn" : 1756460753064052640,
      "q" : "1",
      "p" : "0.016252",
      "s" : "buy",
      "i" : "GALAUSD-PERP",
      "m" : "4611686018432112524"
    }, {
      "d" : "1756460751672435528",
      "t" : 1756460751672,
      "tn" : 1756460751672435527,
      "q" : "1",
      "p" : "0.016250",
      "s" : "buy",
      "i" : "GALAUSD-PERP",
      "m" : "4611686018432112523"
    }, {
      "d" : "1756460751672435527",
      "t" : 1756460751672,
      "tn" : 1756460751672435527,
      "q" : "1",
      "p" : "0.016250",
      "s" : "buy",
      "i" : "GALAUSD-PERP",
      "m" : "4611686018432112523"
    }, {
      "d" : "1756460746193484357",
      "t" : 1756460746193,
      "tn" : 1756460746193484357,
      "q" : "1",
      "p" : "0.016240",
      "s" : "buy",
      "i" : "GALAUSD-PERP",
      "m" : "4611686018432112522"
    }, {
      "d" : "1756460745762982393",
      "t" : 1756460745762,
      "tn" : 1756460745762982393,
      "q" : "1",
      "p" : "0.016240",
      "s" : "buy",
      "i" : "GALAUSD-PERP",
      "m" : "4611686018432112521"
    }, {
      "d" : "1756460743972278952",
      "t" : 1756460743972,
      "tn" : 1756460743972278951,
      "q" : "1",
      "p" : "0.016240",
      "s" : "buy",
      "i" : "GALAUSD-PERP",
      "m" : "4611686018432112520"
    }, {
      "d" : "1756460743972278951",
      "t" : 1756460743972,
      "tn" : 1756460743972278951,
      "q" : "1",
      "p" : "0.016240",
      "s" : "buy",
      "i" : "GALAUSD-PERP",
      "m" : "4611686018432112520"
    }, {
      "d" : "1756460734188415324",
      "t" : 1756460734188,
      "tn" : 1756460734188415323,
      "q" : "1",
      "p" : "0.016230",
      "s" : "buy",
      "i" : "GALAUSD-PERP",
      "m" : "4611686018432112519"
    }, {
      "d" : "1756460734188415323",
      "t" : 1756460734188,
      "tn" : 1756460734188415323,
      "q" : "1",
      "p" : "0.016230",
      "s" : "buy",
      "i" : "GALAUSD-PERP",
      "m" : "4611686018432112519"
    }, {
      "d" : "1756460592084074506",
      "t" : 1756460592084,
      "tn" : 1756460592084074505,
      "q" : "1",
      "p" : "0.016220",
      "s" : "buy",
      "i" : "GALAUSD-PERP",
      "m" : "4611686018432112518"
    }, {
      "d" : "1756460592084074505",
      "t" : 1756460592084,
      "tn" : 1756460592084074505,
      "q" : "1",
      "p" : "0.016220",
      "s" : "buy",
      "i" : "GALAUSD-PERP",
      "m" : "4611686018432112518"
    }, {
      "d" : "1756460539425674877",
      "t" : 1756460539425,
      "tn" : 1756460539425674877,
      "q" : "1",
      "p" : "0.016230",
      "s" : "buy",
      "i" : "GALAUSD-PERP",
      "m" : "4611686018432112517"
    }, {
      "d" : "1756460525760601158",
      "t" : 1756460525760,
      "tn" : 1756460525760601158,
      "q" : "1",
      "p" : "0.016244",
      "s" : "buy",
      "i" : "GALAUSD-PERP",
      "m" : "4611686018432112516"
    }, {
      "d" : "1756460525760598850",
      "t" : 1756460525760,
      "tn" : 1756460525760598850,
      "q" : "1",
      "p" : "0.016240",
      "s" : "buy",
      "i" : "GALAUSD-PERP",
      "m" : "4611686018432112515"
    }, {
      "d" : "1756460525549415853",
      "t" : 1756460525549,
      "tn" : 1756460525549415853,
      "q" : "1",
      "p" : "0.016230",
      "s" : "buy",
      "i" : "GALAUSD-PERP",
      "m" : "4611686018432112514"
    }, {
      "d" : "1756460525507531366",
      "t" : 1756460525507,
      "tn" : 1756460525507531366,
      "q" : "1",
      "p" : "0.016234",
      "s" : "buy",
      "i" : "GALAUSD-PERP",
      "m" : "4611686018432112513"
    }, {
      "d" : "1756460525434736978",
      "t" : 1756460525434,
      "tn" : 1756460525434736977,
      "q" : "1",
      "p" : "0.016230",
      "s" : "buy",
      "i" : "GALAUSD-PERP",
      "m" : "4611686018432112512"
    }, {
      "d" : "1756460525434736977",
      "t" : 1756460525434,
      "tn" : 1756460525434736977,
      "q" : "1",
      "p" : "0.016230",
      "s" : "buy",
      "i" : "GALAUSD-PERP",
      "m" : "4611686018432112512"
    }, {
      "d" : "1756460502351444292",
      "t" : 1756460502351,
      "tn" : 1756460502351444292,
      "q" : "1",
      "p" : "0.016230",
      "s" : "buy",
      "i" : "GALAUSD-PERP",
      "m" : "4611686018432112511"
    }, {
      "d" : "1756460469858195990",
      "t" : 1756460469858,
      "tn" : 1756460469858195990,
      "q" : "1",
      "p" : "0.016240",
      "s" : "buy",
      "i" : "GALAUSD-PERP",
      "m" : "4611686018432112510"
    }, {
      "d" : "1756460454908055165",
      "t" : 1756460454908,
      "tn" : 1756460454908055165,
      "q" : "1",
      "p" : "0.016243",
      "s" : "buy",
      "i" : "GALAUSD-PERP",
      "m" : "4611686018432112509"
    }, {
      "d" : "1756460454898024202",
      "t" : 1756460454898,
      "tn" : 1756460454898024202,
      "q" : "1",
      "p" : "0.016243",
      "s" : "buy",
      "i" : "GALAUSD-PERP",
      "m" : "4611686018432112508"
    }, {
      "d" : "1756460454838039388",
      "t" : 1756460454838,
      "tn" : 1756460454838039388,
      "q" : "1",
      "p" : "0.016242",
      "s" : "buy",
      "i" : "GALAUSD-PERP",
      "m" : "4611686018432112507"
    }, {
      "d" : "1756460454797905904",
      "t" : 1756460454797,
      "tn" : 1756460454797905904,
      "q" : "1",
      "p" : "0.016241",
      "s" : "buy",
      "i" : "GALAUSD-PERP",
      "m" : "4611686018432112506"
    }, {
      "d" : "1756460454777784923",
      "t" : 1756460454777,
      "tn" : 1756460454777784923,
      "q" : "1",
      "p" : "0.016242",
      "s" : "buy",
      "i" : "GALAUSD-PERP",
      "m" : "4611686018432112505"
    }, {
      "d" : "1756460454468341159",
      "t" : 1756460454468,
      "tn" : 1756460454468341159,
      "q" : "1",
      "p" : "0.016240",
      "s" : "buy",
      "i" : "GALAUSD-PERP",
      "m" : "4611686018432112504"
    }, {
      "d" : "1756460454360644391",
      "t" : 1756460454360,
      "tn" : 1756460454360644391,
      "q" : "1",
      "p" : "0.016240",
      "s" : "buy",
      "i" : "GALAUSD-PERP",
      "m" : "4611686018432112503"
    }, {
      "d" : "1756460441618329986",
      "t" : 1756460441618,
      "tn" : 1756460441618329986,
      "q" : "1",
      "p" : "0.016232",
      "s" : "buy",
      "i" : "GALAUSD-PERP",
      "m" : "4611686018432112502"
    }, {
      "d" : "1756460441588841053",
      "t" : 1756460441588,
      "tn" : 1756460441588841053,
      "q" : "1",
      "p" : "0.016230",
      "s" : "buy",
      "i" : "GALAUSD-PERP",
      "m" : "4611686018432112501"
    }, {
      "d" : "1756460411153593117",
      "t" : 1756460411153,
      "tn" : 1756460411153593117,
      "q" : "1",
      "p" : "0.016232",
      "s" : "buy",
      "i" : "GALAUSD-PERP",
      "m" : "4611686018432112500"
    }, {
      "d" : "1756460411117463174",
      "t" : 1756460411117,
      "tn" : 1756460411117463174,
      "q" : "1",
      "p" : "0.016230",
      "s" : "buy",
      "i" : "GALAUSD-PERP",
      "m" : "4611686018432112499"
    }, {
      "d" : "1756460382421821095",
      "t" : 1756460382421,
      "tn" : 1756460382421821095,
      "q" : "1",
      "p" : "0.016222",
      "s" : "buy",
      "i" : "GALAUSD-PERP",
      "m" : "4611686018432112498"
    }, {
      "d" : "1756460382420926178",
      "t" : 1756460382420,
      "tn" : 1756460382420926178,
      "q" : "1",
      "p" : "0.016221",
      "s" : "buy",
      "i" : "GALAUSD-PERP",
      "m" : "4611686018432112497"
    }, {
      "d" : "1756460381680672595",
      "t" : 1756460381680,
      "tn" : 1756460381680672595,
      "q" : "1",
      "p" : "0.016220",
      "s" : "buy",
      "i" : "GALAUSD-PERP",
      "m" : "4611686018432112496"
    }, {
      "d" : "1756460370017432616",
      "t" : 1756460370017,
      "tn" : 1756460370017432616,
      "q" : "1",
      "p" : "0.016210",
      "s" : "buy",
      "i" : "GALAUSD-PERP",
      "m" : "4611686018432112495"
    }, {
      "d" : "1756460340832665125",
      "t" : 1756460340832,
      "tn" : 1756460340832665125,
      "q" : "1",
      "p" : "0.016220",
      "s" : "buy",
      "i" : "GALAUSD-PERP",
      "m" : "4611686018432112494"
    }, {
      "d" : "1756460282476623974",
      "t" : 1756460282476,
      "tn" : 1756460282476623974,
      "q" : "1",
      "p" : "0.016232",
      "s" : "buy",
      "i" : "GALAUSD-PERP",
      "m" : "4611686018432112493"
    }, {
      "d" : "1756460282475204703",
      "t" : 1756460282475,
      "tn" : 1756460282475204703,
      "q" : "1",
      "p" : "0.016230",
      "s" : "buy",
      "i" : "GALAUSD-PERP",
      "m" : "4611686018432112492"
    }, {
      "d" : "1756460248652247161",
      "t" : 1756460248652,
      "tn" : 1756460248652247161,
      "q" : "1",
      "p" : "0.016220",
      "s" : "buy",
      "i" : "GALAUSD-PERP",
      "m" : "4611686018432112491"
    }, {
      "d" : "1756460185976033425",
      "t" : 1756460185976,
      "tn" : 1756460185976033425,
      "q" : "1",
      "p" : "0.016210",
      "s" : "buy",
      "i" : "GALAUSD-PERP",
      "m" : "4611686018432112490"
    }, {
      "d" : "1756460185400119486",
      "t" : 1756460185400,
      "tn" : 1756460185400119486,
      "q" : "1",
      "p" : "0.016202",
      "s" : "buy",
      "i" : "GALAUSD-PERP",
      "m" : "4611686018432112489"
    }, {
      "d" : "1756460185392718962",
      "t" : 1756460185392,
      "tn" : 1756460185392718962,
      "q" : "1",
      "p" : "0.016200",
      "s" : "buy",
      "i" : "GALAUSD-PERP",
      "m" : "4611686018432112488"
    }, {
      "d" : "1756460162853098467",
      "t" : 1756460162853,
      "tn" : 1756460162853098467,
      "q" : "1",
      "p" : "0.016212",
      "s" : "buy",
      "i" : "GALAUSD-PERP",
      "m" : "4611686018432112487"
    }, {
      "d" : "1756460162838960115",
      "t" : 1756460162838,
      "tn" : 1756460162838960115,
      "q" : "1",
      "p" : "0.016210",
      "s" : "buy",
      "i" : "GALAUSD-PERP",
      "m" : "4611686018432112486"
    }, {
      "d" : "1756460106495064192",
      "t" : 1756460106495,
      "tn" : 1756460106495064192,
      "q" : "1",
      "p" : "0.016222",
      "s" : "buy",
      "i" : "GALAUSD-PERP",
      "m" : "4611686018432112485"
    }, {
      "d" : "1756460106478246038",
      "t" : 1756460106478,
      "tn" : 1756460106478246038,
      "q" : "1",
      "p" : "0.016220",
      "s" : "buy",
      "i" : "GALAUSD-PERP",
      "m" : "4611686018432112484"
    }, {
      "d" : "1756460100017765252",
      "t" : 1756460100017,
      "tn" : 1756460100017765252,
      "q" : "1",
      "p" : "0.016210",
      "s" : "buy",
      "i" : "GALAUSD-PERP",
      "m" : "4611686018432112483"
    }, {
      "d" : "1756460022920440272",
      "t" : 1756460022920,
      "tn" : 1756460022920440272,
      "q" : "1",
      "p" : "0.016220",
      "s" : "buy",
      "i" : "GALAUSD-PERP",
      "m" : "4611686018432112482"
    }, {
      "d" : "1756459860856493461",
      "t" : 1756459860856,
      "tn" : 1756459860856493461,
      "q" : "1",
      "p" : "0.016250",
      "s" : "buy",
      "i" : "GALAUSD-PERP",
      "m" : "4611686018432112481"
    }, {
      "d" : "1756459830021767308",
      "t" : 1756459830021,
      "tn" : 1756459830021767308,
      "q" : "1",
      "p" : "0.016250",
      "s" : "buy",
      "i" : "GALAUSD-PERP",
      "m" : "4611686018432112480"
    }, {
      "d" : "1756459798132057300",
      "t" : 1756459798132,
      "tn" : 1756459798132057300,
      "q" : "1",
      "p" : "0.016252",
      "s" : "buy",
      "i" : "GALAUSD-PERP",
      "m" : "4611686018432112479"
    }, {
      "d" : "1756459798132055206",
      "t" : 1756459798132,
      "tn" : 1756459798132055206,
      "q" : "1",
      "p" : "0.016250",
      "s" : "buy",
      "i" : "GALAUSD-PERP",
      "m" : "4611686018432112478"
    }, {
      "d" : "1756459772740382949",
      "t" : 1756459772740,
      "tn" : 1756459772740382949,
      "q" : "1",
      "p" : "0.016242",
      "s" : "buy",
      "i" : "GALAUSD-PERP",
      "m" : "4611686018432112477"
    }, {
      "d" : "1756459772690902573",
      "t" : 1756459772690,
      "tn" : 1756459772690902573,
      "q" : "1",
      "p" : "0.016240",
      "s" : "buy",
      "i" : "GALAUSD-PERP",
      "m" : "4611686018432112476"
    }, {
      "d" : "1756459749804688086",
      "t" : 1756459749804,
      "tn" : 1756459749804688085,
      "q" : "1",
      "p" : "0.016232",
      "s" : "buy",
      "i" : "GALAUSD-PERP",
      "m" : "4611686018432112475"
    }, {
      "d" : "1756459749804688085",
      "t" : 1756459749804,
      "tn" : 1756459749804688085,
      "q" : "1",
      "p" : "0.016232",
      "s" : "buy",
      "i" : "GALAUSD-PERP",
      "m" : "4611686018432112475"
    }, {
      "d" : "1756459748822850637",
      "t" : 1756459748822,
      "tn" : 1756459748822850637,
      "q" : "1",
      "p" : "0.016230",
      "s" : "buy",
      "i" : "GALAUSD-PERP",
      "m" : "4611686018432112474"
    }, {
      "d" : "1756459744757451803",
      "t" : 1756459744757,
      "tn" : 1756459744757451803,
      "q" : "1",
      "p" : "0.016224",
      "s" : "buy",
      "i" : "GALAUSD-PERP",
      "m" : "4611686018432112473"
    }, {
      "d" : "1756459744693282661",
      "t" : 1756459744693,
      "tn" : 1756459744693282661,
      "q" : "1",
      "p" : "0.016222",
      "s" : "buy",
      "i" : "GALAUSD-PERP",
      "m" : "4611686018432112472"
    }, {
      "d" : "1756459744675959049",
      "t" : 1756459744675,
      "tn" : 1756459744675959049,
      "q" : "1",
      "p" : "0.016220",
      "s" : "buy",
      "i" : "GALAUSD-PERP",
      "m" : "4611686018432112471"
    }, {
      "d" : "1756459738712690050",
      "t" : 1756459738712,
      "tn" : 1756459738712690050,
      "q" : "24922",
      "p" : "0.016241",
      "s" : "sell",
      "i" : "GALAUSD-PERP",
      "m" : "4611686018432112470"
    }, {
      "d" : "1756459738708056962",
      "t" : 1756459738708,
      "tn" : 1756459738708056962,
      "q" : "14957",
      "p" : "0.016241",
      "s" : "buy",
      "i" : "GALAUSD-PERP",
      "m" : "4611686018432112469"
    }, {
      "d" : "1756459738708054465",
      "t" : 1756459738708,
      "tn" : 1756459738708054465,
      "q" : "4",
      "p" : "0.016236",
      "s" : "buy",
      "i" : "GALAUSD-PERP",
      "m" : "4611686018432112468"
    }, {
      "d" : "1756459738708051849",
      "t" : 1756459738708,
      "tn" : 1756459738708051848,
      "q" : "92510",
      "p" : "0.016233",
      "s" : "buy",
      "i" : "GALAUSD-PERP",
      "m" : "4611686018432112467"
    }, {
      "d" : "1756459738708051848",
      "t" : 1756459738708,
      "tn" : 1756459738708051848,
      "q" : "15011",
      "p" : "0.016233",
      "s" : "buy",
      "i" : "GALAUSD-PERP",
      "m" : "4611686018432112467"
    }, {
      "d" : "1756459738708049211",
      "t" : 1756459738708,
      "tn" : 1756459738708049211,
      "q" : "32256",
      "p" : "0.016232",
      "s" : "buy",
      "i" : "GALAUSD-PERP",
      "m" : "4611686018432112466"
    }, {
      "d" : "1756459738708046217",
      "t" : 1756459738708,
      "tn" : 1756459738708046217,
      "q" : "14935",
      "p" : "0.016231",
      "s" : "buy",
      "i" : "GALAUSD-PERP",
      "m" : "4611686018432112465"
    }, {
      "d" : "1756459738708043781",
      "t" : 1756459738708,
      "tn" : 1756459738708043781,
      "q" : "14911",
      "p" : "0.016230",
      "s" : "buy",
      "i" : "GALAUSD-PERP",
      "m" : "4611686018432112464"
    }, {
      "d" : "1756459738708041116",
      "t" : 1756459738708,
      "tn" : 1756459738708041115,
      "q" : "5000",
      "p" : "0.016229",
      "s" : "buy",
      "i" : "GALAUSD-PERP",
      "m" : "4611686018432112463"
    }, {
      "d" : "1756459738708041115",
      "t" : 1756459738708,
      "tn" : 1756459738708041115,
      "q" : "14888",
      "p" : "0.016229",
      "s" : "buy",
      "i" : "GALAUSD-PERP",
      "m" : "4611686018432112463"
    }, {
      "d" : "1756459738708037817",
      "t" : 1756459738708,
      "tn" : 1756459738708037817,
      "q" : "5000",
      "p" : "0.016228",
      "s" : "buy",
      "i" : "GALAUSD-PERP",
      "m" : "4611686018432112462"
    }, {
      "d" : "1756459738708034754",
      "t" : 1756459738708,
      "tn" : 1756459738708034753,
      "q" : "14984",
      "p" : "0.016222",
      "s" : "buy",
      "i" : "GALAUSD-PERP",
      "m" : "4611686018432112461"
    }, {
      "d" : "1756459738708034753",
      "t" : 1756459738708,
      "tn" : 1756459738708034753,
      "q" : "1",
      "p" : "0.016222",
      "s" : "buy",
      "i" : "GALAUSD-PERP",
      "m" : "4611686018432112461"
    }, {
      "d" : "1756459738708030881",
      "t" : 1756459738708,
      "tn" : 1756459738708030881,
      "q" : "1",
      "p" : "0.016220",
      "s" : "buy",
      "i" : "GALAUSD-PERP",
      "m" : "4611686018432112460"
    }, {
      "d" : "1756459738708027547",
      "t" : 1756459738708,
      "tn" : 1756459738708027547,
      "q" : "14984",
      "p" : "0.016219",
      "s" : "buy",
      "i" : "GALAUSD-PERP",
      "m" : "4611686018432112459"
    }, {
      "d" : "1756459682921523877",
      "t" : 1756459682921,
      "tn" : 1756459682921523877,
      "q" : "1",
      "p" : "0.016210",
      "s" : "buy",
      "i" : "GALAUSD-PERP",
      "m" : "4611686018432112458"
    }, {
      "d" : "1756459681747911372",
      "t" : 1756459681747,
      "tn" : 1756459681747911372,
      "q" : "1",
      "p" : "0.016210",
      "s" : "buy",
      "i" : "GALAUSD-PERP",
      "m" : "4611686018432112457"
    }, {
      "d" : "1756459678472128431",
      "t" : 1756459678472,
      "tn" : 1756459678472128431,
      "q" : "1",
      "p" : "0.016200",
      "s" : "buy",
      "i" : "GALAUSD-PERP",
      "m" : "4611686018432112456"
    }, {
      "d" : "1756459678221580138",
      "t" : 1756459678221,
      "tn" : 1756459678221580138,
      "q" : "1",
      "p" : "0.016200",
      "s" : "buy",
      "i" : "GALAUSD-PERP",
      "m" : "4611686018432112455"
    }, {
      "d" : "1756459657798909735",
      "t" : 1756459657798,
      "tn" : 1756459657798909735,
      "q" : "1",
      "p" : "0.016202",
      "s" : "buy",
      "i" : "GALAUSD-PERP",
      "m" : "4611686018432112454"
    }, {
      "d" : "1756459657728053018",
      "t" : 1756459657728,
      "tn" : 1756459657728053018,
      "q" : "1",
      "p" : "0.016200",
      "s" : "buy",
      "i" : "GALAUSD-PERP",
      "m" : "4611686018432112453"
    }, {
      "d" : "1756459648363893609",
      "t" : 1756459648363,
      "tn" : 1756459648363893609,
      "q" : "1",
      "p" : "0.016200",
      "s" : "buy",
      "i" : "GALAUSD-PERP",
      "m" : "4611686018432112452"
    }, {
      "d" : "1756459562540916672",
      "t" : 1756459562540,
      "tn" : 1756459562540916672,
      "q" : "1",
      "p" : "0.016230",
      "s" : "buy",
      "i" : "GALAUSD-PERP",
      "m" : "4611686018432112451"
    }, {
      "d" : "1756459551351227705",
      "t" : 1756459551351,
      "tn" : 1756459551351227705,
      "q" : "1",
      "p" : "0.016230",
      "s" : "buy",
      "i" : "GALAUSD-PERP",
      "m" : "4611686018432112450"
    }, {
      "d" : "1756459545434842065",
      "t" : 1756459545434,
      "tn" : 1756459545434842065,
      "q" : "1",
      "p" : "0.016222",
      "s" : "buy",
      "i" : "GALAUSD-PERP",
      "m" : "4611686018432112449"
    }, {
      "d" : "1756459545420225536",
      "t" : 1756459545420,
      "tn" : 1756459545420225536,
      "q" : "1",
      "p" : "0.016220",
      "s" : "buy",
      "i" : "GALAUSD-PERP",
      "m" : "4611686018432112448"
    }, {
      "d" : "1756459510019884701",
      "t" : 1756459510019,
      "tn" : 1756459510019884701,
      "q" : "15178",
      "p" : "0.016191",
      "s" : "buy",
      "i" : "GALAUSD-PERP",
      "m" : "4611686018432112447"
    }, {
      "d" : "1756459510019883002",
      "t" : 1756459510019,
      "tn" : 1756459510019883002,
      "q" : "1",
      "p" : "0.016190",
      "s" : "buy",
      "i" : "GALAUSD-PERP",
      "m" : "4611686018432112446"
    }, {
      "d" : "1756459484007186749",
      "t" : 1756459484007,
      "tn" : 1756459484007186749,
      "q" : "1",
      "p" : "0.016202",
      "s" : "buy",
      "i" : "GALAUSD-PERP",
      "m" : "4611686018432112445"
    }, {
      "d" : "1756459483109920535",
      "t" : 1756459483109,
      "tn" : 1756459483109920535,
      "q" : "1",
      "p" : "0.016200",
      "s" : "buy",
      "i" : "GALAUSD-PERP",
      "m" : "4611686018432112444"
    }, {
      "d" : "1756459482946095613",
      "t" : 1756459482946,
      "tn" : 1756459482946095613,
      "q" : "1",
      "p" : "0.016200",
      "s" : "buy",
      "i" : "GALAUSD-PERP",
      "m" : "4611686018432112443"
    }, {
      "d" : "1756459448639728402",
      "t" : 1756459448639,
      "tn" : 1756459448639728402,
      "q" : "1",
      "p" : "0.016230",
      "s" : "buy",
      "i" : "GALAUSD-PERP",
      "m" : "4611686018432112442"
    }, {
      "d" : "1756459408781704692",
      "t" : 1756459408781,
      "tn" : 1756459408781704692,
      "q" : "1",
      "p" : "0.016240",
      "s" : "buy",
      "i" : "GALAUSD-PERP",
      "m" : "4611686018432112441"
    }, {
      "d" : "1756459395685905715",
      "t" : 1756459395685,
      "tn" : 1756459395685905715,
      "q" : "1",
      "p" : "0.016252",
      "s" : "buy",
      "i" : "GALAUSD-PERP",
      "m" : "4611686018432112440"
    }, {
      "d" : "1756459395685903820",
      "t" : 1756459395685,
      "tn" : 1756459395685903820,
      "q" : "1",
      "p" : "0.016250",
      "s" : "buy",
      "i" : "GALAUSD-PERP",
      "m" : "4611686018432112439"
    }, {
      "d" : "1756459370845706246",
      "t" : 1756459370845,
      "tn" : 1756459370845706245,
      "q" : "1",
      "p" : "0.016243",
      "s" : "buy",
      "i" : "GALAUSD-PERP",
      "m" : "4611686018432112438"
    }, {
      "d" : "1756459370845706245",
      "t" : 1756459370845,
      "tn" : 1756459370845706245,
      "q" : "1",
      "p" : "0.016243",
      "s" : "buy",
      "i" : "GALAUSD-PERP",
      "m" : "4611686018432112438"
    }, {
      "d" : "1756459357617350855",
      "t" : 1756459357617,
      "tn" : 1756459357617350855,
      "q" : "1",
      "p" : "0.016252",
      "s" : "buy",
      "i" : "GALAUSD-PERP",
      "m" : "4611686018432112437"
    }, {
      "d" : "1756459357563483439",
      "t" : 1756459357563,
      "tn" : 1756459357563483438,
      "q" : "1",
      "p" : "0.016252",
      "s" : "buy",
      "i" : "GALAUSD-PERP",
      "m" : "4611686018432112436"
    }, {
      "d" : "1756459357563483438",
      "t" : 1756459357563,
      "tn" : 1756459357563483438,
      "q" : "1",
      "p" : "0.016252",
      "s" : "buy",
      "i" : "GALAUSD-PERP",
      "m" : "4611686018432112436"
    }, {
      "d" : "1756459356318352060",
      "t" : 1756459356318,
      "tn" : 1756459356318352060,
      "q" : "1",
      "p" : "0.016250",
      "s" : "buy",
      "i" : "GALAUSD-PERP",
      "m" : "4611686018432112435"
    }, {
      "d" : "1756459337373376350",
      "t" : 1756459337373,
      "tn" : 1756459337373376350,
      "q" : "1",
      "p" : "0.016230",
      "s" : "buy",
      "i" : "GALAUSD-PERP",
      "m" : "4611686018432112434"
    }, {
      "d" : "1756459334337321094",
      "t" : 1756459334337,
      "tn" : 1756459334337321094,
      "q" : "1",
      "p" : "0.016234",
      "s" : "buy",
      "i" : "GALAUSD-PERP",
      "m" : "4611686018432112433"
    }, {
      "d" : "1756459334337319496",
      "t" : 1756459334337,
      "tn" : 1756459334337319496,
      "q" : "1",
      "p" : "0.016230",
      "s" : "buy",
      "i" : "GALAUSD-PERP",
      "m" : "4611686018432112432"
    } ]
  }
}