{
  "id" : -1,
  "method" : "public/get-trades",
  "code" : 0,
  "result" : {
    "data" : [ {
      "d" : "1756461055201725839",
      "t" : 1756461055201,
      "tn" : 1756461055201725839,
      "q" : "73",
      "p" : "0.016274",
      "s" : "sell",
      "i" : "GALA_USDT",
      "m" : "4611686018432205470"
    }, {
      "d" : "1756460807636811744",
      "t" : 1756460807636,
      "tn" : 1756460807636811744,
      "q" : "73",
      "p" : "0.016254",
      "s" : "sell",
      "i" : "GALA_USDT",
      "m" : "4611686018432205469"
    }, {
      "d" : "1756460504563773220",
      "t" : 1756460504563,
      "tn" : 1756460504563773220,
      "q" : "73",
      "p" : "0.016235",
      "s" : "buy",
      "i" : "GALA_USDT",
      "m" : "4611686018432205468"
    }, {
      "d" : "1756460504523289437",
      "t" : 1756460504523,
      "tn" : 1756460504523289437,
      "q" : "73",
      "p" : "0.016235",
      "s" : "buy",
      "i" : "GALA_USDT",
      "m" : "4611686018432205467"
    }, {
      "d" : "1756460504462921883",
      "t" : 1756460504462,
      "tn" : 1756460504462921883,
      "q" : "73",
      "p" : "0.016235",
      "s" : "buy",
      "i" : "GALA_USDT",
      "m" : "4611686018432205466"
    }, {
      "d" : "1756460504298365981",
      "t" : 1756460504298,
      "tn" : 1756460504298365981,
      "q" : "73",
      "p" : "0.016235",
      "s" : "buy",
      "i" : "GALA_USDT",
      "m" : "4611686018432205465"
    }, {
      "d" : "1756460504263389199",
      "t" : 1756460504263,
      "tn" : 1756460504263389199,
      "q" : "73",
      "p" : "0.016235",
      "s" : "buy",
      "i" : "GALA_USDT",
      "m" : "4611686018432205464"
    }, {
      "d" : "1756460504181297705",
      "t" : 1756460504181,
      "tn" : 1756460504181297705,
      "q" : "73",
      "p" : "0.016235",
      "s" : "buy",
      "i" : "GALA_USDT",
      "m" : "4611686018432205463"
    }, {
      "d" : "1756460504168193372",
      "t" : 1756460504168,
      "tn" : 1756460504168193372,
      "q" : "73",
      "p" : "0.016235",
      "s" : "buy",
      "i" : "GALA_USDT",
      "m" : "4611686018432205462"
    }, {
      "d" : "1756460504060897251",
      "t" : 1756460504060,
      "tn" : 1756460504060897251,
      "q" : "73",
      "p" : "0.016235",
      "s" : "buy",
      "i" : "GALA_USDT",
      "m" : "4611686018432205461"
    }, {
      "d" : "1756460503862850135",
      "t" : 1756460503862,
      "tn" : 1756460503862850135,
      "q" : "73",
      "p" : "0.016235",
      "s" : "buy",
      "i" : "GALA_USDT",
      "m" : "4611686018432205460"
    }, {
      "d" : "1756460503820862001",
      "t" : 1756460503820,
      "tn" : 1756460503820862001,
      "q" : "73",
      "p" : "0.016235",
      "s" : "buy",
      "i" : "GALA_USDT",
      "m" : "4611686018432205459"
    }, {
      "d" : "1756460503777122879",
      "t" : 1756460503777,
      "tn" : 1756460503777122879,
      "q" : "73",
      "p" : "0.016235",
      "s" : "buy",
      "i" : "GALA_USDT",
      "m" : "4611686018432205458"
    }, {
      "d" : "1756460503761184533",
      "t" : 1756460503761,
      "tn" : 1756460503761184533,
      "q" : "73",
      "p" : "0.016235",
      "s" : "buy",
      "i" : "GALA_USDT",
      "m" : "4611686018432205457"
    }, {
      "d" : "1756460503700988938",
      "t" : 1756460503700,
      "tn" : 1756460503700988938,
      "q" : "73",
      "p" : "0.016235",
      "s" : "buy",
      "i" : "GALA_USDT",
      "m" : "4611686018432205456"
    }, {
      "d" : "1756460503561401264",
      "t" : 1756460503561,
      "tn" : 1756460503561401264,
      "q" : "73",
      "p" : "0.016235",
      "s" : "buy",
      "i" : "GALA_USDT",
      "m" : "4611686018432205455"
    }, {
      "d" : "1756460503516059276",
      "t" : 1756460503516,
      "tn" : 1756460503516059276,
      "q" : "73",
      "p" : "0.016235",
      "s" : "buy",
      "i" : "GALA_USDT",
      "m" : "4611686018432205454"
    }, {
      "d" : "1756460503485986164",
      "t" : 1756460503485,
      "tn" : 1756460503485986164,
      "q" : "73",
      "p" : "0.016235",
      "s" : "buy",
      "i" : "GALA_USDT",
      "m" : "4611686018432205453"
    }, {
      "d" : "1756460503460994268",
      "t" : 1756460503460,
      "tn" : 1756460503460994268,
      "q" : "73",
      "p" : "0.016235",
      "s" : "buy",
      "i" : "GALA_USDT",
      "m" : "4611686018432205452"
    }, {
      "d" : "1756460503445991475",
      "t" : 1756460503445,
      "tn" : 1756460503445991475,
      "q" : "73",
      "p" : "0.016235",
      "s" : "buy",
      "i" : "GALA_USDT",
      "m" : "4611686018432205451"
    }, {
      "d" : "1756460503160609200",
      "t" : 1756460503160,
      "tn" : 1756460503160609200,
      "q" : "73",
      "p" : "0.016235",
      "s" : "buy",
      "i" : "GALA_USDT",
      "m" : "4611686018432205450"
    }, {
      "d" : "1756460503080539430",
      "t" : 1756460503080,
      "tn" : 1756460503080539430,
      "q" : "73",
      "p" : "0.016235",
      "s" : "buy",
      "i" : "GALA_USDT",
      "m" : "4611686018432205449"
    }, {
      "d" : "1756460502960320065",
      "t" : 1756460502960,
      "tn" : 1756460502960320065,
      "q" : "73",
      "p" : "0.016235",
      "s" : "buy",
      "i" : "GALA_USDT",
      "m" : "4611686018432205448"
    }, {
      "d" : "1756460502860259808",
      "t" : 1756460502860,
      "tn" : 1756460502860259808,
      "q" : "73",
      "p" : "0.016235",
      "s" : "buy",
      "i" : "GALA_USDT",
      "m" : "4611686018432205447"
    }, {
      "d" : "1756460502662928961",
      "t" : 1756460502662,
      "tn" : 1756460502662928961,
      "q" : "73",
      "p" : "0.016235",
      "s" : "buy",
      "i" : "GALA_USDT",
      "m" : "4611686018432205446"
    }, {
      "d" : "1756460502634824811",
      "t" : 1756460502634,
      "tn" : 1756460502634824811,
      "q" : "73",
      "p" : "0.016235",
      "s" : "buy",
      "i" : "GALA_USDT",
      "m" : "4611686018432205445"
    }, {
      "d" : "1756460502494641082",
      "t" : 1756460502494,
      "tn" : 1756460502494641082,
      "q" : "73",
      "p" : "0.016235",
      "s" : "buy",
      "i" : "GALA_USDT",
      "m" : "4611686018432205444"
    }, {
      "d" : "1756460502449586491",
      "t" : 1756460502449,
      "tn" : 1756460502449586491,
      "q" : "73",
      "p" : "0.016235",
      "s" : "buy",
      "i" : "GALA_USDT",
      "m" : "4611686018432205443"
    }, {
      "d" : "1756460502304086912",
      "t" : 1756460502304,
      "tn" : 1756460502304086912,
      "q" : "1226",
      "p" : "0.016232",
      "s" : "sell",
      "i" : "GALA_USDT",
      "m" : "4611686018432205442"
    }, {
      "d" : "1756460502304084829",
      "t" : 1756460502304,
      "tn" : 1756460502304084829,
      "q" : "15399",
      "p" : "0.016233",
      "s" : "sell",
      "i" : "GALA_USDT",
      "m" : "4611686018432205441"
    }, {
      "d" : "1756460265371133909",
      "t" : 1756460265371,
      "tn" : 1756460265371133909,
      "q" : "73",
      "p" : "0.016234",
      "s" : "sell",
      "i" : "GALA_USDT",
      "m" : "4611686018432205440"
    }, {
      "d" : "1756460167135595455",
      "t" : 1756460167135,
      "tn" : 1756460167135595455,
      "q" : "73",
      "p" : "0.016214",
      "s" : "sell",
      "i" : "GALA_USDT",
      "m" : "4611686018432205439"
    }, {
      "d" : "1756460087017340307",
      "t" : 1756460087017,
      "tn" : 1756460087017340307,
      "q" : "73",
      "p" : "0.016204",
      "s" : "sell",
      "i" : "GALA_USDT",
      "m" : "4611686018432205438"
    }, {
      "d" : "1756459948536281419",
      "t" : 1756459948536,
      "tn" : 1756459948536281419,
      "q" : "73",
      "p" : "0.016204",
      "s" : "sell",
      "i" : "GALA_USDT",
      "m" : "4611686018432205437"
    }, {
      "d" : "1756459877361428187",
      "t" : 1756459877361,
      "tn" : 1756459877361428187,
      "q" : "73",
      "p" : "0.016225",
      "s" : "buy",
      "i" : "GALA_USDT",
      "m" : "4611686018432205436"
    }, {
      "d" : "1756459876464107573",
      "t" : 1756459876464,
      "tn" : 1756459876464107573,
      "q" : "73",
      "p" : "0.016234",
      "s" : "sell",
      "i" : "GALA_USDT",
      "m" : "4611686018432205435"
    }, {
      "d" : "1756459876454747594",
      "t" : 1756459876454,
      "tn" : 1756459876454747594,
      "q" : "73",
      "p" : "0.016234",
      "s" : "sell",
      "i" : "GALA_USDT",
      "m" : "4611686018432205434"
    }, {
      "d" : "1756459846598389253",
      "t" : 1756459846598,
      "tn" : 1756459846598389253,
      "q" : "73",
      "p" : "0.016254",
      "s" : "sell",
      "i" : "GALA_USDT",
      "m" : "4611686018432205433"
    }, {
      "d" : "1756459490662643392",
      "t" : 1756459490662,
      "tn" : 1756459490662643392,
      "q" : "73",
      "p" : "0.016205",
      "s" : "buy",
      "i" : "GALA_USDT",
      "m" : "4611686018432205432"
    }, {
      "d" : "1756459490562406257",
      "t" : 1756459490562,
      "tn" : 1756459490562406257,
      "q" : "73",
      "p" : "0.016205",
      "s" : "buy",
      "i" : "GALA_USDT",
      "m" : "4611686018432205431"
    }, {
      "d" : "1756459490522302786",
      "t" : 1756459490522,
      "tn" : 1756459490522302786,
      "q" : "73",
      "p" : "0.016205",
      "s" : "buy",
      "i" : "GALA_USDT",
      "m" : "4611686018432205430"
    }, {
      "d" : "1756459490362112677",
      "t" : 1756459490362,
      "tn" : 1756459490362112677,
      "q" : "73",
      "p" : "0.016205",
      "s" : "buy",
      "i" : "GALA_USDT",
      "m" : "4611686018432205429"
    }, {
      "d" : "1756459490262038439",
      "t" : 1756459490262,
      "tn" : 1756459490262038439,
      "q" : "73",
      "p" : "0.016205",
      "s" : "buy",
      "i" : "GALA_USDT",
      "m" : "4611686018432205428"
    }, {
      "d" : "1756459490251875967",
      "t" : 1756459490251,
      "tn" : 1756459490251875967,
      "q" : "73",
      "p" : "0.016205",
      "s" : "buy",
      "i" : "GALA_USDT",
      "m" : "4611686018432205427"
    }, {
      "d" : "1756459490061833111",
      "t" : 1756459490061,
      "tn" : 1756459490061833111,
      "q" : "73",
      "p" : "0.016205",
      "s" : "buy",
      "i" : "GALA_USDT",
      "m" : "4611686018432205426"
    }, {
      "d" : "1756459489760603157",
      "t" : 1756459489760,
      "tn" : 1756459489760603157,
      "q" : "73",
      "p" : "0.016205",
      "s" : "buy",
      "i" : "GALA_USDT",
      "m" : "4611686018432205425"
    }, {
      "d" : "1756459489519769260",
      "t" : 1756459489519,
      "tn" : 1756459489519769260,
      "q" : "73",
      "p" : "0.016205",
      "s" : "buy",
      "i" : "GALA_USDT",
      "m" : "4611686018432205424"
    }, {
      "d" : "1756459489159763658",
      "t" : 1756459489159,
      "tn" : 1756459489159763658,
      "q" : "73",
      "p" : "0.016205",
      "s" : "buy",
      "i" : "GALA_USDT",
      "m" : "4611686018432205423"
    }, {
      "d" : "1756459488522352532",
      "t" : 1756459488522,
      "tn" : 1756459488522352532,
      "q" : "73",
      "p" : "0.016205",
      "s" : "buy",
      "i" : "GALA_USDT",
      "m" : "4611686018432205422"
    }, {
      "d" : "1756459487961753547",
      "t" : 1756459487961,
      "tn" : 1756459487961753547,
      "q" : "73",
      "p" : "0.016205",
      "s" : "buy",
      "i" : "GALA_USDT",
      "m" : "4611686018432205421"
    }, {
      "d" : "1756459487560012232",
      "t" : 1756459487560,
      "tn" : 1756459487560012232,
      "q" : "73",
      "p" : "0.016205",
      "s" : "buy",
      "i" : "GALA_USDT",
      "m" : "4611686018432205420"
    }, {
      "d" : "1756459487514865164",
      "t" : 1756459487514,
      "tn" : 1756459487514865164,
      "q" : "73",
      "p" : "0.016205",
      "s" : "buy",
      "i" : "GALA_USDT",
      "m" : "4611686018432205419"
    }, {
      "d" : "1756459487359519816",
      "t" : 1756459487359,
      "tn" : 1756459487359519816,
      "q" : "73",
      "p" : "0.016205",
      "s" : "buy",
      "i" : "GALA_USDT",
      "m" : "4611686018432205418"
    }, {
      "d" : "1756459487160377141",
      "t" : 1756459487160,
      "tn" : 1756459487160377141,
      "q" : "73",
      "p" : "0.016205",
      "s" : "buy",
      "i" : "GALA_USDT",
      "m" : "4611686018432205417"
    }, {
      "d" : "1756459487060021241",
      "t" : 1756459487060,
      "tn" : 1756459487060021241,
      "q" : "73",
      "p" : "0.016205",
      "s" : "buy",
      "i" : "GALA_USDT",
      "m" : "4611686018432205416"
    }, {
      "d" : "1756459486959784525",
      "t" : 1756459486959,
      "tn" : 1756459486959784525,
      "q" : "73",
      "p" : "0.016205",
      "s" : "buy",
      "i" : "GALA_USDT",
      "m" : "4611686018432205415"
    }, {
      "d" : "1756459486859749684",
      "t" : 1756459486859,
      "tn" : 1756459486859749684,
      "q" : "73",
      "p" : "0.016205",
      "s" : "buy",
      "i" : "GALA_USDT",
      "m" : "4611686018432205414"
    }, {
      "d" : "1756459486824620416",
      "t" : 1756459486824,
      "tn" : 1756459486824620416,
      "q" : "73",
      "p" : "0.016205",
      "s" : "buy",
      "i" : "GALA_USDT",
      "m" : "4611686018432205413"
    }, {
      "d" : "1756459486763540706",
      "t" : 1756459486763,
      "tn" : 1756459486763540706,
      "q" : "73",
      "p" : "0.016205",
      "s" : "buy",
      "i" : "GALA_USDT",
      "m" : "4611686018432205412"
    }, {
      "d" : "1756459486663423235",
      "t" : 1756459486663,
      "tn" : 1756459486663423235,
      "q" : "73",
      "p" : "0.016205",
      "s" : "buy",
      "i" : "GALA_USDT",
      "m" : "4611686018432205411"
    }, {
      "d" : "1756459486572320659",
      "t" : 1756459486572,
      "tn" : 1756459486572320659,
      "q" : "73",
      "p" : "0.016205",
      "s" : "buy",
      "i" : "GALA_USDT",
      "m" : "4611686018432205410"
    }, {
      "d" : "1756459486561845169",
      "t" : 1756459486561,
      "tn" : 1756459486561845169,
      "q" : "73",
      "p" : "0.016205",
      "s" : "buy",
      "i" : "GALA_USDT",
      "m" : "4611686018432205409"
    }, {
      "d" : "1756459486522118190",
      "t" : 1756459486522,
      "tn" : 1756459486522118190,
      "q" : "73",
      "p" : "0.016205",
      "s" : "buy",
      "i" : "GALA_USDT",
      "m" : "4611686018432205408"
    }, {
      "d" : "1756459486261687373",
      "t" : 1756459486261,
      "tn" : 1756459486261687373,
      "q" : "73",
      "p" : "0.016205",
      "s" : "buy",
      "i" : "GALA_USDT",
      "m" : "4611686018432205407"
    }, {
      "d" : "1756459486171532528",
      "t" : 1756459486171,
      "tn" : 1756459486171532528,
      "q" : "73",
      "p" : "0.016205",
      "s" : "buy",
      "i" : "GALA_USDT",
      "m" : "4611686018432205406"
    }, {
      "d" : "1756459485961031564",
      "t" : 1756459485961,
      "tn" : 1756459485961031564,
      "q" : "73",
      "p" : "0.016205",
      "s" : "buy",
      "i" : "GALA_USDT",
      "m" : "4611686018432205405"
    }, {
      "d" : "1756459485660416333",
      "t" : 1756459485660,
      "tn" : 1756459485660416333,
      "q" : "73",
      "p" : "0.016205",
      "s" : "buy",
      "i" : "GALA_USDT",
      "m" : "4611686018432205404"
    }, {
      "d" : "1756459485561406351",
      "t" : 1756459485561,
      "tn" : 1756459485561406351,
      "q" : "73",
      "p" : "0.016205",
      "s" : "buy",
      "i" : "GALA_USDT",
      "m" : "4611686018432205403"
    }, {
      "d" : "1756459485521360396",
      "t" : 1756459485521,
      "tn" : 1756459485521360396,
      "q" : "73",
      "p" : "0.016205",
      "s" : "buy",
      "i" : "GALA_USDT",
      "m" : "4611686018432205402"
    }, {
      "d" : "1756459485491245964",
      "t" : 1756459485491,
      "tn" : 1756459485491245964,
      "q" : "73",
      "p" : "0.016205",
      "s" : "buy",
      "i" : "GALA_USDT",
      "m" : "4611686018432205401"
    }, {
      "d" : "1756459485471296226",
      "t" : 1756459485471,
      "tn" : 1756459485471296226,
      "q" : "73",
      "p" : "0.016205",
      "s" : "buy",
      "i" : "GALA_USDT",
      "m" : "4611686018432205400"
    }, {
      "d" : "1756459485461238404",
      "t" : 1756459485461,
      "tn" : 1756459485461238404,
      "q" : "73",
      "p" : "0.016205",
      "s" : "buy",
      "i" : "GALA_USDT",
      "m" : "4611686018432205399"
    }, {
      "d" : "1756459485160970782",
      "t" : 1756459485160,
      "tn" : 1756459485160970782,
      "q" : "73",
      "p" : "0.016205",
      "s" : "buy",
      "i" : "GALA_USDT",
      "m" : "4611686018432205398"
    }, {
      "d" : "1756459485060749476",
      "t" : 1756459485060,
      "tn" : 1756459485060749476,
      "q" : "73",
      "p" : "0.016205",
      "s" : "buy",
      "i" : "GALA_USDT",
      "m" : "4611686018432205397"
    }, {
      "d" : "1756459484960592128",
      "t" : 1756459484960,
      "tn" : 1756459484960592128,
      "q" : "73",
      "p" : "0.016205",
      "s" : "buy",
      "i" : "GALA_USDT",
      "m" : "4611686018432205396"
    }, {
      "d" : "1756459484860482662",
      "t" : 1756459484860,
      "tn" : 1756459484860482662,
      "q" : "73",
      "p" : "0.016205",
      "s" : "buy",
      "i" : "GALA_USDT",
      "m" : "4611686018432205395"
    }, {
      "d" : "1756459484759702790",
      "t" : 1756459484759,
      "tn" : 1756459484759702790,
      "q" : "73",
      "p" : "0.016205",
      "s" : "buy",
      "i" : "GALA_USDT",
      "m" : "4611686018432205394"
    }, {
      "d" : "1756459484739630026",
      "t" : 1756459484739,
      "tn" : 1756459484739630026,
      "q" : "73",
      "p" : "0.016205",
      "s" : "buy",
      "i" : "GALA_USDT",
      "m" : "4611686018432205393"
    }, {
      "d" : "1756459484516251942",
      "t" : 1756459484516,
      "tn" : 1756459484516251942,
      "q" : "73",
      "p" : "0.016205",
      "s" : "buy",
      "i" : "GALA_USDT",
      "m" : "4611686018432205392"
    }, {
      "d" : "1756459484361023600",
      "t" : 1756459484361,
      "tn" : 1756459484361023600,
      "q" : "73",
      "p" : "0.016205",
      "s" : "buy",
      "i" : "GALA_USDT",
      "m" : "4611686018432205391"
    }, {
      "d" : "1756459484160841666",
      "t" : 1756459484160,
      "tn" : 1756459484160841666,
      "q" : "73",
      "p" : "0.016205",
      "s" : "buy",
      "i" : "GALA_USDT",
      "m" : "4611686018432205390"
    }, {
      "d" : "1756459484030617443",
      "t" : 1756459484030,
      "tn" : 1756459484030617443,
      "q" : "73",
      "p" : "0.016205",
      "s" : "buy",
      "i" : "GALA_USDT",
      "m" : "4611686018432205389"
    }, {
      "d" : "1756459484007342997",
      "t" : 1756459484007,
      "tn" : 1756459484007342997,
      "q" : "73",
      "p" : "0.016205",
      "s" : "buy",
      "i" : "GALA_USDT",
      "m" : "4611686018432205388"
    }, {
      "d" : "1756459475271894299",
      "t" : 1756459475271,
      "tn" : 1756459475271894299,
      "q" : "14912",
      "p" : "0.016201",
      "s" : "sell",
      "i" : "GALA_USDT",
      "m" : "4611686018432205387"
    }, {
      "d" : "1756459475271892355",
      "t" : 1756459475271,
      "tn" : 1756459475271892355,
      "q" : "15429",
      "p" : "0.016202",
      "s" : "sell",
      "i" : "GALA_USDT",
      "m" : "4611686018432205386"
    }, {
      "d" : "1756459475271890048",
      "t" : 1756459475271,
      "tn" : 1756459475271890048,
      "q" : "73",
      "p" : "0.016204",
      "s" : "sell",
      "i" : "GALA_USDT",
      "m" : "4611686018432205385"
    }, {
      "d" : "1756459334412607051",
      "t" : 1756459334412,
      "tn" : 1756459334412607051,
      "q" : "73",
      "p" : "0.016234",
      "s" : "sell",
      "i" : "GALA_USDT",
      "m" : "4611686018432205384"
    }, {
      "d" : "1756459334379594691",
      "t" : 1756459334379,
      "tn" : 1756459334379594691,
      "q" : "73",
      "p" : "0.016235",
      "s" : "buy",
      "i" : "GALA_USDT",
      "m" : "4611686018432205383"
    }, {
      "d" : "1756459332886313226",
      "t" : 1756459332886,
      "tn" : 1756459332886313226,
      "q" : "73",
      "p" : "0.016234",
      "s" : "sell",
      "i" : "GALA_USDT",
      "m" : "4611686018432205382"
    }, {
      "d" : "1756459329380335325",
      "t" : 1756459329380,
      "tn" : 1756459329380335325,
      "q" : "73",
      "p" : "0.016254",
      "s" : "sell",
      "i" : "GALA_USDT",
      "m" : "4611686018432205381"
    }, {
      "d" : "1756459092148871922",
      "t" : 1756459092148,
      "tn" : 1756459092148871922,
      "q" : "73",
      "p" : "0.016194",
      "s" : "sell",
      "i" : "GALA_USDT",
      "m" : "4611686018432205380"
    }, {
      "d" : "1756459039278341591",
      "t" : 1756459039278,
      "tn" : 1756459039278341591,
      "q" : "73",
      "p" : "0.016174",
      "s" : "sell",
      "i" : "GALA_USDT",
      "m" : "4611686018432205379"
    }, {
      "d" : "1756459025317671997",
      "t" : 1756459025317,
      "tn" : 1756459025317671997,
      "q" : "73",
      "p" : "0.016174",
      "s" : "sell",
      "i" : "GALA_USDT",
      "m" : "4611686018432205378"
    }, {
      "d" : "1756459024578485055",
      "t" : 1756459024578,
      "tn" : 1756459024578485055,
      "q" : "73",
      "p" : "0.016184",
      "s" : "sell",
      "i" : "GALA_USDT",
      "m" : "4611686018432205377"
    }, {
      "d" : "1756459020290587418",
      "t" : 1756459020290,
      "tn" : 1756459020290587418,
      "q" : "73",
      "p" : "0.016184",
      "s" : "sell",
      "i" : "GALA_USDT",
      "m" : "4611686018432205376"
    }, {
      "d" : "1756459011829477347",
      "t" : 1756459011829,
      "tn" : 1756459011829477347,
      "q" : "73",
      "p" : "0.016185",
      "s" : "buy",
      "i" : "GALA_USDT",
      "m" : "4611686018432205375"
    }, {
      "d" : "1756459011784184181",
      "t" : 1756459011784,
      "tn" : 1756459011784184181,
      "q" : "73",
      "p" : "0.016184",
      "s" : "sell",
      "i" : "GALA_USDT",
      "m" : "4611686018432205374"
    }, {
      "d" : "1756458983906029344",
      "t" : 1756458983906,
      "tn" : 1756458983906029344,
      "q" : "73",
      "p" : "0.016174",
      "s" : "sell",
      "i" : "GALA_USDT",
      "m" : "4611686018432205373"
    }, {
      "d" : "1756458719662027692",
      "t" : 1756458719662,
      "tn" : 1756458719662027692,
      "q" : "73",
      "p" : "0.016124",
      "s" : "sell",
      "i" : "GALA_USDT",
      "m" : "4611686018432205372"
    }, {
      "d" : "1756458176540068269",
      "t" : 1756458176540,
      "tn" : 1756458176540068269,
      "q" : "73",
      "p" : "0.016055",
      "s" : "buy",
      "i" : "GALA_USDT",
      "m" : "4611686018432205371"
    }, {
      "d" : "1756458176496400288",
      "t" : 1756458176496,
      "tn" : 1756458176496400288,
      "q" : "73",
      "p" : "0.016055",
      "s" : "sell",
      "i" : "GALA_USDT",
      "m" : "4611686018432205370"
    }, {
      "d" : "1756458176496397974",
      "t" : 1756458176496,
      "tn" : 1756458176496397973,
      "q" : "88",
      "p" : "0.016059",
      "s" : "sell",
      "i" : "GALA_USDT",
      "m" : "4611686018432205369"
    }, {
      "d" : "1756458176496397973",
      "t" : 1756458176496,
      "tn" : 1756458176496397973,
      "q" : "103",
      "p" : "0.016059",
      "s" : "sell",
      "i" : "GALA_USDT",
      "m" : "4611686018432205369"
    }, {
      "d" : "1756458154295325618",
      "t" : 1756458154295,
      "tn" : 1756458154295325618,
      "q" : "73",
      "p" : "0.016075",
      "s" : "buy",
      "i" : "GALA_USDT",
      "m" : "4611686018432205368"
    }, {
      "d" : "1756458154185905616",
      "t" : 1756458154185,
      "tn" : 1756458154185905616,
      "q" : "633",
      "p" : "0.016081",
      "s" : "sell",
      "i" : "GALA_USDT",
      "m" : "4611686018432205367"
    }, {
      "d" : "1756458146580385548",
      "t" : 1756458146580,
      "tn" : 1756458146580385548,
      "q" : "73",
      "p" : "0.016104",
      "s" : "sell",
      "i" : "GALA_USDT",
      "m" : "4611686018432205366"
    }, {
      "d" : "1756458133178268683",
      "t" : 1756458133178,
      "tn" : 1756458133178268683,
      "q" : "73",
      "p" : "0.016114",
      "s" : "sell",
      "i" : "GALA_USDT",
      "m" : "4611686018432205365"
    }, {
      "d" : "1756458116330500603",
      "t" : 1756458116330,
      "tn" : 1756458116330500603,
      "q" : "73",
      "p" : "0.016114",
      "s" : "sell",
      "i" : "GALA_USDT",
      "m" : "4611686018432205364"
    }, {
      "d" : "1756458114768664144",
      "t" : 1756458114768,
      "tn" : 1756458114768664144,
      "q" : "73",
      "p" : "0.016115",
      "s" : "buy",
      "i" : "GALA_USDT",
      "m" : "4611686018432205363"
    }, {
      "d" : "1756458113581104795",
      "t" : 1756458113581,
      "tn" : 1756458113581104795,
      "q" : "73",
      "p" : "0.016114",
      "s" : "sell",
      "i" : "GALA_USDT",
      "m" : "4611686018432205362"
    }, {
      "d" : "1756458113006609549",
      "t" : 1756458113006,
      "tn" : 1756458113006609549,
      "q" : "73",
      "p" : "0.016114",
      "s" : "sell",
      "i" : "GALA_USDT",
      "m" : "4611686018432205361"
    }, {
      "d" : "1756458107780656110",
      "t" : 1756458107780,
      "tn" : 1756458107780656110,
      "q" : "73",
      "p" : "0.016114",
      "s" : "sell",
      "i" : "GALA_USDT",
      "m" : "4611686018432205360"
    }, {
      "d" : "1756458107478179357",
      "t" : 1756458107478,
      "tn" : 1756458107478179357,
      "q" : "73",
      "p" : "0.016114",
      "s" : "sell",
      "i" : "GALA_USDT",
      "m" : "4611686018432205359"
    }, {
      "d" : "1756458105879877872",
      "t" : 1756458105879,
      "tn" : 1756458105879877872,
      "q" : "73",
      "p" : "0.016114",
      "s" : "sell",
      "i" : "GALA_USDT",
      "m" : "4611686018432205358"
    }, {
      "d" : "1756458105796177516",
      "t" : 1756458105796,
      "tn" : 1756458105796177516,
      "q" : "73",
      "p" : "0.016114",
      "s" : "sell",
      "i" : "GALA_USDT",
      "m" : "4611686018432205357"
    }, {
      "d" : "1756458105012694983",
      "t" : 1756458105012,
      "tn" : 1756458105012694983,
      "q" : "73",
      "p" : "0.016114",
      "s" : "sell",
      "i" : "GALA_USDT",
      "m" : "4611686018432205356"
    }, {
      "d" : "1756458103746817523",
      "t" : 1756458103746,
      "tn" : 1756458103746817523,
      "q" : "73",
      "p" : "0.016114",
      "s" : "sell",
      "i" : "GALA_USDT",
      "m" : "4611686018432205355"
    }, {
      "d" : "1756458062237945832",
      "t" : 1756458062237,
      "tn" : 1756458062237945832,
      "q" : "73",
      "p" : "0.016124",
      "s" : "sell",
      "i" : "GALA_USDT",
      "m" : "4611686018432205354"
    }, {
      "d" : "1756458009675331521",
      "t" : 1756458009675,
      "tn" : 1756458009675331521,
      "q" : "73",
      "p" : "0.016144",
      "s" : "sell",
      "i" : "GALA_USDT",
      "m" : "4611686018432205353"
    }, {
      "d" : "1756458005581215157",
      "t" : 1756458005581,
      "tn" : 1756458005581215157,
      "q" : "73",
      "p" : "0.016155",
      "s" : "buy",
      "i" : "GALA_USDT",
      "m" : "4611686018432205352"
    }, {
      "d" : "1756458005539636825",
      "t" : 1756458005539,
      "tn" : 1756458005539636825,
      "q" : "73",
      "p" : "0.016154",
      "s" : "sell",
      "i" : "GALA_USDT",
      "m" : "4611686018432205351"
    }, {
      "d" : "1756457850407917249",
      "t" : 1756457850407,
      "tn" : 1756457850407917249,
      "q" : "73",
      "p" : "0.016154",
      "s" : "sell",
      "i" : "GALA_USDT",
      "m" : "4611686018432205350"
    }, {
      "d" : "1756457809519722902",
      "t" : 1756457809519,
      "tn" : 1756457809519722902,
      "q" : "73",
      "p" : "0.016175",
      "s" : "buy",
      "i" : "GALA_USDT",
      "m" : "4611686018432205349"
    }, {
      "d" : "1756457809459616250",
      "t" : 1756457809459,
      "tn" : 1756457809459616250,
      "q" : "73",
      "p" : "0.016175",
      "s" : "buy",
      "i" : "GALA_USDT",
      "m" : "4611686018432205348"
    }, {
      "d" : "1756457808521307825",
      "t" : 1756457808521,
      "tn" : 1756457808521307825,
      "q" : "73",
      "p" : "0.016175",
      "s" : "buy",
      "i" : "GALA_USDT",
      "m" : "4611686018432205347"
    }, {
      "d" : "1756457808261447088",
      "t" : 1756457808261,
      "tn" : 1756457808261447088,
      "q" : "73",
      "p" : "0.016175",
      "s" : "buy",
      "i" : "GALA_USDT",
      "m" : "4611686018432205346"
    }, {
      "d" : "1756457808160971185",
      "t" : 1756457808160,
      "tn" : 1756457808160971185,
      "q" : "73",
      "p" : "0.016175",
      "s" : "buy",
      "i" : "GALA_USDT",
      "m" : "4611686018432205345"
    }, {
      "d" : "1756457807515513676",
      "t" : 1756457807515,
      "tn" : 1756457807515513676,
      "q" : "73",
      "p" : "0.016175",
      "s" : "buy",
      "i" : "GALA_USDT",
      "m" : "4611686018432205344"
    }, {
      "d" : "1756457807260133233",
      "t" : 1756457807260,
      "tn" : 1756457807260133233,
      "q" : "73",
      "p" : "0.016175",
      "s" : "buy",
      "i" : "GALA_USDT",
      "m" : "4611686018432205343"
    }, {
      "d" : "1756457806561919065",
      "t" : 1756457806561,
      "tn" : 1756457806561919065,
      "q" : "73",
      "p" : "0.016175",
      "s" : "buy",
      "i" : "GALA_USDT",
      "m" : "4611686018432205342"
    }, {
      "d" : "1756457806541281590",
      "t" : 1756457806541,
      "tn" : 1756457806541281590,
      "q" : "73",
      "p" : "0.016175",
      "s" : "buy",
      "i" : "GALA_USDT",
      "m" : "4611686018432205341"
    }, {
      "d" : "1756457731840503323",
      "t" : 1756457731840,
      "tn" : 1756457731840503323,
      "q" : "8438",
      "p" : "0.016179",
      "s" : "buy",
      "i" : "GALA_USDT",
      "m" : "4611686018432205340"
    }, {
      "d" : "1756457695144696192",
      "t" : 1756457695144,
      "tn" : 1756457695144696192,
      "q" : "73",
      "p" : "0.016164",
      "s" : "sell",
      "i" : "GALA_USDT",
      "m" : "4611686018432205339"
    }, {
      "d" : "1756456855499819402",
      "t" : 1756456855499,
      "tn" : 1756456855499819402,
      "q" : "4586",
      "p" : "0.016245",
      "s" : "sell",
      "i" : "GALA_USDT",
      "m" : "4611686018432205338"
    }, {
      "d" : "1756455625056001134",
      "t" : 1756455625056,
      "tn" : 1756455625056001134,
      "q" : "4000",
      "p" : "0.016267",
      "s" : "sell",
      "i" : "GALA_USDT",
      "m" : "4611686018432205337"
    }, {
      "d" : "1756455448559482837",
      "t" : 1756455448559,
      "tn" : 1756455448559482837,
      "q" : "15335",
      "p" : "0.016299",
      "s" : "buy",
      "i" : "GALA_USDT",
      "m" : "4611686018432205336"
    }, {
      "d" : "1756455440295880670",
      "t" : 1756455440295,
      "tn" : 1756455440295880670,
      "q" : "213",
      "p" : "0.016285",
      "s" : "sell",
      "i" : "GALA_USDT",
      "m" : "4611686018432205335"
    }, {
      "d" : "1756454321521006319",
      "t" : 1756454321521,
      "tn" : 1756454321521006319,
      "q" : "73",
      "p" : "0.016355",
      "s" : "buy",
      "i" : "GALA_USDT",
      "m" : "4611686018432205334"
    }, {
      "d" : "1756454319332830762",
      "t" : 1756454319332,
      "tn" : 1756454319332830762,
      "q" : "622",
      "p" : "0.016357",
      "s" : "sell",
      "i" : "GALA_USDT",
      "m" : "4611686018432205333"
    }, {
      "d" : "1756454259400364616",
      "t" : 1756454259400,
      "tn" : 1756454259400364616,
      "q" : "73",
      "p" : "0.016385",
      "s" : "buy",
      "i" : "GALA_USDT",
      "m" : "4611686018432205332"
    }, {
      "d" : "1756454259380341272",
      "t" : 1756454259380,
      "tn" : 1756454259380341272,
      "q" : "73",
      "p" : "0.016385",
      "s" : "buy",
      "i" : "GALA_USDT",
      "m" : "4611686018432205331"
    }, {
      "d" : "1756454259360323041",
      "t" : 1756454259360,
      "tn" : 1756454259360323041,
      "q" : "73",
      "p" : "0.016385",
      "s" : "buy",
      "i" : "GALA_USDT",
      "m" : "4611686018432205330"
    }, {
      "d" : "1756454259160122789",
      "t" : 1756454259160,
      "tn" : 1756454259160122789,
      "q" : "73",
      "p" : "0.016385",
      "s" : "buy",
      "i" : "GALA_USDT",
      "m" : "4611686018432205329"
    }, {
      "d" : "1756454259060701343",
      "t" : 1756454259060,
      "tn" : 1756454259060701343,
      "q" : "73",
      "p" : "0.016385",
      "s" : "buy",
      "i" : "GALA_USDT",
      "m" : "4611686018432205328"
    }, {
      "d" : "1756454259029958030",
      "t" : 1756454259029,
      "tn" : 1756454259029958030,
      "q" : "73",
      "p" : "0.016385",
      "s" : "buy",
      "i" : "GALA_USDT",
      "m" : "4611686018432205327"
    }, {
      "d" : "1756454258994729489",
      "t" : 1756454258994,
      "tn" : 1756454258994729489,
      "q" : "73",
      "p" : "0.016385",
      "s" : "buy",
      "i" : "GALA_USDT",
      "m" : "4611686018432205326"
    }, {
      "d" : "1756454258959725352",
      "t" : 1756454258959,
      "tn" : 1756454258959725352,
      "q" : "73",
      "p" : "0.016385",
      "s" : "buy",
      "i" : "GALA_USDT",
      "m" : "4611686018432205325"
    }, {
      "d" : "1756454258914734514",
      "t" : 1756454258914,
      "tn" : 1756454258914734514,
      "q" : "73",
      "p" : "0.016385",
      "s" : "buy",
      "i" : "GALA_USDT",
      "m" : "4611686018432205324"
    }, {
      "d" : "1756454258760094312",
      "t" : 1756454258760,
      "tn" : 1756454258760094312,
      "q" : "73",
      "p" : "0.016385",
      "s" : "buy",
      "i" : "GALA_USDT",
      "m" : "4611686018432205323"
    }, {
      "d" : "1756454258700123977",
      "t" : 1756454258700,
      "tn" : 1756454258700123977,
      "q" : "73",
      "p" : "0.016385",
      "s" : "buy",
      "i" : "GALA_USDT",
      "m" : "4611686018432205322"
    } ]
  }
}