{
  "id" : -1,
  "method" : "public/get-trades",
  "code" : 0,
  "result" : {
    "data" : [ {
      "d" : "1756461093057994139",
      "t" : 1756461093057,
      "tn" : 1756461093057994139,
      "q" : "73",
      "p" : "0.016275",
      "s" : "sell",
      "i" : "GALA_USD",
      "m" : "4611686018434174756"
    }, {
      "d" : "1756461092964930210",
      "t" : 1756461092964,
      "tn" : 1756461092964930210,
      "q" : "73",
      "p" : "0.016275",
      "s" : "sell",
      "i" : "GALA_USD",
      "m" : "4611686018434174755"
    }, {
      "d" : "1756461077386919342",
      "t" : 1756461077386,
      "tn" : 1756461077386919342,
      "q" : "73",
      "p" : "0.016276",
      "s" : "sell",
      "i" : "GALA_USD",
      "m" : "4611686018434174754"
    }, {
      "d" : "1756461077353302245",
      "t" : 1756461077353,
      "tn" : 1756461077353302245,
      "q" : "73",
      "p" : "0.016276",
      "s" : "sell",
      "i" : "GALA_USD",
      "m" : "4611686018434174753"
    }, {
      "d" : "1756461076660938854",
      "t" : 1756461076660,
      "tn" : 1756461076660938854,
      "q" : "73",
      "p" : "0.016276",
      "s" : "sell",
      "i" : "GALA_USD",
      "m" : "4611686018434174752"
    }, {
      "d" : "1756461076635699147",
      "t" : 1756461076635,
      "tn" : 1756461076635699147,
      "q" : "73",
      "p" : "0.016276",
      "s" : "sell",
      "i" : "GALA_USD",
      "m" : "4611686018434174751"
    }, {
      "d" : "1756461076562725163",
      "t" : 1756461076562,
      "tn" : 1756461076562725163,
      "q" : "73",
      "p" : "0.016276",
      "s" : "sell",
      "i" : "GALA_USD",
      "m" : "4611686018434174750"
    }, {
      "d" : "1756461076524010931",
      "t" : 1756461076524,
      "tn" : 1756461076524010931,
      "q" : "73",
      "p" : "0.016277",
      "s" : "sell",
      "i" : "GALA_USD",
      "m" : "4611686018434174749"
    }, {
      "d" : "1756461076488368266",
      "t" : 1756461076488,
      "tn" : 1756461076488368266,
      "q" : "73",
      "p" : "0.016276",
      "s" : "sell",
      "i" : "GALA_USD",
      "m" : "4611686018434174748"
    }, {
      "d" : "1756461076462479387",
      "t" : 1756461076462,
      "tn" : 1756461076462479387,
      "q" : "73",
      "p" : "0.016276",
      "s" : "sell",
      "i" : "GALA_USD",
      "m" : "4611686018434174747"
    }, {
      "d" : "1756461076362226021",
      "t" : 1756461076362,
      "tn" : 1756461076362226021,
      "q" : "73",
      "p" : "0.016276",
      "s" : "sell",
      "i" : "GALA_USD",
      "m" : "4611686018434174746"
    }, {
      "d" : "1756461076322761534",
      "t" : 1756461076322,
      "tn" : 1756461076322761534,
      "q" : "73",
      "p" : "0.016274",
      "s" : "sell",
      "i" : "GALA_USD",
      "m" : "4611686018434174745"
    }, {
      "d" : "1756461064863537015",
      "t" : 1756461064863,
      "tn" : 1756461064863537015,
      "q" : "73",
      "p" : "0.016276",
      "s" : "sell",
      "i" : "GALA_USD",
      "m" : "4611686018434174744"
    }, {
      "d" : "1756461064854115019",
      "t" : 1756461064854,
      "tn" : 1756461064854115019,
      "q" : "73",
      "p" : "0.016276",
      "s" : "sell",
      "i" : "GALA_USD",
      "m" : "4611686018434174743"
    }, {
      "d" : "1756461060179833741",
      "t" : 1756461060179,
      "tn" : 1756461060179833741,
      "q" : "73",
      "p" : "0.016276",
      "s" : "sell",
      "i" : "GALA_USD",
      "m" : "4611686018434174742"
    }, {
      "d" : "1756461060061649702",
      "t" : 1756461060061,
      "tn" : 1756461060061649702,
      "q" : "73",
      "p" : "0.016276",
      "s" : "sell",
      "i" : "GALA_USD",
      "m" : "4611686018434174741"
    }, {
      "d" : "1756461060052888231",
      "t" : 1756461060052,
      "tn" : 1756461060052888231,
      "q" : "73",
      "p" : "0.016276",
      "s" : "sell",
      "i" : "GALA_USD",
      "m" : "4611686018434174740"
    }, {
      "d" : "1756461059662513864",
      "t" : 1756461059662,
      "tn" : 1756461059662513864,
      "q" : "73",
      "p" : "0.016277",
      "s" : "sell",
      "i" : "GALA_USD",
      "m" : "4611686018434174739"
    }, {
      "d" : "1756461055204157029",
      "t" : 1756461055204,
      "tn" : 1756461055204157028,
      "q" : "8511",
      "p" : "0.016268",
      "s" : "sell",
      "i" : "GALA_USD",
      "m" : "4611686018434174738"
    }, {
      "d" : "1756461055204157028",
      "t" : 1756461055204,
      "tn" : 1756461055204157028,
      "q" : "6328",
      "p" : "0.016268",
      "s" : "sell",
      "i" : "GALA_USD",
      "m" : "4611686018434174738"
    }, {
      "d" : "1756461055204154300",
      "t" : 1756461055204,
      "tn" : 1756461055204154300,
      "q" : "6328",
      "p" : "0.016269",
      "s" : "sell",
      "i" : "GALA_USD",
      "m" : "4611686018434174737"
    }, {
      "d" : "1756461055204152493",
      "t" : 1756461055204,
      "tn" : 1756461055204152493,
      "q" : "73",
      "p" : "0.016277",
      "s" : "sell",
      "i" : "GALA_USD",
      "m" : "4611686018434174736"
    }, {
      "d" : "1756461055201730838",
      "t" : 1756461055201,
      "tn" : 1756461055201730838,
      "q" : "73",
      "p" : "0.016277",
      "s" : "sell",
      "i" : "GALA_USD",
      "m" : "4611686018434174735"
    }, {
      "d" : "1756461041266625248",
      "t" : 1756461041266,
      "tn" : 1756461041266625248,
      "q" : "73",
      "p" : "0.016276",
      "s" : "sell",
      "i" : "GALA_USD",
      "m" : "4611686018434174734"
    }, {
      "d" : "1756461036488179979",
      "t" : 1756461036488,
      "tn" : 1756461036488179979,
      "q" : "73",
      "p" : "0.016286",
      "s" : "sell",
      "i" : "GALA_USD",
      "m" : "4611686018434174733"
    }, {
      "d" : "1756461036462222911",
      "t" : 1756461036462,
      "tn" : 1756461036462222911,
      "q" : "73",
      "p" : "0.016286",
      "s" : "sell",
      "i" : "GALA_USD",
      "m" : "4611686018434174732"
    }, {
      "d" : "1756461036412062475",
      "t" : 1756461036412,
      "tn" : 1756461036412062475,
      "q" : "73",
      "p" : "0.016286",
      "s" : "sell",
      "i" : "GALA_USD",
      "m" : "4611686018434174731"
    }, {
      "d" : "1756461034770145639",
      "t" : 1756461034770,
      "tn" : 1756461034770145639,
      "q" : "73",
      "p" : "0.016286",
      "s" : "sell",
      "i" : "GALA_USD",
      "m" : "4611686018434174730"
    }, {
      "d" : "1756461034747451998",
      "t" : 1756461034747,
      "tn" : 1756461034747451998,
      "q" : "73",
      "p" : "0.016286",
      "s" : "sell",
      "i" : "GALA_USD",
      "m" : "4611686018434174729"
    }, {
      "d" : "1756461034655724505",
      "t" : 1756461034655,
      "tn" : 1756461034655724505,
      "q" : "73",
      "p" : "0.016286",
      "s" : "sell",
      "i" : "GALA_USD",
      "m" : "4611686018434174728"
    }, {
      "d" : "1756461031733343599",
      "t" : 1756461031733,
      "tn" : 1756461031733343599,
      "q" : "73",
      "p" : "0.016286",
      "s" : "sell",
      "i" : "GALA_USD",
      "m" : "4611686018434174727"
    }, {
      "d" : "1756461013360797812",
      "t" : 1756461013360,
      "tn" : 1756461013360797812,
      "q" : "73",
      "p" : "0.016286",
      "s" : "sell",
      "i" : "GALA_USD",
      "m" : "4611686018434174726"
    }, {
      "d" : "1756461013263143697",
      "t" : 1756461013263,
      "tn" : 1756461013263143697,
      "q" : "73",
      "p" : "0.016286",
      "s" : "sell",
      "i" : "GALA_USD",
      "m" : "4611686018434174725"
    }, {
      "d" : "1756461013204183433",
      "t" : 1756461013204,
      "tn" : 1756461013204183433,
      "q" : "73",
      "p" : "0.016286",
      "s" : "sell",
      "i" : "GALA_USD",
      "m" : "4611686018434174724"
    }, {
      "d" : "1756461012946116424",
      "t" : 1756461012946,
      "tn" : 1756461012946116424,
      "q" : "73",
      "p" : "0.016286",
      "s" : "sell",
      "i" : "GALA_USD",
      "m" : "4611686018434174723"
    }, {
      "d" : "1756461012924528795",
      "t" : 1756461012924,
      "tn" : 1756461012924528795,
      "q" : "73",
      "p" : "0.016286",
      "s" : "sell",
      "i" : "GALA_USD",
      "m" : "4611686018434174722"
    }, {
      "d" : "1756461012894518278",
      "t" : 1756461012894,
      "tn" : 1756461012894518278,
      "q" : "73",
      "p" : "0.016286",
      "s" : "sell",
      "i" : "GALA_USD",
      "m" : "4611686018434174721"
    }, {
      "d" : "1756461012864435112",
      "t" : 1756461012864,
      "tn" : 1756461012864435112,
      "q" : "73",
      "p" : "0.016286",
      "s" : "sell",
      "i" : "GALA_USD",
      "m" : "4611686018434174720"
    }, {
      "d" : "1756461012817680119",
      "t" : 1756461012817,
      "tn" : 1756461012817680119,
      "q" : "73",
      "p" : "0.016286",
      "s" : "sell",
      "i" : "GALA_USD",
      "m" : "4611686018434174719"
    }, {
      "d" : "1756461012764229306",
      "t" : 1756461012764,
      "tn" : 1756461012764229306,
      "q" : "73",
      "p" : "0.016286",
      "s" : "sell",
      "i" : "GALA_USD",
      "m" : "4611686018434174718"
    }, {
      "d" : "1756461012736004755",
      "t" : 1756461012736,
      "tn" : 1756461012736004755,
      "q" : "73",
      "p" : "0.016286",
      "s" : "sell",
      "i" : "GALA_USD",
      "m" : "4611686018434174717"
    }, {
      "d" : "1756461008060211123",
      "t" : 1756461008060,
      "tn" : 1756461008060211123,
      "q" : "73",
      "p" : "0.016297",
      "s" : "sell",
      "i" : "GALA_USD",
      "m" : "4611686018434174716"
    }, {
      "d" : "1756461000745761400",
      "t" : 1756461000745,
      "tn" : 1756461000745761400,
      "q" : "73",
      "p" : "0.016296",
      "s" : "sell",
      "i" : "GALA_USD",
      "m" : "4611686018434174715"
    }, {
      "d" : "1756461000735767028",
      "t" : 1756461000735,
      "tn" : 1756461000735767028,
      "q" : "73",
      "p" : "0.016296",
      "s" : "sell",
      "i" : "GALA_USD",
      "m" : "4611686018434174714"
    }, {
      "d" : "1756461000725729781",
      "t" : 1756461000725,
      "tn" : 1756461000725729781,
      "q" : "73",
      "p" : "0.016296",
      "s" : "sell",
      "i" : "GALA_USD",
      "m" : "4611686018434174713"
    }, {
      "d" : "1756461000705683009",
      "t" : 1756461000705,
      "tn" : 1756461000705683009,
      "q" : "73",
      "p" : "0.016296",
      "s" : "sell",
      "i" : "GALA_USD",
      "m" : "4611686018434174712"
    }, {
      "d" : "1756461000675954383",
      "t" : 1756461000675,
      "tn" : 1756461000675954383,
      "q" : "73",
      "p" : "0.016296",
      "s" : "sell",
      "i" : "GALA_USD",
      "m" : "4611686018434174711"
    }, {
      "d" : "1756461000661285115",
      "t" : 1756461000661,
      "tn" : 1756461000661285115,
      "q" : "73",
      "p" : "0.016296",
      "s" : "sell",
      "i" : "GALA_USD",
      "m" : "4611686018434174710"
    }, {
      "d" : "1756461000641932214",
      "t" : 1756461000641,
      "tn" : 1756461000641932214,
      "q" : "73",
      "p" : "0.016297",
      "s" : "sell",
      "i" : "GALA_USD",
      "m" : "4611686018434174709"
    }, {
      "d" : "1756460987660429894",
      "t" : 1756460987660,
      "tn" : 1756460987660429894,
      "q" : "73",
      "p" : "0.016296",
      "s" : "sell",
      "i" : "GALA_USD",
      "m" : "4611686018434174708"
    }, {
      "d" : "1756460985602969718",
      "t" : 1756460985602,
      "tn" : 1756460985602969718,
      "q" : "73",
      "p" : "0.016296",
      "s" : "sell",
      "i" : "GALA_USD",
      "m" : "4611686018434174707"
    }, {
      "d" : "1756460985584371205",
      "t" : 1756460985584,
      "tn" : 1756460985584371205,
      "q" : "73",
      "p" : "0.016296",
      "s" : "sell",
      "i" : "GALA_USD",
      "m" : "4611686018434174706"
    }, {
      "d" : "1756460984812393944",
      "t" : 1756460984812,
      "tn" : 1756460984812393944,
      "q" : "73",
      "p" : "0.016297",
      "s" : "sell",
      "i" : "GALA_USD",
      "m" : "4611686018434174705"
    }, {
      "d" : "1756460971023345194",
      "t" : 1756460971023,
      "tn" : 1756460971023345194,
      "q" : "73",
      "p" : "0.016296",
      "s" : "sell",
      "i" : "GALA_USD",
      "m" : "4611686018434174704"
    }, {
      "d" : "1756460971000934750",
      "t" : 1756460971000,
      "tn" : 1756460971000934750,
      "q" : "73",
      "p" : "0.016297",
      "s" : "sell",
      "i" : "GALA_USD",
      "m" : "4611686018434174703"
    }, {
      "d" : "1756460955711779081",
      "t" : 1756460955711,
      "tn" : 1756460955711779081,
      "q" : "73",
      "p" : "0.016297",
      "s" : "sell",
      "i" : "GALA_USD",
      "m" : "4611686018434174702"
    }, {
      "d" : "1756460944382236928",
      "t" : 1756460944382,
      "tn" : 1756460944382236928,
      "q" : "73",
      "p" : "0.016285",
      "s" : "sell",
      "i" : "GALA_USD",
      "m" : "4611686018434174701"
    }, {
      "d" : "1756460944374158266",
      "t" : 1756460944374,
      "tn" : 1756460944374158266,
      "q" : "73",
      "p" : "0.016285",
      "s" : "sell",
      "i" : "GALA_USD",
      "m" : "4611686018434174700"
    }, {
      "d" : "1756460944321483427",
      "t" : 1756460944321,
      "tn" : 1756460944321483427,
      "q" : "73",
      "p" : "0.016286",
      "s" : "sell",
      "i" : "GALA_USD",
      "m" : "4611686018434174699"
    }, {
      "d" : "1756460944270805925",
      "t" : 1756460944270,
      "tn" : 1756460944270805925,
      "q" : "73",
      "p" : "0.016287",
      "s" : "sell",
      "i" : "GALA_USD",
      "m" : "4611686018434174698"
    }, {
      "d" : "1756460940633264676",
      "t" : 1756460940633,
      "tn" : 1756460940633264676,
      "q" : "73",
      "p" : "0.016287",
      "s" : "sell",
      "i" : "GALA_USD",
      "m" : "4611686018434174697"
    }, {
      "d" : "1756460929472317506",
      "t" : 1756460929472,
      "tn" : 1756460929472317506,
      "q" : "73",
      "p" : "0.016287",
      "s" : "sell",
      "i" : "GALA_USD",
      "m" : "4611686018434174696"
    }, {
      "d" : "1756460929414621923",
      "t" : 1756460929414,
      "tn" : 1756460929414621923,
      "q" : "73",
      "p" : "0.016287",
      "s" : "sell",
      "i" : "GALA_USD",
      "m" : "4611686018434174695"
    }, {
      "d" : "1756460929082371079",
      "t" : 1756460929082,
      "tn" : 1756460929082371079,
      "q" : "73",
      "p" : "0.016295",
      "s" : "sell",
      "i" : "GALA_USD",
      "m" : "4611686018434174694"
    }, {
      "d" : "1756460927777498067",
      "t" : 1756460927777,
      "tn" : 1756460927777498067,
      "q" : "73",
      "p" : "0.016295",
      "s" : "sell",
      "i" : "GALA_USD",
      "m" : "4611686018434174693"
    }, {
      "d" : "1756460927662286176",
      "t" : 1756460927662,
      "tn" : 1756460927662286176,
      "q" : "73",
      "p" : "0.016296",
      "s" : "sell",
      "i" : "GALA_USD",
      "m" : "4611686018434174692"
    }, {
      "d" : "1756460927545857181",
      "t" : 1756460927545,
      "tn" : 1756460927545857181,
      "q" : "73",
      "p" : "0.016296",
      "s" : "sell",
      "i" : "GALA_USD",
      "m" : "4611686018434174691"
    }, {
      "d" : "1756460927244058194",
      "t" : 1756460927244,
      "tn" : 1756460927244058194,
      "q" : "73",
      "p" : "0.016297",
      "s" : "sell",
      "i" : "GALA_USD",
      "m" : "4611686018434174690"
    }, {
      "d" : "1756460898096964588",
      "t" : 1756460898096,
      "tn" : 1756460898096964588,
      "q" : "73",
      "p" : "0.016286",
      "s" : "sell",
      "i" : "GALA_USD",
      "m" : "4611686018434174689"
    }, {
      "d" : "1756460897882073568",
      "t" : 1756460897882,
      "tn" : 1756460897882073568,
      "q" : "73",
      "p" : "0.016287",
      "s" : "sell",
      "i" : "GALA_USD",
      "m" : "4611686018434174688"
    }, {
      "d" : "1756460894412942542",
      "t" : 1756460894412,
      "tn" : 1756460894412942542,
      "q" : "73",
      "p" : "0.016287",
      "s" : "sell",
      "i" : "GALA_USD",
      "m" : "4611686018434174687"
    }, {
      "d" : "1756460869831282514",
      "t" : 1756460869831,
      "tn" : 1756460869831282514,
      "q" : "73",
      "p" : "0.016276",
      "s" : "sell",
      "i" : "GALA_USD",
      "m" : "4611686018434174686"
    }, {
      "d" : "1756460851719581744",
      "t" : 1756460851719,
      "tn" : 1756460851719581744,
      "q" : "73",
      "p" : "0.016267",
      "s" : "sell",
      "i" : "GALA_USD",
      "m" : "4611686018434174685"
    }, {
      "d" : "1756460848262929666",
      "t" : 1756460848262,
      "tn" : 1756460848262929666,
      "q" : "73",
      "p" : "0.016265",
      "s" : "sell",
      "i" : "GALA_USD",
      "m" : "4611686018434174684"
    }, {
      "d" : "1756460848211579266",
      "t" : 1756460848211,
      "tn" : 1756460848211579266,
      "q" : "73",
      "p" : "0.016265",
      "s" : "sell",
      "i" : "GALA_USD",
      "m" : "4611686018434174683"
    }, {
      "d" : "1756460848192622868",
      "t" : 1756460848192,
      "tn" : 1756460848192622868,
      "q" : "73",
      "p" : "0.016265",
      "s" : "sell",
      "i" : "GALA_USD",
      "m" : "4611686018434174682"
    }, {
      "d" : "1756460846299945559",
      "t" : 1756460846299,
      "tn" : 1756460846299945559,
      "q" : "73",
      "p" : "0.016265",
      "s" : "sell",
      "i" : "GALA_USD",
      "m" : "4611686018434174681"
    }, {
      "d" : "1756460845860919117",
      "t" : 1756460845860,
      "tn" : 1756460845860919117,
      "q" : "73",
      "p" : "0.016265",
      "s" : "sell",
      "i" : "GALA_USD",
      "m" : "4611686018434174680"
    }, {
      "d" : "1756460845785775216",
      "t" : 1756460845785,
      "tn" : 1756460845785775216,
      "q" : "73",
      "p" : "0.016265",
      "s" : "sell",
      "i" : "GALA_USD",
      "m" : "4611686018434174679"
    }, {
      "d" : "1756460845776108158",
      "t" : 1756460845776,
      "tn" : 1756460845776108158,
      "q" : "73",
      "p" : "0.016265",
      "s" : "sell",
      "i" : "GALA_USD",
      "m" : "4611686018434174678"
    }, {
      "d" : "1756460845235021852",
      "t" : 1756460845235,
      "tn" : 1756460845235021852,
      "q" : "73",
      "p" : "0.016265",
      "s" : "sell",
      "i" : "GALA_USD",
      "m" : "4611686018434174677"
    }, {
      "d" : "1756460844813133226",
      "t" : 1756460844813,
      "tn" : 1756460844813133226,
      "q" : "73",
      "p" : "0.016266",
      "s" : "sell",
      "i" : "GALA_USD",
      "m" : "4611686018434174676"
    }, {
      "d" : "1756460842548948203",
      "t" : 1756460842548,
      "tn" : 1756460842548948202,
      "q" : "32325",
      "p" : "0.016267",
      "s" : "sell",
      "i" : "GALA_USD",
      "m" : "4611686018434174675"
    }, {
      "d" : "1756460842548948202",
      "t" : 1756460842548,
      "tn" : 1756460842548948202,
      "q" : "73",
      "p" : "0.016267",
      "s" : "sell",
      "i" : "GALA_USD",
      "m" : "4611686018434174675"
    }, {
      "d" : "1756460831197940226",
      "t" : 1756460831197,
      "tn" : 1756460831197940226,
      "q" : "6328",
      "p" : "0.016255",
      "s" : "sell",
      "i" : "GALA_USD",
      "m" : "4611686018434174674"
    }, {
      "d" : "1756460831197937815",
      "t" : 1756460831197,
      "tn" : 1756460831197937815,
      "q" : "15378",
      "p" : "0.016256",
      "s" : "sell",
      "i" : "GALA_USD",
      "m" : "4611686018434174673"
    }, {
      "d" : "1756460831197934983",
      "t" : 1756460831197,
      "tn" : 1756460831197934983,
      "q" : "73",
      "p" : "0.016263",
      "s" : "sell",
      "i" : "GALA_USD",
      "m" : "4611686018434174672"
    }, {
      "d" : "1756460831195777570",
      "t" : 1756460831195,
      "tn" : 1756460831195777570,
      "q" : "73",
      "p" : "0.016263",
      "s" : "sell",
      "i" : "GALA_USD",
      "m" : "4611686018434174671"
    }, {
      "d" : "1756460830426172802",
      "t" : 1756460830426,
      "tn" : 1756460830426172802,
      "q" : "73",
      "p" : "0.016263",
      "s" : "sell",
      "i" : "GALA_USD",
      "m" : "4611686018434174670"
    }, {
      "d" : "1756460828979516498",
      "t" : 1756460828979,
      "tn" : 1756460828979516498,
      "q" : "73",
      "p" : "0.016263",
      "s" : "sell",
      "i" : "GALA_USD",
      "m" : "4611686018434174669"
    }, {
      "d" : "1756460828267801125",
      "t" : 1756460828267,
      "tn" : 1756460828267801125,
      "q" : "73",
      "p" : "0.016264",
      "s" : "sell",
      "i" : "GALA_USD",
      "m" : "4611686018434174668"
    }, {
      "d" : "1756460807636712880",
      "t" : 1756460807636,
      "tn" : 1756460807636712880,
      "q" : "73",
      "p" : "0.016257",
      "s" : "sell",
      "i" : "GALA_USD",
      "m" : "4611686018434174667"
    }, {
      "d" : "1756460807416051747",
      "t" : 1756460807416,
      "tn" : 1756460807416051747,
      "q" : "73",
      "p" : "0.016264",
      "s" : "sell",
      "i" : "GALA_USD",
      "m" : "4611686018434174666"
    }, {
      "d" : "1756460807400793412",
      "t" : 1756460807400,
      "tn" : 1756460807400793412,
      "q" : "73",
      "p" : "0.016264",
      "s" : "sell",
      "i" : "GALA_USD",
      "m" : "4611686018434174665"
    }, {
      "d" : "1756460806973311203",
      "t" : 1756460806973,
      "tn" : 1756460806973311203,
      "q" : "73",
      "p" : "0.016264",
      "s" : "sell",
      "i" : "GALA_USD",
      "m" : "4611686018434174664"
    }, {
      "d" : "1756460806762027395",
      "t" : 1756460806762,
      "tn" : 1756460806762027395,
      "q" : "73",
      "p" : "0.016266",
      "s" : "sell",
      "i" : "GALA_USD",
      "m" : "4611686018434174663"
    }, {
      "d" : "1756460806662031284",
      "t" : 1756460806662,
      "tn" : 1756460806662031284,
      "q" : "73",
      "p" : "0.016266",
      "s" : "sell",
      "i" : "GALA_USD",
      "m" : "4611686018434174662"
    }, {
      "d" : "1756460806561766415",
      "t" : 1756460806561,
      "tn" : 1756460806561766415,
      "q" : "73",
      "p" : "0.016266",
      "s" : "sell",
      "i" : "GALA_USD",
      "m" : "4611686018434174661"
    }, {
      "d" : "1756460806546726833",
      "t" : 1756460806546,
      "tn" : 1756460806546726833,
      "q" : "73",
      "p" : "0.016266",
      "s" : "sell",
      "i" : "GALA_USD",
      "m" : "4611686018434174660"
    }, {
      "d" : "1756460806516444242",
      "t" : 1756460806516,
      "tn" : 1756460806516444242,
      "q" : "73",
      "p" : "0.016266",
      "s" : "sell",
      "i" : "GALA_USD",
      "m" : "4611686018434174659"
    }, {
      "d" : "1756460805593631812",
      "t" : 1756460805593,
      "tn" : 1756460805593631812,
      "q" : "73",
      "p" : "0.016266",
      "s" : "sell",
      "i" : "GALA_USD",
      "m" : "4611686018434174658"
    }, {
      "d" : "1756460805577909424",
      "t" : 1756460805577,
      "tn" : 1756460805577909424,
      "q" : "73",
      "p" : "0.016266",
      "s" : "sell",
      "i" : "GALA_USD",
      "m" : "4611686018434174657"
    }, {
      "d" : "1756460805563296439",
      "t" : 1756460805563,
      "tn" : 1756460805563296439,
      "q" : "73",
      "p" : "0.016266",
      "s" : "sell",
      "i" : "GALA_USD",
      "m" : "4611686018434174656"
    }, {
      "d" : "1756460805547941652",
      "t" : 1756460805547,
      "tn" : 1756460805547941652,
      "q" : "73",
      "p" : "0.016266",
      "s" : "sell",
      "i" : "GALA_USD",
      "m" : "4611686018434174655"
    }, {
      "d" : "1756460805522840617",
      "t" : 1756460805522,
      "tn" : 1756460805522840617,
      "q" : "73",
      "p" : "0.016266",
      "s" : "sell",
      "i" : "GALA_USD",
      "m" : "4611686018434174654"
    }, {
      "d" : "1756460805461255520",
      "t" : 1756460805461,
      "tn" : 1756460805461255520,
      "q" : "73",
      "p" : "0.016266",
      "s" : "sell",
      "i" : "GALA_USD",
      "m" : "4611686018434174653"
    }, {
      "d" : "1756460805381114083",
      "t" : 1756460805381,
      "tn" : 1756460805381114083,
      "q" : "73",
      "p" : "0.016266",
      "s" : "sell",
      "i" : "GALA_USD",
      "m" : "4611686018434174652"
    }, {
      "d" : "1756460805356014154",
      "t" : 1756460805356,
      "tn" : 1756460805356014154,
      "q" : "73",
      "p" : "0.016266",
      "s" : "sell",
      "i" : "GALA_USD",
      "m" : "4611686018434174651"
    }, {
      "d" : "1756460805325825852",
      "t" : 1756460805325,
      "tn" : 1756460805325825852,
      "q" : "73",
      "p" : "0.016266",
      "s" : "sell",
      "i" : "GALA_USD",
      "m" : "4611686018434174650"
    }, {
      "d" : "1756460805308967815",
      "t" : 1756460805308,
      "tn" : 1756460805308967815,
      "q" : "73",
      "p" : "0.016266",
      "s" : "sell",
      "i" : "GALA_USD",
      "m" : "4611686018434174649"
    }, {
      "d" : "1756460805214159250",
      "t" : 1756460805214,
      "tn" : 1756460805214159250,
      "q" : "73",
      "p" : "0.016267",
      "s" : "sell",
      "i" : "GALA_USD",
      "m" : "4611686018434174648"
    }, {
      "d" : "1756460803662670454",
      "t" : 1756460803662,
      "tn" : 1756460803662670454,
      "q" : "73",
      "p" : "0.016276",
      "s" : "sell",
      "i" : "GALA_USD",
      "m" : "4611686018434174647"
    }, {
      "d" : "1756460803621881889",
      "t" : 1756460803621,
      "tn" : 1756460803621881889,
      "q" : "73",
      "p" : "0.016274",
      "s" : "sell",
      "i" : "GALA_USD",
      "m" : "4611686018434174646"
    }, {
      "d" : "1756460803597259192",
      "t" : 1756460803597,
      "tn" : 1756460803597259192,
      "q" : "73",
      "p" : "0.016274",
      "s" : "sell",
      "i" : "GALA_USD",
      "m" : "4611686018434174645"
    }, {
      "d" : "1756460803582174993",
      "t" : 1756460803582,
      "tn" : 1756460803582174993,
      "q" : "73",
      "p" : "0.016274",
      "s" : "sell",
      "i" : "GALA_USD",
      "m" : "4611686018434174644"
    }, {
      "d" : "1756460803572062821",
      "t" : 1756460803572,
      "tn" : 1756460803572062821,
      "q" : "73",
      "p" : "0.016274",
      "s" : "sell",
      "i" : "GALA_USD",
      "m" : "4611686018434174643"
    }, {
      "d" : "1756460803521441762",
      "t" : 1756460803521,
      "tn" : 1756460803521441762,
      "q" : "73",
      "p" : "0.016274",
      "s" : "sell",
      "i" : "GALA_USD",
      "m" : "4611686018434174642"
    }, {
      "d" : "1756460803490928330",
      "t" : 1756460803490,
      "tn" : 1756460803490928330,
      "q" : "73",
      "p" : "0.016276",
      "s" : "sell",
      "i" : "GALA_USD",
      "m" : "4611686018434174641"
    }, {
      "d" : "1756460803480963925",
      "t" : 1756460803480,
      "tn" : 1756460803480963925,
      "q" : "73",
      "p" : "0.016276",
      "s" : "sell",
      "i" : "GALA_USD",
      "m" : "4611686018434174640"
    }, {
      "d" : "1756460799657605377",
      "t" : 1756460799657,
      "tn" : 1756460799657605377,
      "q" : "73",
      "p" : "0.016276",
      "s" : "sell",
      "i" : "GALA_USD",
      "m" : "4611686018434174639"
    }, {
      "d" : "1756460777516824935",
      "t" : 1756460777516,
      "tn" : 1756460777516824935,
      "q" : "73",
      "p" : "0.016255",
      "s" : "sell",
      "i" : "GALA_USD",
      "m" : "4611686018434174638"
    }, {
      "d" : "1756460777386850078",
      "t" : 1756460777386,
      "tn" : 1756460777386850078,
      "q" : "73",
      "p" : "0.016255",
      "s" : "sell",
      "i" : "GALA_USD",
      "m" : "4611686018434174637"
    }, {
      "d" : "1756460777379859500",
      "t" : 1756460777379,
      "tn" : 1756460777379859500,
      "q" : "73",
      "p" : "0.016255",
      "s" : "sell",
      "i" : "GALA_USD",
      "m" : "4611686018434174636"
    }, {
      "d" : "1756460772735087932",
      "t" : 1756460772735,
      "tn" : 1756460772735087932,
      "q" : "73",
      "p" : "0.016257",
      "s" : "sell",
      "i" : "GALA_USD",
      "m" : "4611686018434174635"
    }, {
      "d" : "1756460771761141181",
      "t" : 1756460771761,
      "tn" : 1756460771761141181,
      "q" : "73",
      "p" : "0.016257",
      "s" : "sell",
      "i" : "GALA_USD",
      "m" : "4611686018434174634"
    }, {
      "d" : "1756460707797310319",
      "t" : 1756460707797,
      "tn" : 1756460707797310319,
      "q" : "73",
      "p" : "0.016226",
      "s" : "sell",
      "i" : "GALA_USD",
      "m" : "4611686018434174633"
    }, {
      "d" : "1756460706561946583",
      "t" : 1756460706561,
      "tn" : 1756460706561946583,
      "q" : "73",
      "p" : "0.016224",
      "s" : "sell",
      "i" : "GALA_USD",
      "m" : "4611686018434174632"
    }, {
      "d" : "1756460706521775683",
      "t" : 1756460706521,
      "tn" : 1756460706521775683,
      "q" : "73",
      "p" : "0.016226",
      "s" : "sell",
      "i" : "GALA_USD",
      "m" : "4611686018434174631"
    }, {
      "d" : "1756460706481552648",
      "t" : 1756460706481,
      "tn" : 1756460706481552648,
      "q" : "73",
      "p" : "0.016226",
      "s" : "sell",
      "i" : "GALA_USD",
      "m" : "4611686018434174630"
    }, {
      "d" : "1756460706160790591",
      "t" : 1756460706160,
      "tn" : 1756460706160790591,
      "q" : "73",
      "p" : "0.016226",
      "s" : "sell",
      "i" : "GALA_USD",
      "m" : "4611686018434174629"
    }, {
      "d" : "1756460706060716332",
      "t" : 1756460706060,
      "tn" : 1756460706060716332,
      "q" : "73",
      "p" : "0.016226",
      "s" : "sell",
      "i" : "GALA_USD",
      "m" : "4611686018434174628"
    }, {
      "d" : "1756460705966055422",
      "t" : 1756460705966,
      "tn" : 1756460705966055422,
      "q" : "73",
      "p" : "0.016226",
      "s" : "sell",
      "i" : "GALA_USD",
      "m" : "4611686018434174627"
    }, {
      "d" : "1756460705764908844",
      "t" : 1756460705764,
      "tn" : 1756460705764908844,
      "q" : "73",
      "p" : "0.016226",
      "s" : "sell",
      "i" : "GALA_USD",
      "m" : "4611686018434174626"
    }, {
      "d" : "1756460705573797726",
      "t" : 1756460705573,
      "tn" : 1756460705573797726,
      "q" : "73",
      "p" : "0.016226",
      "s" : "sell",
      "i" : "GALA_USD",
      "m" : "4611686018434174625"
    }, {
      "d" : "1756460705522108062",
      "t" : 1756460705522,
      "tn" : 1756460705522108062,
      "q" : "73",
      "p" : "0.016226",
      "s" : "sell",
      "i" : "GALA_USD",
      "m" : "4611686018434174624"
    }, {
      "d" : "1756460705488375063",
      "t" : 1756460705488,
      "tn" : 1756460705488375063,
      "q" : "73",
      "p" : "0.016226",
      "s" : "sell",
      "i" : "GALA_USD",
      "m" : "4611686018434174623"
    }, {
      "d" : "1756460705461819635",
      "t" : 1756460705461,
      "tn" : 1756460705461819635,
      "q" : "73",
      "p" : "0.016226",
      "s" : "sell",
      "i" : "GALA_USD",
      "m" : "4611686018434174622"
    }, {
      "d" : "1756460705363135148",
      "t" : 1756460705363,
      "tn" : 1756460705363135148,
      "q" : "73",
      "p" : "0.016226",
      "s" : "sell",
      "i" : "GALA_USD",
      "m" : "4611686018434174621"
    }, {
      "d" : "1756460705338098429",
      "t" : 1756460705338,
      "tn" : 1756460705338098429,
      "q" : "73",
      "p" : "0.016226",
      "s" : "sell",
      "i" : "GALA_USD",
      "m" : "4611686018434174620"
    }, {
      "d" : "1756460705217331034",
      "t" : 1756460705217,
      "tn" : 1756460705217331034,
      "q" : "73",
      "p" : "0.016226",
      "s" : "sell",
      "i" : "GALA_USD",
      "m" : "4611686018434174619"
    }, {
      "d" : "1756460704962694622",
      "t" : 1756460704962,
      "tn" : 1756460704962694622,
      "q" : "73",
      "p" : "0.016227",
      "s" : "sell",
      "i" : "GALA_USD",
      "m" : "4611686018434174618"
    }, {
      "d" : "1756460704476906509",
      "t" : 1756460704476,
      "tn" : 1756460704476906509,
      "q" : "73",
      "p" : "0.016227",
      "s" : "sell",
      "i" : "GALA_USD",
      "m" : "4611686018434174617"
    }, {
      "d" : "1756460703316291380",
      "t" : 1756460703316,
      "tn" : 1756460703316291380,
      "q" : "73",
      "p" : "0.016235",
      "s" : "sell",
      "i" : "GALA_USD",
      "m" : "4611686018434174616"
    }, {
      "d" : "1756460703308392964",
      "t" : 1756460703308,
      "tn" : 1756460703308392964,
      "q" : "73",
      "p" : "0.016235",
      "s" : "sell",
      "i" : "GALA_USD",
      "m" : "4611686018434174615"
    }, {
      "d" : "1756460670402905950",
      "t" : 1756460670402,
      "tn" : 1756460670402905950,
      "q" : "73",
      "p" : "0.016235",
      "s" : "sell",
      "i" : "GALA_USD",
      "m" : "4611686018434174614"
    }, {
      "d" : "1756460669962738860",
      "t" : 1756460669962,
      "tn" : 1756460669962738860,
      "q" : "73",
      "p" : "0.016235",
      "s" : "sell",
      "i" : "GALA_USD",
      "m" : "4611686018434174613"
    }, {
      "d" : "1756460669926708774",
      "t" : 1756460669926,
      "tn" : 1756460669926708774,
      "q" : "73",
      "p" : "0.016235",
      "s" : "sell",
      "i" : "GALA_USD",
      "m" : "4611686018434174612"
    }, {
      "d" : "1756460669862817780",
      "t" : 1756460669862,
      "tn" : 1756460669862817780,
      "q" : "73",
      "p" : "0.016236",
      "s" : "sell",
      "i" : "GALA_USD",
      "m" : "4611686018434174611"
    }, {
      "d" : "1756460669662232854",
      "t" : 1756460669662,
      "tn" : 1756460669662232854,
      "q" : "73",
      "p" : "0.016236",
      "s" : "sell",
      "i" : "GALA_USD",
      "m" : "4611686018434174610"
    }, {
      "d" : "1756460669607154478",
      "t" : 1756460669607,
      "tn" : 1756460669607154478,
      "q" : "73",
      "p" : "0.016236",
      "s" : "sell",
      "i" : "GALA_USD",
      "m" : "4611686018434174609"
    } ]
  }
}