{
  "id" : -1,
  "method" : "public/get-trades",
  "code" : 0,
  "result" : {
    "data" : [ {
      "d" : "1756461092497936633",
      "t" : 1756461092497,
      "tn" : 1756461092497936633,
      "q" : "5000",
      "p" : "0.005405",
      "s" : "buy",
      "i" : "GARI_USD",
      "m" : "4611686018429010155"
    }, {
      "d" : "1756461081219550385",
      "t" : 1756461081219,
      "tn" : 1756461081219550385,
      "q" : "55000",
      "p" : "0.005375",
      "s" : "buy",
      "i" : "GARI_USD",
      "m" : "4611686018429010154"
    }, {
      "d" : "1756461041550280784",
      "t" : 1756461041550,
      "tn" : 1756461041550280784,
      "q" : "29982",
      "p" : "0.005452",
      "s" : "buy",
      "i" : "GARI_USD",
      "m" : "4611686018429010153"
    }, {
      "d" : "1756461041550278617",
      "t" : 1756461041550,
      "tn" : 1756461041550278617,
      "q" : "150018",
      "p" : "0.005410",
      "s" : "buy",
      "i" : "GARI_USD",
      "m" : "4611686018429010152"
    }, {
      "d" : "1756461031158131180",
      "t" : 1756461031158,
      "tn" : 1756461031158131180,
      "q" : "10885",
      "p" : "0.005452",
      "s" : "buy",
      "i" : "GARI_USD",
      "m" : "4611686018429010151"
    }, {
      "d" : "1756461031158128829",
      "t" : 1756461031158,
      "tn" : 1756461031158128829,
      "q" : "150018",
      "p" : "0.005404",
      "s" : "buy",
      "i" : "GARI_USD",
      "m" : "4611686018429010150"
    }, {
      "d" : "1756461031158125413",
      "t" : 1756461031158,
      "tn" : 1756461031158125413,
      "q" : "19097",
      "p" : "0.005355",
      "s" : "buy",
      "i" : "GARI_USD",
      "m" : "4611686018429010149"
    }, {
      "d" : "1756461022647396655",
      "t" : 1756461022647,
      "tn" : 1756461022647396655,
      "q" : "72032",
      "p" : "0.005375",
      "s" : "buy",
      "i" : "GARI_USD",
      "m" : "4611686018429010148"
    }, {
      "d" : "1756461022647394432",
      "t" : 1756461022647,
      "tn" : 1756461022647394432,
      "q" : "97706",
      "p" : "0.005348",
      "s" : "buy",
      "i" : "GARI_USD",
      "m" : "4611686018429010147"
    }, {
      "d" : "1756461022647391866",
      "t" : 1756461022647,
      "tn" : 1756461022647391866,
      "q" : "292",
      "p" : "0.005344",
      "s" : "buy",
      "i" : "GARI_USD",
      "m" : "4611686018429010146"
    }, {
      "d" : "1756461022647389242",
      "t" : 1756461022647,
      "tn" : 1756461022647389242,
      "q" : "9350",
      "p" : "0.005343",
      "s" : "buy",
      "i" : "GARI_USD",
      "m" : "4611686018429010145"
    }, {
      "d" : "1756461022647386332",
      "t" : 1756461022647,
      "tn" : 1756461022647386332,
      "q" : "620",
      "p" : "0.005299",
      "s" : "buy",
      "i" : "GARI_USD",
      "m" : "4611686018429010144"
    }, {
      "d" : "1756460937956358649",
      "t" : 1756460937956,
      "tn" : 1756460937956358649,
      "q" : "15218",
      "p" : "0.005257",
      "s" : "buy",
      "i" : "GARI_USD",
      "m" : "4611686018429010143"
    }, {
      "d" : "1756460937924785976",
      "t" : 1756460937924,
      "tn" : 1756460937924785976,
      "q" : "8545",
      "p" : "0.005257",
      "s" : "buy",
      "i" : "GARI_USD",
      "m" : "4611686018429010142"
    }, {
      "d" : "1756460937888189944",
      "t" : 1756460937888,
      "tn" : 1756460937888189944,
      "q" : "17120",
      "p" : "0.005257",
      "s" : "buy",
      "i" : "GARI_USD",
      "m" : "4611686018429010141"
    }, {
      "d" : "1756460880081062691",
      "t" : 1756460880081,
      "tn" : 1756460880081062691,
      "q" : "5692",
      "p" : "0.005271",
      "s" : "buy",
      "i" : "GARI_USD",
      "m" : "4611686018429010140"
    }, {
      "d" : "1756459345941349060",
      "t" : 1756459345941,
      "tn" : 1756459345941349060,
      "q" : "3773",
      "p" : "0.005301",
      "s" : "sell",
      "i" : "GARI_USD",
      "m" : "4611686018429010139"
    }, {
      "d" : "1756459104762604822",
      "t" : 1756459104762,
      "tn" : 1756459104762604822,
      "q" : "15086",
      "p" : "0.005303",
      "s" : "sell",
      "i" : "GARI_USD",
      "m" : "4611686018429010138"
    }, {
      "d" : "1756457587459241765",
      "t" : 1756457587459,
      "tn" : 1756457587459241765,
      "q" : "4764",
      "p" : "0.005248",
      "s" : "buy",
      "i" : "GARI_USD",
      "m" : "4611686018429010137"
    }, {
      "d" : "1756457358423506503",
      "t" : 1756457358423,
      "tn" : 1756457358423506503,
      "q" : "13341",
      "p" : "0.005247",
      "s" : "buy",
      "i" : "GARI_USD",
      "m" : "4611686018429010136"
    }, {
      "d" : "1756457350361330836",
      "t" : 1756457350361,
      "tn" : 1756457350361330836,
      "q" : "467",
      "p" : "0.005345",
      "s" : "sell",
      "i" : "GARI_USD",
      "m" : "4611686018429010135"
    }, {
      "d" : "1756454140632173578",
      "t" : 1756454140632,
      "tn" : 1756454140632173578,
      "q" : "3742",
      "p" : "0.005345",
      "s" : "sell",
      "i" : "GARI_USD",
      "m" : "4611686018429010134"
    }, {
      "d" : "1756452402122070264",
      "t" : 1756452402122,
      "tn" : 1756452402122070264,
      "q" : "215",
      "p" : "0.005501",
      "s" : "sell",
      "i" : "GARI_USD",
      "m" : "4611686018429010133"
    }, {
      "d" : "1756452387111334483",
      "t" : 1756452387111,
      "tn" : 1756452387111334483,
      "q" : "785",
      "p" : "0.005501",
      "s" : "sell",
      "i" : "GARI_USD",
      "m" : "4611686018429010132"
    }, {
      "d" : "1756452247483371388",
      "t" : 1756452247483,
      "tn" : 1756452247483371388,
      "q" : "507",
      "p" : "0.005548",
      "s" : "sell",
      "i" : "GARI_USD",
      "m" : "4611686018429010131"
    }, {
      "d" : "1756451032374885445",
      "t" : 1756451032374,
      "tn" : 1756451032374885445,
      "q" : "2700",
      "p" : "0.005548",
      "s" : "sell",
      "i" : "GARI_USD",
      "m" : "4611686018429010130"
    }, {
      "d" : "1756451032269881248",
      "t" : 1756451032269,
      "tn" : 1756451032269881248,
      "q" : "2700",
      "p" : "0.005548",
      "s" : "sell",
      "i" : "GARI_USD",
      "m" : "4611686018429010129"
    }, {
      "d" : "1756448549803538101",
      "t" : 1756448549803,
      "tn" : 1756448549803538101,
      "q" : "1035",
      "p" : "0.005499",
      "s" : "buy",
      "i" : "GARI_USD",
      "m" : "4611686018429010128"
    }, {
      "d" : "1756448549795446630",
      "t" : 1756448549795,
      "tn" : 1756448549795446630,
      "q" : "9723",
      "p" : "0.005499",
      "s" : "buy",
      "i" : "GARI_USD",
      "m" : "4611686018429010127"
    }, {
      "d" : "1756448549788191374",
      "t" : 1756448549788,
      "tn" : 1756448549788191374,
      "q" : "15316",
      "p" : "0.005499",
      "s" : "buy",
      "i" : "GARI_USD",
      "m" : "4611686018429010126"
    }, {
      "d" : "1756448549778822683",
      "t" : 1756448549778,
      "tn" : 1756448549778822683,
      "q" : "15000",
      "p" : "0.005499",
      "s" : "buy",
      "i" : "GARI_USD",
      "m" : "4611686018429010125"
    }, {
      "d" : "1756448508620675060",
      "t" : 1756448508620,
      "tn" : 1756448508620675060,
      "q" : "2800",
      "p" : "0.005500",
      "s" : "buy",
      "i" : "GARI_USD",
      "m" : "4611686018429010124"
    }, {
      "d" : "1756448508568626318",
      "t" : 1756448508568,
      "tn" : 1756448508568626318,
      "q" : "3730",
      "p" : "0.005500",
      "s" : "buy",
      "i" : "GARI_USD",
      "m" : "4611686018429010123"
    }, {
      "d" : "1756448508436323801",
      "t" : 1756448508436,
      "tn" : 1756448508436323801,
      "q" : "6222",
      "p" : "0.005500",
      "s" : "buy",
      "i" : "GARI_USD",
      "m" : "4611686018429010122"
    }, {
      "d" : "1756448508410015945",
      "t" : 1756448508410,
      "tn" : 1756448508410015945,
      "q" : "9336",
      "p" : "0.005500",
      "s" : "buy",
      "i" : "GARI_USD",
      "m" : "4611686018429010121"
    }, {
      "d" : "1756448508384628209",
      "t" : 1756448508384,
      "tn" : 1756448508384628209,
      "q" : "14010",
      "p" : "0.005500",
      "s" : "buy",
      "i" : "GARI_USD",
      "m" : "4611686018429010120"
    }, {
      "d" : "1756448508366166225",
      "t" : 1756448508366,
      "tn" : 1756448508366166225,
      "q" : "21022",
      "p" : "0.005500",
      "s" : "buy",
      "i" : "GARI_USD",
      "m" : "4611686018429010119"
    }, {
      "d" : "1756448508345748051",
      "t" : 1756448508345,
      "tn" : 1756448508345748051,
      "q" : "64000",
      "p" : "0.005500",
      "s" : "buy",
      "i" : "GARI_USD",
      "m" : "4611686018429010118"
    }, {
      "d" : "1756448508343953569",
      "t" : 1756448508343,
      "tn" : 1756448508343953569,
      "q" : "63575",
      "p" : "0.005500",
      "s" : "buy",
      "i" : "GARI_USD",
      "m" : "4611686018429010117"
    }, {
      "d" : "1756446949970023941",
      "t" : 1756446949970,
      "tn" : 1756446949970023941,
      "q" : "10957",
      "p" : "0.005576",
      "s" : "sell",
      "i" : "GARI_USD",
      "m" : "4611686018429010116"
    }, {
      "d" : "1756446949699839384",
      "t" : 1756446949699,
      "tn" : 1756446949699839384,
      "q" : "16519",
      "p" : "0.005576",
      "s" : "sell",
      "i" : "GARI_USD",
      "m" : "4611686018429010115"
    }, {
      "d" : "1756446949425242838",
      "t" : 1756446949425,
      "tn" : 1756446949425242838,
      "q" : "24905",
      "p" : "0.005576",
      "s" : "sell",
      "i" : "GARI_USD",
      "m" : "4611686018429010114"
    }, {
      "d" : "1756446944430396486",
      "t" : 1756446944430,
      "tn" : 1756446944430396486,
      "q" : "29002",
      "p" : "0.005575",
      "s" : "sell",
      "i" : "GARI_USD",
      "m" : "4611686018429010113"
    }, {
      "d" : "1756446731611302770",
      "t" : 1756446731611,
      "tn" : 1756446731611302770,
      "q" : "4366",
      "p" : "0.005596",
      "s" : "sell",
      "i" : "GARI_USD",
      "m" : "4611686018429010112"
    }, {
      "d" : "1756446716738065365",
      "t" : 1756446716738,
      "tn" : 1756446716738065365,
      "q" : "3063",
      "p" : "0.005596",
      "s" : "sell",
      "i" : "GARI_USD",
      "m" : "4611686018429010111"
    }, {
      "d" : "1756446716475955017",
      "t" : 1756446716475,
      "tn" : 1756446716475955017,
      "q" : "4376",
      "p" : "0.005596",
      "s" : "sell",
      "i" : "GARI_USD",
      "m" : "4611686018429010110"
    }, {
      "d" : "1756445523057002781",
      "t" : 1756445523057,
      "tn" : 1756445523057002781,
      "q" : "4910",
      "p" : "0.005604",
      "s" : "sell",
      "i" : "GARI_USD",
      "m" : "4611686018429010109"
    }, {
      "d" : "1756445522808960257",
      "t" : 1756445522808,
      "tn" : 1756445522808960257,
      "q" : "24776",
      "p" : "0.005604",
      "s" : "sell",
      "i" : "GARI_USD",
      "m" : "4611686018429010108"
    }, {
      "d" : "1756444617373581433",
      "t" : 1756444617373,
      "tn" : 1756444617373581433,
      "q" : "280",
      "p" : "0.005676",
      "s" : "buy",
      "i" : "GARI_USD",
      "m" : "4611686018429010107"
    }, {
      "d" : "1756441994260521601",
      "t" : 1756441994260,
      "tn" : 1756441994260521601,
      "q" : "7174",
      "p" : "0.005576",
      "s" : "buy",
      "i" : "GARI_USD",
      "m" : "4611686018429010106"
    }, {
      "d" : "1756441994240077520",
      "t" : 1756441994240,
      "tn" : 1756441994240077520,
      "q" : "4100",
      "p" : "0.005576",
      "s" : "buy",
      "i" : "GARI_USD",
      "m" : "4611686018429010105"
    }, {
      "d" : "1756441987975563263",
      "t" : 1756441987975,
      "tn" : 1756441987975563263,
      "q" : "6200",
      "p" : "0.005579",
      "s" : "buy",
      "i" : "GARI_USD",
      "m" : "4611686018429010104"
    }, {
      "d" : "1756441983236217975",
      "t" : 1756441983236,
      "tn" : 1756441983236217975,
      "q" : "9300",
      "p" : "0.005581",
      "s" : "buy",
      "i" : "GARI_USD",
      "m" : "4611686018429010103"
    }, {
      "d" : "1756441977688075339",
      "t" : 1756441977688,
      "tn" : 1756441977688075339,
      "q" : "14000",
      "p" : "0.005581",
      "s" : "buy",
      "i" : "GARI_USD",
      "m" : "4611686018429010102"
    }, {
      "d" : "1756439336820985996",
      "t" : 1756439336820,
      "tn" : 1756439336820985996,
      "q" : "3819",
      "p" : "0.005566",
      "s" : "buy",
      "i" : "GARI_USD",
      "m" : "4611686018429010101"
    }, {
      "d" : "1756439336820962524",
      "t" : 1756439336820,
      "tn" : 1756439336820962524,
      "q" : "15000",
      "p" : "0.005566",
      "s" : "buy",
      "i" : "GARI_USD",
      "m" : "4611686018429010100"
    }, {
      "d" : "1756439336792210999",
      "t" : 1756439336792,
      "tn" : 1756439336792210999,
      "q" : "16170",
      "p" : "0.005566",
      "s" : "buy",
      "i" : "GARI_USD",
      "m" : "4611686018429010099"
    }, {
      "d" : "1756437917080231758",
      "t" : 1756437917080,
      "tn" : 1756437917080231758,
      "q" : "14451",
      "p" : "0.005536",
      "s" : "buy",
      "i" : "GARI_USD",
      "m" : "4611686018429010098"
    }, {
      "d" : "1756436107836762959",
      "t" : 1756436107836,
      "tn" : 1756436107836762959,
      "q" : "4533",
      "p" : "0.005515",
      "s" : "buy",
      "i" : "GARI_USD",
      "m" : "4611686018429010097"
    }, {
      "d" : "1756435291859554019",
      "t" : 1756435291859,
      "tn" : 1756435291859554019,
      "q" : "289",
      "p" : "0.005613",
      "s" : "sell",
      "i" : "GARI_USD",
      "m" : "4611686018429010096"
    }, {
      "d" : "1756435291843441208",
      "t" : 1756435291843,
      "tn" : 1756435291843441208,
      "q" : "29000",
      "p" : "0.005613",
      "s" : "sell",
      "i" : "GARI_USD",
      "m" : "4611686018429010095"
    }, {
      "d" : "1756435291831568143",
      "t" : 1756435291831,
      "tn" : 1756435291831568143,
      "q" : "36000",
      "p" : "0.005613",
      "s" : "sell",
      "i" : "GARI_USD",
      "m" : "4611686018429010094"
    }, {
      "d" : "1756435291776112173",
      "t" : 1756435291776,
      "tn" : 1756435291776112173,
      "q" : "2700",
      "p" : "0.005614",
      "s" : "sell",
      "i" : "GARI_USD",
      "m" : "4611686018429010093"
    }, {
      "d" : "1756435291739747314",
      "t" : 1756435291739,
      "tn" : 1756435291739747314,
      "q" : "2700",
      "p" : "0.005613",
      "s" : "sell",
      "i" : "GARI_USD",
      "m" : "4611686018429010092"
    }, {
      "d" : "1756435291739707016",
      "t" : 1756435291739,
      "tn" : 1756435291739707016,
      "q" : "2700",
      "p" : "0.005613",
      "s" : "sell",
      "i" : "GARI_USD",
      "m" : "4611686018429010091"
    }, {
      "d" : "1756435291686918743",
      "t" : 1756435291686,
      "tn" : 1756435291686918743,
      "q" : "14413",
      "p" : "0.005613",
      "s" : "sell",
      "i" : "GARI_USD",
      "m" : "4611686018429010090"
    }, {
      "d" : "1756435291667308196",
      "t" : 1756435291667,
      "tn" : 1756435291667308196,
      "q" : "3700",
      "p" : "0.005613",
      "s" : "sell",
      "i" : "GARI_USD",
      "m" : "4611686018429010089"
    }, {
      "d" : "1756435291665812926",
      "t" : 1756435291665,
      "tn" : 1756435291665812926,
      "q" : "72655",
      "p" : "0.005613",
      "s" : "sell",
      "i" : "GARI_USD",
      "m" : "4611686018429010088"
    }, {
      "d" : "1756434332201662794",
      "t" : 1756434332201,
      "tn" : 1756434332201662794,
      "q" : "4534",
      "p" : "0.005550",
      "s" : "buy",
      "i" : "GARI_USD",
      "m" : "4611686018429010087"
    }, {
      "d" : "1756434332201351600",
      "t" : 1756434332201,
      "tn" : 1756434332201351600,
      "q" : "2900",
      "p" : "0.005550",
      "s" : "buy",
      "i" : "GARI_USD",
      "m" : "4611686018429010086"
    }, {
      "d" : "1756434303960731745",
      "t" : 1756434303960,
      "tn" : 1756434303960731745,
      "q" : "11653",
      "p" : "0.005600",
      "s" : "sell",
      "i" : "GARI_USD",
      "m" : "4611686018429010085"
    }, {
      "d" : "1756433764611084511",
      "t" : 1756433764611,
      "tn" : 1756433764611084511,
      "q" : "2898",
      "p" : "0.005600",
      "s" : "sell",
      "i" : "GARI_USD",
      "m" : "4611686018429010084"
    }, {
      "d" : "1756433764406567327",
      "t" : 1756433764406,
      "tn" : 1756433764406567327,
      "q" : "2911",
      "p" : "0.005600",
      "s" : "sell",
      "i" : "GARI_USD",
      "m" : "4611686018429010083"
    }, {
      "d" : "1756433764294847411",
      "t" : 1756433764294,
      "tn" : 1756433764294847411,
      "q" : "2911",
      "p" : "0.005600",
      "s" : "sell",
      "i" : "GARI_USD",
      "m" : "4611686018429010082"
    }, {
      "d" : "1756433764035243935",
      "t" : 1756433764035,
      "tn" : 1756433764035243935,
      "q" : "4158",
      "p" : "0.005600",
      "s" : "sell",
      "i" : "GARI_USD",
      "m" : "4611686018429010081"
    }, {
      "d" : "1756433605179816997",
      "t" : 1756433605179,
      "tn" : 1756433605179816997,
      "q" : "2861",
      "p" : "0.005600",
      "s" : "sell",
      "i" : "GARI_USD",
      "m" : "4611686018429010080"
    }, {
      "d" : "1756433602100685335",
      "t" : 1756433602100,
      "tn" : 1756433602100685335,
      "q" : "4599",
      "p" : "0.005600",
      "s" : "sell",
      "i" : "GARI_USD",
      "m" : "4611686018429010079"
    }, {
      "d" : "1756433602070664580",
      "t" : 1756433602070,
      "tn" : 1756433602070664580,
      "q" : "4599",
      "p" : "0.005600",
      "s" : "sell",
      "i" : "GARI_USD",
      "m" : "4611686018429010078"
    }, {
      "d" : "1756433333392956753",
      "t" : 1756433333392,
      "tn" : 1756433333392956753,
      "q" : "253",
      "p" : "0.005648",
      "s" : "sell",
      "i" : "GARI_USD",
      "m" : "4611686018429010077"
    }, {
      "d" : "1756433311797009441",
      "t" : 1756433311797,
      "tn" : 1756433311797009441,
      "q" : "3541",
      "p" : "0.005648",
      "s" : "sell",
      "i" : "GARI_USD",
      "m" : "4611686018429010076"
    }, {
      "d" : "1756433099168115553",
      "t" : 1756433099168,
      "tn" : 1756433099168115553,
      "q" : "2788",
      "p" : "0.005600",
      "s" : "sell",
      "i" : "GARI_USD",
      "m" : "4611686018429010075"
    }, {
      "d" : "1756433079255395500",
      "t" : 1756433079255,
      "tn" : 1756433079255395500,
      "q" : "4658",
      "p" : "0.005600",
      "s" : "sell",
      "i" : "GARI_USD",
      "m" : "4611686018429010074"
    }, {
      "d" : "1756432182827941155",
      "t" : 1756432182827,
      "tn" : 1756432182827941155,
      "q" : "5601",
      "p" : "0.005610",
      "s" : "buy",
      "i" : "GARI_USD",
      "m" : "4611686018429010073"
    }, {
      "d" : "1756430134614063964",
      "t" : 1756430134614,
      "tn" : 1756430134614063964,
      "q" : "12364",
      "p" : "0.005600",
      "s" : "sell",
      "i" : "GARI_USD",
      "m" : "4611686018429010072"
    }, {
      "d" : "1756429021293889879",
      "t" : 1756429021293,
      "tn" : 1756429021293889879,
      "q" : "7081",
      "p" : "0.005649",
      "s" : "sell",
      "i" : "GARI_USD",
      "m" : "4611686018429010071"
    }, {
      "d" : "1756428156412460169",
      "t" : 1756428156412,
      "tn" : 1756428156412460169,
      "q" : "5956",
      "p" : "0.005601",
      "s" : "buy",
      "i" : "GARI_USD",
      "m" : "4611686018429010070"
    }, {
      "d" : "1756428156388942613",
      "t" : 1756428156388,
      "tn" : 1756428156388942613,
      "q" : "3705",
      "p" : "0.005601",
      "s" : "buy",
      "i" : "GARI_USD",
      "m" : "4611686018429010069"
    }, {
      "d" : "1756428156069067390",
      "t" : 1756428156069,
      "tn" : 1756428156069067390,
      "q" : "6011",
      "p" : "0.005601",
      "s" : "buy",
      "i" : "GARI_USD",
      "m" : "4611686018429010068"
    }, {
      "d" : "1756428154639828768",
      "t" : 1756428154639,
      "tn" : 1756428154639828768,
      "q" : "1799",
      "p" : "0.005601",
      "s" : "sell",
      "i" : "GARI_USD",
      "m" : "4611686018429010067"
    }, {
      "d" : "1756427593899372305",
      "t" : 1756427593899,
      "tn" : 1756427593899372305,
      "q" : "3400",
      "p" : "0.005600",
      "s" : "sell",
      "i" : "GARI_USD",
      "m" : "4611686018429010066"
    }, {
      "d" : "1756427593890612026",
      "t" : 1756427593890,
      "tn" : 1756427593890612026,
      "q" : "3400",
      "p" : "0.005600",
      "s" : "sell",
      "i" : "GARI_USD",
      "m" : "4611686018429010065"
    }, {
      "d" : "1756427593878619170",
      "t" : 1756427593878,
      "tn" : 1756427593878619170,
      "q" : "8600",
      "p" : "0.005600",
      "s" : "sell",
      "i" : "GARI_USD",
      "m" : "4611686018429010064"
    }, {
      "d" : "1756427593856191254",
      "t" : 1756427593856,
      "tn" : 1756427593856191254,
      "q" : "9800",
      "p" : "0.005600",
      "s" : "sell",
      "i" : "GARI_USD",
      "m" : "4611686018429010063"
    }, {
      "d" : "1756427593827952121",
      "t" : 1756427593827,
      "tn" : 1756427593827952121,
      "q" : "9800",
      "p" : "0.005600",
      "s" : "sell",
      "i" : "GARI_USD",
      "m" : "4611686018429010062"
    }, {
      "d" : "1756427592812284078",
      "t" : 1756427592812,
      "tn" : 1756427592812284078,
      "q" : "8600",
      "p" : "0.005600",
      "s" : "sell",
      "i" : "GARI_USD",
      "m" : "4611686018429010061"
    }, {
      "d" : "1756427457903511080",
      "t" : 1756427457903,
      "tn" : 1756427457903511080,
      "q" : "3260",
      "p" : "0.005580",
      "s" : "buy",
      "i" : "GARI_USD",
      "m" : "4611686018429010060"
    }, {
      "d" : "1756425379298916120",
      "t" : 1756425379298,
      "tn" : 1756425379298916120,
      "q" : "9550",
      "p" : "0.005486",
      "s" : "buy",
      "i" : "GARI_USD",
      "m" : "4611686018429010059"
    }, {
      "d" : "1756425379297253820",
      "t" : 1756425379297,
      "tn" : 1756425379297253820,
      "q" : "3500",
      "p" : "0.005486",
      "s" : "buy",
      "i" : "GARI_USD",
      "m" : "4611686018429010058"
    }, {
      "d" : "1756425379292231380",
      "t" : 1756425379292,
      "tn" : 1756425379292231380,
      "q" : "10677",
      "p" : "0.005486",
      "s" : "buy",
      "i" : "GARI_USD",
      "m" : "4611686018429010057"
    }, {
      "d" : "1756425369389604162",
      "t" : 1756425369389,
      "tn" : 1756425369389604162,
      "q" : "4006",
      "p" : "0.005450",
      "s" : "sell",
      "i" : "GARI_USD",
      "m" : "4611686018429010056"
    }, {
      "d" : "1756425369120626897",
      "t" : 1756425369120,
      "tn" : 1756425369120626897,
      "q" : "4006",
      "p" : "0.005536",
      "s" : "buy",
      "i" : "GARI_USD",
      "m" : "4611686018429010055"
    }, {
      "d" : "1756425369052815451",
      "t" : 1756425369052,
      "tn" : 1756425369052815451,
      "q" : "3800",
      "p" : "0.005536",
      "s" : "buy",
      "i" : "GARI_USD",
      "m" : "4611686018429010054"
    }, {
      "d" : "1756423333908558598",
      "t" : 1756423333908,
      "tn" : 1756423333908558598,
      "q" : "3000",
      "p" : "0.005563",
      "s" : "buy",
      "i" : "GARI_USD",
      "m" : "4611686018429010053"
    }, {
      "d" : "1756423333774523029",
      "t" : 1756423333774,
      "tn" : 1756423333774523029,
      "q" : "3200",
      "p" : "0.005563",
      "s" : "buy",
      "i" : "GARI_USD",
      "m" : "4611686018429010052"
    }, {
      "d" : "1756423332960583467",
      "t" : 1756423332960,
      "tn" : 1756423332960583467,
      "q" : "5100",
      "p" : "0.005563",
      "s" : "buy",
      "i" : "GARI_USD",
      "m" : "4611686018429010051"
    }, {
      "d" : "1756419906974094541",
      "t" : 1756419906974,
      "tn" : 1756419906974094541,
      "q" : "4479",
      "p" : "0.005581",
      "s" : "buy",
      "i" : "GARI_USD",
      "m" : "4611686018429010050"
    }, {
      "d" : "1756419846704112738",
      "t" : 1756419846704,
      "tn" : 1756419846704112738,
      "q" : "4473",
      "p" : "0.005589",
      "s" : "buy",
      "i" : "GARI_USD",
      "m" : "4611686018429010049"
    }, {
      "d" : "1756419648736625413",
      "t" : 1756419648736,
      "tn" : 1756419648736625413,
      "q" : "6216",
      "p" : "0.005650",
      "s" : "buy",
      "i" : "GARI_USD",
      "m" : "4611686018429010048"
    }, {
      "d" : "1756419648736622843",
      "t" : 1756419648736,
      "tn" : 1756419648736622843,
      "q" : "1784",
      "p" : "0.005649",
      "s" : "buy",
      "i" : "GARI_USD",
      "m" : "4611686018429010047"
    }, {
      "d" : "1756419600813145822",
      "t" : 1756419600813,
      "tn" : 1756419600813145822,
      "q" : "4435",
      "p" : "0.005637",
      "s" : "sell",
      "i" : "GARI_USD",
      "m" : "4611686018429010046"
    }, {
      "d" : "1756419600565497816",
      "t" : 1756419600565,
      "tn" : 1756419600565497816,
      "q" : "4598",
      "p" : "0.005637",
      "s" : "sell",
      "i" : "GARI_USD",
      "m" : "4611686018429010045"
    }, {
      "d" : "1756419600545119916",
      "t" : 1756419600545,
      "tn" : 1756419600545119916,
      "q" : "8265",
      "p" : "0.005637",
      "s" : "sell",
      "i" : "GARI_USD",
      "m" : "4611686018429010044"
    }, {
      "d" : "1756419600526101592",
      "t" : 1756419600526,
      "tn" : 1756419600526101592,
      "q" : "14855",
      "p" : "0.005637",
      "s" : "sell",
      "i" : "GARI_USD",
      "m" : "4611686018429010043"
    }, {
      "d" : "1756419600506206398",
      "t" : 1756419600506,
      "tn" : 1756419600506206398,
      "q" : "26698",
      "p" : "0.005637",
      "s" : "sell",
      "i" : "GARI_USD",
      "m" : "4611686018429010042"
    }, {
      "d" : "1756418670970162519",
      "t" : 1756418670970,
      "tn" : 1756418670970162519,
      "q" : "3500",
      "p" : "0.005573",
      "s" : "buy",
      "i" : "GARI_USD",
      "m" : "4611686018429010041"
    }, {
      "d" : "1756418670952279959",
      "t" : 1756418670952,
      "tn" : 1756418670952279959,
      "q" : "2800",
      "p" : "0.005573",
      "s" : "buy",
      "i" : "GARI_USD",
      "m" : "4611686018429010040"
    }, {
      "d" : "1756418188614733032",
      "t" : 1756418188614,
      "tn" : 1756418188614733032,
      "q" : "5382",
      "p" : "0.005574",
      "s" : "buy",
      "i" : "GARI_USD",
      "m" : "4611686018429010039"
    }, {
      "d" : "1756417688526247423",
      "t" : 1756417688526,
      "tn" : 1756417688526247423,
      "q" : "1100",
      "p" : "0.005642",
      "s" : "sell",
      "i" : "GARI_USD",
      "m" : "4611686018429010038"
    }, {
      "d" : "1756417688526245004",
      "t" : 1756417688526,
      "tn" : 1756417688526245004,
      "q" : "1784",
      "p" : "0.005643",
      "s" : "sell",
      "i" : "GARI_USD",
      "m" : "4611686018429010037"
    }, {
      "d" : "1756417681370381028",
      "t" : 1756417681370,
      "tn" : 1756417681370381028,
      "q" : "4438",
      "p" : "0.005672",
      "s" : "sell",
      "i" : "GARI_USD",
      "m" : "4611686018429010036"
    }, {
      "d" : "1756417681345066177",
      "t" : 1756417681345,
      "tn" : 1756417681345066177,
      "q" : "8070",
      "p" : "0.005672",
      "s" : "sell",
      "i" : "GARI_USD",
      "m" : "4611686018429010035"
    }, {
      "d" : "1756416894790468578",
      "t" : 1756416894790,
      "tn" : 1756416894790468578,
      "q" : "1819",
      "p" : "0.005601",
      "s" : "buy",
      "i" : "GARI_USD",
      "m" : "4611686018429010034"
    }, {
      "d" : "1756416894789949568",
      "t" : 1756416894789,
      "tn" : 1756416894789949568,
      "q" : "3388",
      "p" : "0.005601",
      "s" : "buy",
      "i" : "GARI_USD",
      "m" : "4611686018429010033"
    }, {
      "d" : "1756416894780335566",
      "t" : 1756416894780,
      "tn" : 1756416894780335565,
      "q" : "1877",
      "p" : "0.005601",
      "s" : "buy",
      "i" : "GARI_USD",
      "m" : "4611686018429010032"
    }, {
      "d" : "1756416894780335565",
      "t" : 1756416894780,
      "tn" : 1756416894780335565,
      "q" : "1694",
      "p" : "0.005601",
      "s" : "buy",
      "i" : "GARI_USD",
      "m" : "4611686018429010032"
    }, {
      "d" : "1756414406293735462",
      "t" : 1756414406293,
      "tn" : 1756414406293735461,
      "q" : "4268",
      "p" : "0.005737",
      "s" : "buy",
      "i" : "GARI_USD",
      "m" : "4611686018429010031"
    }, {
      "d" : "1756414406293735461",
      "t" : 1756414406293,
      "tn" : 1756414406293735461,
      "q" : "345",
      "p" : "0.005737",
      "s" : "buy",
      "i" : "GARI_USD",
      "m" : "4611686018429010031"
    }, {
      "d" : "1756414300413949910",
      "t" : 1756414300413,
      "tn" : 1756414300413949910,
      "q" : "4508",
      "p" : "0.005685",
      "s" : "sell",
      "i" : "GARI_USD",
      "m" : "4611686018429010030"
    }, {
      "d" : "1756414300383328792",
      "t" : 1756414300383,
      "tn" : 1756414300383328792,
      "q" : "14072",
      "p" : "0.005685",
      "s" : "sell",
      "i" : "GARI_USD",
      "m" : "4611686018429010029"
    }, {
      "d" : "1756414162834117800",
      "t" : 1756414162834,
      "tn" : 1756414162834117800,
      "q" : "5121",
      "p" : "0.005668",
      "s" : "sell",
      "i" : "GARI_USD",
      "m" : "4611686018429010028"
    }, {
      "d" : "1756414125536398493",
      "t" : 1756414125536,
      "tn" : 1756414125536398493,
      "q" : "14023",
      "p" : "0.005637",
      "s" : "buy",
      "i" : "GARI_USD",
      "m" : "4611686018429010027"
    }, {
      "d" : "1756414125536396474",
      "t" : 1756414125536,
      "tn" : 1756414125536396474,
      "q" : "1943",
      "p" : "0.005588",
      "s" : "buy",
      "i" : "GARI_USD",
      "m" : "4611686018429010026"
    }, {
      "d" : "1756412864762071834",
      "t" : 1756412864762,
      "tn" : 1756412864762071834,
      "q" : "4433",
      "p" : "0.005640",
      "s" : "sell",
      "i" : "GARI_USD",
      "m" : "4611686018429010025"
    }, {
      "d" : "1756412646551336181",
      "t" : 1756412646551,
      "tn" : 1756412646551336181,
      "q" : "345",
      "p" : "0.005556",
      "s" : "sell",
      "i" : "GARI_USD",
      "m" : "4611686018429010024"
    }, {
      "d" : "1756412646551333606",
      "t" : 1756412646551,
      "tn" : 1756412646551333606,
      "q" : "6793",
      "p" : "0.005583",
      "s" : "sell",
      "i" : "GARI_USD",
      "m" : "4611686018429010023"
    }, {
      "d" : "1756412646314004460",
      "t" : 1756412646314,
      "tn" : 1756412646314004460,
      "q" : "10055",
      "p" : "0.005594",
      "s" : "buy",
      "i" : "GARI_USD",
      "m" : "4611686018429010022"
    }, {
      "d" : "1756412646310364886",
      "t" : 1756412646310,
      "tn" : 1756412646310364886,
      "q" : "16089",
      "p" : "0.005594",
      "s" : "buy",
      "i" : "GARI_USD",
      "m" : "4611686018429010021"
    }, {
      "d" : "1756412646304108576",
      "t" : 1756412646304,
      "tn" : 1756412646304108576,
      "q" : "16000",
      "p" : "0.005594",
      "s" : "buy",
      "i" : "GARI_USD",
      "m" : "4611686018429010020"
    }, {
      "d" : "1756412646296424251",
      "t" : 1756412646296,
      "tn" : 1756412646296424251,
      "q" : "2700",
      "p" : "0.005594",
      "s" : "buy",
      "i" : "GARI_USD",
      "m" : "4611686018429010019"
    }, {
      "d" : "1756412646281162919",
      "t" : 1756412646281,
      "tn" : 1756412646281162919,
      "q" : "16000",
      "p" : "0.005594",
      "s" : "buy",
      "i" : "GARI_USD",
      "m" : "4611686018429010018"
    }, {
      "d" : "1756412646278780098",
      "t" : 1756412646278,
      "tn" : 1756412646278780098,
      "q" : "16000",
      "p" : "0.005594",
      "s" : "buy",
      "i" : "GARI_USD",
      "m" : "4611686018429010017"
    }, {
      "d" : "1756412646276469270",
      "t" : 1756412646276,
      "tn" : 1756412646276469270,
      "q" : "4300",
      "p" : "0.005594",
      "s" : "buy",
      "i" : "GARI_USD",
      "m" : "4611686018429010016"
    }, {
      "d" : "1756412646276052670",
      "t" : 1756412646276,
      "tn" : 1756412646276052670,
      "q" : "16750",
      "p" : "0.005594",
      "s" : "buy",
      "i" : "GARI_USD",
      "m" : "4611686018429010015"
    }, {
      "d" : "1756412567764493180",
      "t" : 1756412567764,
      "tn" : 1756412567764493180,
      "q" : "26427",
      "p" : "0.005676",
      "s" : "sell",
      "i" : "GARI_USD",
      "m" : "4611686018429010014"
    }, {
      "d" : "1756412457942637365",
      "t" : 1756412457942,
      "tn" : 1756412457942637365,
      "q" : "37893",
      "p" : "0.005679",
      "s" : "sell",
      "i" : "GARI_USD",
      "m" : "4611686018429010013"
    }, {
      "d" : "1756412334706460135",
      "t" : 1756412334706,
      "tn" : 1756412334706460135,
      "q" : "2800",
      "p" : "0.005645",
      "s" : "buy",
      "i" : "GARI_USD",
      "m" : "4611686018429010012"
    }, {
      "d" : "1756412334520533942",
      "t" : 1756412334520,
      "tn" : 1756412334520533942,
      "q" : "3312",
      "p" : "0.005645",
      "s" : "buy",
      "i" : "GARI_USD",
      "m" : "4611686018429010011"
    }, {
      "d" : "1756412334510805998",
      "t" : 1756412334510,
      "tn" : 1756412334510805998,
      "q" : "4731",
      "p" : "0.005645",
      "s" : "buy",
      "i" : "GARI_USD",
      "m" : "4611686018429010010"
    }, {
      "d" : "1756412333286860222",
      "t" : 1756412333286,
      "tn" : 1756412333286860222,
      "q" : "4800",
      "p" : "0.005646",
      "s" : "buy",
      "i" : "GARI_USD",
      "m" : "4611686018429010009"
    }, {
      "d" : "1756412333279791370",
      "t" : 1756412333279,
      "tn" : 1756412333279791370,
      "q" : "4100",
      "p" : "0.005645",
      "s" : "buy",
      "i" : "GARI_USD",
      "m" : "4611686018429010008"
    } ]
  }
}