{
  "id" : -1,
  "method" : "public/get-trades",
  "code" : 0,
  "result" : {
    "data" : [ {
      "d" : "1756456673960423839",
      "t" : 1756456673960,
      "tn" : 1756456673960423839,
      "q" : "6400000",
      "p" : "0.0000016700",
      "s" : "sell",
      "i" : "GEKKO_USD",
      "m" : "4611686018429072491"
    }, {
      "d" : "1756449910570961174",
      "t" : 1756449910570,
      "tn" : 1756449910570961174,
      "q" : "59800000",
      "p" : "0.0000016808",
      "s" : "sell",
      "i" : "GEKKO_USD",
      "m" : "4611686018429072490"
    }, {
      "d" : "1756443785514671880",
      "t" : 1756443785514,
      "tn" : 1756443785514671880,
      "q" : "147600000",
      "p" : "0.0000016828",
      "s" : "sell",
      "i" : "GEKKO_USD",
      "m" : "4611686018429072489"
    }, {
      "d" : "1756441946272277385",
      "t" : 1756441946272,
      "tn" : 1756441946272277385,
      "q" : "123200000",
      "p" : "0.0000016877",
      "s" : "sell",
      "i" : "GEKKO_USD",
      "m" : "4611686018429072488"
    }, {
      "d" : "1756441943331705855",
      "t" : 1756441943331,
      "tn" : 1756441943331705855,
      "q" : "291800000",
      "p" : "0.0000016878",
      "s" : "sell",
      "i" : "GEKKO_USD",
      "m" : "4611686018429072487"
    }, {
      "d" : "1756441298188910582",
      "t" : 1756441298188,
      "tn" : 1756441298188910582,
      "q" : "62800000",
      "p" : "0.0000016890",
      "s" : "sell",
      "i" : "GEKKO_USD",
      "m" : "4611686018429072486"
    }, {
      "d" : "1756440237012316164",
      "t" : 1756440237012,
      "tn" : 1756440237012316164,
      "q" : "112800000",
      "p" : "0.0000016892",
      "s" : "sell",
      "i" : "GEKKO_USD",
      "m" : "4611686018429072485"
    }, {
      "d" : "1756432685428797285",
      "t" : 1756432685428,
      "tn" : 1756432685428797285,
      "q" : "50700000",
      "p" : "0.0000016779",
      "s" : "sell",
      "i" : "GEKKO_USD",
      "m" : "4611686018429072484"
    }, {
      "d" : "1756426810360466007",
      "t" : 1756426810360,
      "tn" : 1756426810360466007,
      "q" : "68100000",
      "p" : "0.0000016937",
      "s" : "sell",
      "i" : "GEKKO_USD",
      "m" : "4611686018429072483"
    }, {
      "d" : "1756421667359217767",
      "t" : 1756421667359,
      "tn" : 1756421667359217767,
      "q" : "117800000",
      "p" : "0.0000016962",
      "s" : "sell",
      "i" : "GEKKO_USD",
      "m" : "4611686018429072482"
    }, {
      "d" : "1756419873802984955",
      "t" : 1756419873802,
      "tn" : 1756419873802984955,
      "q" : "67800000",
      "p" : "0.0000016955",
      "s" : "sell",
      "i" : "GEKKO_USD",
      "m" : "4611686018429072481"
    }, {
      "d" : "1756416106452045786",
      "t" : 1756416106452,
      "tn" : 1756416106452045786,
      "q" : "50900000",
      "p" : "0.0000016834",
      "s" : "sell",
      "i" : "GEKKO_USD",
      "m" : "4611686018429072480"
    }, {
      "d" : "1756414558274319244",
      "t" : 1756414558274,
      "tn" : 1756414558274319244,
      "q" : "293900000",
      "p" : "0.0000016743",
      "s" : "sell",
      "i" : "GEKKO_USD",
      "m" : "4611686018429072479"
    }, {
      "d" : "1756414555953712298",
      "t" : 1756414555953,
      "tn" : 1756414555953712298,
      "q" : "6500000",
      "p" : "0.0000016766",
      "s" : "sell",
      "i" : "GEKKO_USD",
      "m" : "4611686018429072478"
    }, {
      "d" : "1756414553578970018",
      "t" : 1756414553578,
      "tn" : 1756414553578970018,
      "q" : "291800000",
      "p" : "0.0000016794",
      "s" : "sell",
      "i" : "GEKKO_USD",
      "m" : "4611686018429072477"
    }, {
      "d" : "1756412286889919861",
      "t" : 1756412286889,
      "tn" : 1756412286889919861,
      "q" : "50800000",
      "p" : "0.0000016792",
      "s" : "sell",
      "i" : "GEKKO_USD",
      "m" : "4611686018429072476"
    }, {
      "d" : "1756411312630612373",
      "t" : 1756411312630,
      "tn" : 1756411312630612373,
      "q" : "59100000",
      "p" : "0.0000016753",
      "s" : "sell",
      "i" : "GEKKO_USD",
      "m" : "4611686018429072475"
    }, {
      "d" : "1756407489636990651",
      "t" : 1756407489636,
      "tn" : 1756407489636990651,
      "q" : "57100000",
      "p" : "0.0000016880",
      "s" : "sell",
      "i" : "GEKKO_USD",
      "m" : "4611686018429072474"
    }, {
      "d" : "1756405308922995310",
      "t" : 1756405308922,
      "tn" : 1756405308922995310,
      "q" : "73600000",
      "p" : "0.0000016917",
      "s" : "sell",
      "i" : "GEKKO_USD",
      "m" : "4611686018429072473"
    }, {
      "d" : "1756405210696759797",
      "t" : 1756405210696,
      "tn" : 1756405210696759797,
      "q" : "36700000",
      "p" : "0.0000016887",
      "s" : "sell",
      "i" : "GEKKO_USD",
      "m" : "4611686018429072472"
    }, {
      "d" : "1756403884500482860",
      "t" : 1756403884500,
      "tn" : 1756403884500482860,
      "q" : "65000000",
      "p" : "0.0000016922",
      "s" : "sell",
      "i" : "GEKKO_USD",
      "m" : "4611686018429072471"
    }, {
      "d" : "1756403206631801769",
      "t" : 1756403206631,
      "tn" : 1756403206631801769,
      "q" : "54700000",
      "p" : "0.0000016920",
      "s" : "sell",
      "i" : "GEKKO_USD",
      "m" : "4611686018429072470"
    }, {
      "d" : "1756400246195473552",
      "t" : 1756400246195,
      "tn" : 1756400246195473552,
      "q" : "1000000",
      "p" : "0.0000016908",
      "s" : "sell",
      "i" : "GEKKO_USD",
      "m" : "4611686018429072469"
    }, {
      "d" : "1756396148851864526",
      "t" : 1756396148851,
      "tn" : 1756396148851864526,
      "q" : "100000000",
      "p" : "0.0000016959",
      "s" : "sell",
      "i" : "GEKKO_USD",
      "m" : "4611686018429072468"
    }, {
      "d" : "1756396036718240148",
      "t" : 1756396036718,
      "tn" : 1756396036718240148,
      "q" : "36300000",
      "p" : "0.0000017006",
      "s" : "sell",
      "i" : "GEKKO_USD",
      "m" : "4611686018429072467"
    }, {
      "d" : "1756393888410892430",
      "t" : 1756393888410,
      "tn" : 1756393888410892430,
      "q" : "39700000",
      "p" : "0.0000017155",
      "s" : "sell",
      "i" : "GEKKO_USD",
      "m" : "4611686018429072466"
    }, {
      "d" : "1756391497432725374",
      "t" : 1756391497432,
      "tn" : 1756391497432725374,
      "q" : "60000000",
      "p" : "0.0000017116",
      "s" : "sell",
      "i" : "GEKKO_USD",
      "m" : "4611686018429072465"
    }, {
      "d" : "1756391452280744700",
      "t" : 1756391452280,
      "tn" : 1756391452280744700,
      "q" : "55000000",
      "p" : "0.0000017168",
      "s" : "sell",
      "i" : "GEKKO_USD",
      "m" : "4611686018429072464"
    }, {
      "d" : "1756391030560525107",
      "t" : 1756391030560,
      "tn" : 1756391030560525107,
      "q" : "42500000",
      "p" : "0.0000017243",
      "s" : "sell",
      "i" : "GEKKO_USD",
      "m" : "4611686018429072463"
    }, {
      "d" : "1756388561452724732",
      "t" : 1756388561452,
      "tn" : 1756388561452724732,
      "q" : "53900000",
      "p" : "0.0000017309",
      "s" : "sell",
      "i" : "GEKKO_USD",
      "m" : "4611686018429072462"
    }, {
      "d" : "1756388048634905946",
      "t" : 1756388048634,
      "tn" : 1756388048634905946,
      "q" : "43300000",
      "p" : "0.0000017310",
      "s" : "sell",
      "i" : "GEKKO_USD",
      "m" : "4611686018429072461"
    }, {
      "d" : "1756378450641307815",
      "t" : 1756378450641,
      "tn" : 1756378450641307815,
      "q" : "61300000",
      "p" : "0.0000017349",
      "s" : "sell",
      "i" : "GEKKO_USD",
      "m" : "4611686018429072460"
    }, {
      "d" : "1756378212657420285",
      "t" : 1756378212657,
      "tn" : 1756378212657420285,
      "q" : "65100000",
      "p" : "0.0000017352",
      "s" : "sell",
      "i" : "GEKKO_USD",
      "m" : "4611686018429072459"
    }, {
      "d" : "1756376117645080629",
      "t" : 1756376117645,
      "tn" : 1756376117645080629,
      "q" : "130400000",
      "p" : "0.0000017343",
      "s" : "sell",
      "i" : "GEKKO_USD",
      "m" : "4611686018429072458"
    } ]
  }
}