{
  "id" : -1,
  "method" : "public/get-trades",
  "code" : 0,
  "result" : {
    "data" : [ {
      "d" : "1756460577570165823",
      "t" : 1756460577570,
      "tn" : 1756460577570165823,
      "q" : "371",
      "p" : "0.05271",
      "s" : "sell",
      "i" : "GEL_USD",
      "m" : "4611686018429449776"
    }, {
      "d" : "1756460574400780937",
      "t" : 1756460574400,
      "tn" : 1756460574400780937,
      "q" : "95",
      "p" : "0.05290",
      "s" : "sell",
      "i" : "GEL_USD",
      "m" : "4611686018429449775"
    }, {
      "d" : "1756459243510600787",
      "t" : 1756459243510,
      "tn" : 1756459243510600787,
      "q" : "476",
      "p" : "0.05255",
      "s" : "sell",
      "i" : "GEL_USD",
      "m" : "4611686018429449774"
    }, {
      "d" : "1756459102640882697",
      "t" : 1756459102640,
      "tn" : 1756459102640882697,
      "q" : "477",
      "p" : "0.05240",
      "s" : "sell",
      "i" : "GEL_USD",
      "m" : "4611686018429449773"
    }, {
      "d" : "1756459102530337118",
      "t" : 1756459102530,
      "tn" : 1756459102530337118,
      "q" : "667",
      "p" : "0.05240",
      "s" : "sell",
      "i" : "GEL_USD",
      "m" : "4611686018429449772"
    }, {
      "d" : "1756459102530335007",
      "t" : 1756459102530,
      "tn" : 1756459102530335007,
      "q" : "96",
      "p" : "0.05257",
      "s" : "sell",
      "i" : "GEL_USD",
      "m" : "4611686018429449771"
    }, {
      "d" : "1756453042660416528",
      "t" : 1756453042660,
      "tn" : 1756453042660416528,
      "q" : "473",
      "p" : "0.05284",
      "s" : "sell",
      "i" : "GEL_USD",
      "m" : "4611686018429449770"
    }, {
      "d" : "1756447922076212796",
      "t" : 1756447922076,
      "tn" : 1756447922076212796,
      "q" : "50",
      "p" : "0.05312",
      "s" : "sell",
      "i" : "GEL_USD",
      "m" : "4611686018429449769"
    }, {
      "d" : "1756445670060722178",
      "t" : 1756445670060,
      "tn" : 1756445670060722178,
      "q" : "757",
      "p" : "0.05285",
      "s" : "sell",
      "i" : "GEL_USD",
      "m" : "4611686018429449768"
    }, {
      "d" : "1756445589890321814",
      "t" : 1756445589890,
      "tn" : 1756445589890321814,
      "q" : "263",
      "p" : "0.05300",
      "s" : "sell",
      "i" : "GEL_USD",
      "m" : "4611686018429449767"
    }, {
      "d" : "1756445586602602542",
      "t" : 1756445586602,
      "tn" : 1756445586602602542,
      "q" : "94",
      "p" : "0.05329",
      "s" : "sell",
      "i" : "GEL_USD",
      "m" : "4611686018429449766"
    }, {
      "d" : "1756431267023180342",
      "t" : 1756431267023,
      "tn" : 1756431267023180342,
      "q" : "380",
      "p" : "0.05268",
      "s" : "sell",
      "i" : "GEL_USD",
      "m" : "4611686018429449765"
    }, {
      "d" : "1756431267023178729",
      "t" : 1756431267023,
      "tn" : 1756431267023178729,
      "q" : "95",
      "p" : "0.05302",
      "s" : "sell",
      "i" : "GEL_USD",
      "m" : "4611686018429449764"
    }, {
      "d" : "1756431266963238798",
      "t" : 1756431266963,
      "tn" : 1756431266963238798,
      "q" : "759",
      "p" : "0.05268",
      "s" : "sell",
      "i" : "GEL_USD",
      "m" : "4611686018429449763"
    }, {
      "d" : "1756431018145133603",
      "t" : 1756431018145,
      "tn" : 1756431018145133603,
      "q" : "471",
      "p" : "0.05313",
      "s" : "sell",
      "i" : "GEL_USD",
      "m" : "4611686018429449762"
    }, {
      "d" : "1756430951108225166",
      "t" : 1756430951108,
      "tn" : 1756430951108225166,
      "q" : "881",
      "p" : "0.05287",
      "s" : "sell",
      "i" : "GEL_USD",
      "m" : "4611686018429449761"
    }, {
      "d" : "1756430951108223209",
      "t" : 1756430951108,
      "tn" : 1756430951108223209,
      "q" : "728",
      "p" : "0.05288",
      "s" : "sell",
      "i" : "GEL_USD",
      "m" : "4611686018429449760"
    }, {
      "d" : "1756430951108220892",
      "t" : 1756430951108,
      "tn" : 1756430951108220891,
      "q" : "693",
      "p" : "0.05292",
      "s" : "sell",
      "i" : "GEL_USD",
      "m" : "4611686018429449759"
    }, {
      "d" : "1756430951108220891",
      "t" : 1756430951108,
      "tn" : 1756430951108220891,
      "q" : "1370",
      "p" : "0.05292",
      "s" : "sell",
      "i" : "GEL_USD",
      "m" : "4611686018429449759"
    }, {
      "d" : "1756430951108216672",
      "t" : 1756430951108,
      "tn" : 1756430951108216672,
      "q" : "17",
      "p" : "0.05298",
      "s" : "sell",
      "i" : "GEL_USD",
      "m" : "4611686018429449758"
    }, {
      "d" : "1756430951108213975",
      "t" : 1756430951108,
      "tn" : 1756430951108213975,
      "q" : "94",
      "p" : "0.05322",
      "s" : "sell",
      "i" : "GEL_USD",
      "m" : "4611686018429449757"
    }, {
      "d" : "1756430797992396293",
      "t" : 1756430797992,
      "tn" : 1756430797992396293,
      "q" : "472",
      "p" : "0.05298",
      "s" : "sell",
      "i" : "GEL_USD",
      "m" : "4611686018429449756"
    }, {
      "d" : "1756430797932713317",
      "t" : 1756430797932,
      "tn" : 1756430797932713317,
      "q" : "755",
      "p" : "0.05298",
      "s" : "sell",
      "i" : "GEL_USD",
      "m" : "4611686018429449755"
    }, {
      "d" : "1756430797556408645",
      "t" : 1756430797556,
      "tn" : 1756430797556408645,
      "q" : "474",
      "p" : "0.05270",
      "s" : "sell",
      "i" : "GEL_USD",
      "m" : "4611686018429449754"
    }, {
      "d" : "1756430797509792739",
      "t" : 1756430797509,
      "tn" : 1756430797509792739,
      "q" : "759",
      "p" : "0.05270",
      "s" : "sell",
      "i" : "GEL_USD",
      "m" : "4611686018429449753"
    }, {
      "d" : "1756430707251403380",
      "t" : 1756430707251,
      "tn" : 1756430707251403380,
      "q" : "702",
      "p" : "0.05315",
      "s" : "sell",
      "i" : "GEL_USD",
      "m" : "4611686018429449752"
    }, {
      "d" : "1756430707251401130",
      "t" : 1756430707251,
      "tn" : 1756430707251401130,
      "q" : "94",
      "p" : "0.05337",
      "s" : "sell",
      "i" : "GEL_USD",
      "m" : "4611686018429449751"
    }, {
      "d" : "1756429393972892481",
      "t" : 1756429393972,
      "tn" : 1756429393972892481,
      "q" : "649",
      "p" : "0.05316",
      "s" : "sell",
      "i" : "GEL_USD",
      "m" : "4611686018429449750"
    }, {
      "d" : "1756429393972889912",
      "t" : 1756429393972,
      "tn" : 1756429393972889912,
      "q" : "94",
      "p" : "0.05346",
      "s" : "sell",
      "i" : "GEL_USD",
      "m" : "4611686018429449749"
    }, {
      "d" : "1756429152601509222",
      "t" : 1756429152601,
      "tn" : 1756429152601509222,
      "q" : "468",
      "p" : "0.05346",
      "s" : "sell",
      "i" : "GEL_USD",
      "m" : "4611686018429449748"
    }, {
      "d" : "1756429152120429139",
      "t" : 1756429152120,
      "tn" : 1756429152120429139,
      "q" : "654",
      "p" : "0.05346",
      "s" : "sell",
      "i" : "GEL_USD",
      "m" : "4611686018429449747"
    }, {
      "d" : "1756429152120427112",
      "t" : 1756429152120,
      "tn" : 1756429152120427112,
      "q" : "94",
      "p" : "0.05350",
      "s" : "sell",
      "i" : "GEL_USD",
      "m" : "4611686018429449746"
    }, {
      "d" : "1756429124419656597",
      "t" : 1756429124419,
      "tn" : 1756429124419656597,
      "q" : "655",
      "p" : "0.05339",
      "s" : "sell",
      "i" : "GEL_USD",
      "m" : "4611686018429449745"
    }, {
      "d" : "1756429124419654829",
      "t" : 1756429124419,
      "tn" : 1756429124419654829,
      "q" : "94",
      "p" : "0.05361",
      "s" : "sell",
      "i" : "GEL_USD",
      "m" : "4611686018429449744"
    }, {
      "d" : "1756429124399695325",
      "t" : 1756429124399,
      "tn" : 1756429124399695325,
      "q" : "1422",
      "p" : "0.05340",
      "s" : "sell",
      "i" : "GEL_USD",
      "m" : "4611686018429449743"
    }, {
      "d" : "1756429124399692666",
      "t" : 1756429124399,
      "tn" : 1756429124399692666,
      "q" : "76",
      "p" : "0.05346",
      "s" : "sell",
      "i" : "GEL_USD",
      "m" : "4611686018429449742"
    }, {
      "d" : "1756429073105077830",
      "t" : 1756429073105,
      "tn" : 1756429073105077830,
      "q" : "468",
      "p" : "0.05346",
      "s" : "sell",
      "i" : "GEL_USD",
      "m" : "4611686018429449741"
    }, {
      "d" : "1756429073054942726",
      "t" : 1756429073054,
      "tn" : 1756429073054942726,
      "q" : "748",
      "p" : "0.05346",
      "s" : "sell",
      "i" : "GEL_USD",
      "m" : "4611686018429449740"
    }, {
      "d" : "1756428647983581157",
      "t" : 1756428647983,
      "tn" : 1756428647983581157,
      "q" : "554",
      "p" : "0.05355",
      "s" : "sell",
      "i" : "GEL_USD",
      "m" : "4611686018429449739"
    }, {
      "d" : "1756428647983578901",
      "t" : 1756428647983,
      "tn" : 1756428647983578901,
      "q" : "93",
      "p" : "0.05385",
      "s" : "sell",
      "i" : "GEL_USD",
      "m" : "4611686018429449738"
    }, {
      "d" : "1756427228895332709",
      "t" : 1756427228895,
      "tn" : 1756427228895332709,
      "q" : "687",
      "p" : "0.05354",
      "s" : "sell",
      "i" : "GEL_USD",
      "m" : "4611686018429449737"
    }, {
      "d" : "1756427225773965483",
      "t" : 1756427225773,
      "tn" : 1756427225773965483,
      "q" : "94",
      "p" : "0.05374",
      "s" : "sell",
      "i" : "GEL_USD",
      "m" : "4611686018429449736"
    }, {
      "d" : "1756425818379125561",
      "t" : 1756425818379,
      "tn" : 1756425818379125561,
      "q" : "174",
      "p" : "0.05384",
      "s" : "buy",
      "i" : "GEL_USD",
      "m" : "4611686018429449735"
    }, {
      "d" : "1756423880478435748",
      "t" : 1756423880478,
      "tn" : 1756423880478435748,
      "q" : "912",
      "p" : "0.05354",
      "s" : "sell",
      "i" : "GEL_USD",
      "m" : "4611686018429449734"
    }, {
      "d" : "1756423880478433707",
      "t" : 1756423880478,
      "tn" : 1756423880478433707,
      "q" : "93",
      "p" : "0.05388",
      "s" : "sell",
      "i" : "GEL_USD",
      "m" : "4611686018429449733"
    }, {
      "d" : "1756422320230229095",
      "t" : 1756422320230,
      "tn" : 1756422320230229095,
      "q" : "52",
      "p" : "0.05390",
      "s" : "sell",
      "i" : "GEL_USD",
      "m" : "4611686018429449732"
    }, {
      "d" : "1756419561920274420",
      "t" : 1756419561920,
      "tn" : 1756419561920274420,
      "q" : "653",
      "p" : "0.05359",
      "s" : "sell",
      "i" : "GEL_USD",
      "m" : "4611686018429449731"
    }, {
      "d" : "1756419561920271996",
      "t" : 1756419561920,
      "tn" : 1756419561920271996,
      "q" : "93",
      "p" : "0.05395",
      "s" : "sell",
      "i" : "GEL_USD",
      "m" : "4611686018429449730"
    }, {
      "d" : "1756419414050409203",
      "t" : 1756419414050,
      "tn" : 1756419414050409203,
      "q" : "575",
      "p" : "0.05330",
      "s" : "sell",
      "i" : "GEL_USD",
      "m" : "4611686018429449729"
    }, {
      "d" : "1756419414050406893",
      "t" : 1756419414050,
      "tn" : 1756419414050406893,
      "q" : "94",
      "p" : "0.05365",
      "s" : "sell",
      "i" : "GEL_USD",
      "m" : "4611686018429449728"
    }, {
      "d" : "1756418161478416070",
      "t" : 1756418161478,
      "tn" : 1756418161478416070,
      "q" : "63",
      "p" : "0.05356",
      "s" : "sell",
      "i" : "GEL_USD",
      "m" : "4611686018429449727"
    }, {
      "d" : "1756418161478414110",
      "t" : 1756418161478,
      "tn" : 1756418161478414110,
      "q" : "591",
      "p" : "0.05362",
      "s" : "sell",
      "i" : "GEL_USD",
      "m" : "4611686018429449726"
    }, {
      "d" : "1756418161478411595",
      "t" : 1756418161478,
      "tn" : 1756418161478411595,
      "q" : "93",
      "p" : "0.05389",
      "s" : "sell",
      "i" : "GEL_USD",
      "m" : "4611686018429449725"
    }, {
      "d" : "1756418161448553199",
      "t" : 1756418161448,
      "tn" : 1756418161448553199,
      "q" : "746",
      "p" : "0.05362",
      "s" : "sell",
      "i" : "GEL_USD",
      "m" : "4611686018429449724"
    }, {
      "d" : "1756417413782644564",
      "t" : 1756417413782,
      "tn" : 1756417413782644564,
      "q" : "221",
      "p" : "0.05365",
      "s" : "sell",
      "i" : "GEL_USD",
      "m" : "4611686018429449723"
    }, {
      "d" : "1756417413782642646",
      "t" : 1756417413782,
      "tn" : 1756417413782642646,
      "q" : "152",
      "p" : "0.05371",
      "s" : "sell",
      "i" : "GEL_USD",
      "m" : "4611686018429449722"
    }, {
      "d" : "1756417413782639655",
      "t" : 1756417413782,
      "tn" : 1756417413782639655,
      "q" : "93",
      "p" : "0.05406",
      "s" : "sell",
      "i" : "GEL_USD",
      "m" : "4611686018429449721"
    }, {
      "d" : "1756417225491324198",
      "t" : 1756417225491,
      "tn" : 1756417225491324198,
      "q" : "1199",
      "p" : "0.05371",
      "s" : "sell",
      "i" : "GEL_USD",
      "m" : "4611686018429449720"
    }, {
      "d" : "1756415148834352973",
      "t" : 1756415148834,
      "tn" : 1756415148834352973,
      "q" : "617",
      "p" : "0.05381",
      "s" : "buy",
      "i" : "GEL_USD",
      "m" : "4611686018429449719"
    }, {
      "d" : "1756415145622220112",
      "t" : 1756415145622,
      "tn" : 1756415145622220112,
      "q" : "279",
      "p" : "0.05378",
      "s" : "buy",
      "i" : "GEL_USD",
      "m" : "4611686018429449718"
    }, {
      "d" : "1756411624231021123",
      "t" : 1756411624231,
      "tn" : 1756411624231021123,
      "q" : "278",
      "p" : "0.05387",
      "s" : "sell",
      "i" : "GEL_USD",
      "m" : "4611686018429449717"
    }, {
      "d" : "1756411624231018898",
      "t" : 1756411624231,
      "tn" : 1756411624231018898,
      "q" : "142",
      "p" : "0.05388",
      "s" : "sell",
      "i" : "GEL_USD",
      "m" : "4611686018429449716"
    }, {
      "d" : "1756411621081146480",
      "t" : 1756411621081,
      "tn" : 1756411621081146480,
      "q" : "371",
      "p" : "0.05388",
      "s" : "sell",
      "i" : "GEL_USD",
      "m" : "4611686018429449715"
    }, {
      "d" : "1756411620955126393",
      "t" : 1756411620955,
      "tn" : 1756411620955126393,
      "q" : "1485",
      "p" : "0.05388",
      "s" : "sell",
      "i" : "GEL_USD",
      "m" : "4611686018429449714"
    }, {
      "d" : "1756411563091673860",
      "t" : 1756411563091,
      "tn" : 1756411563091673860,
      "q" : "371",
      "p" : "0.05397",
      "s" : "sell",
      "i" : "GEL_USD",
      "m" : "4611686018429449713"
    }, {
      "d" : "1756411561999973102",
      "t" : 1756411561999,
      "tn" : 1756411561999973102,
      "q" : "381",
      "p" : "0.05397",
      "s" : "sell",
      "i" : "GEL_USD",
      "m" : "4611686018429449712"
    }, {
      "d" : "1756411561999970817",
      "t" : 1756411561999,
      "tn" : 1756411561999970817,
      "q" : "82",
      "p" : "0.05400",
      "s" : "sell",
      "i" : "GEL_USD",
      "m" : "4611686018429449711"
    }, {
      "d" : "1756411560380794202",
      "t" : 1756411560380,
      "tn" : 1756411560380794202,
      "q" : "692",
      "p" : "0.05400",
      "s" : "sell",
      "i" : "GEL_USD",
      "m" : "4611686018429449710"
    }, {
      "d" : "1756411560380792093",
      "t" : 1756411560380,
      "tn" : 1756411560380792093,
      "q" : "49",
      "p" : "0.05401",
      "s" : "sell",
      "i" : "GEL_USD",
      "m" : "4611686018429449709"
    }, {
      "d" : "1756411558951604119",
      "t" : 1756411558951,
      "tn" : 1756411558951604119,
      "q" : "1481",
      "p" : "0.05401",
      "s" : "sell",
      "i" : "GEL_USD",
      "m" : "4611686018429449708"
    }, {
      "d" : "1756411516012125914",
      "t" : 1756411516012,
      "tn" : 1756411516012125914,
      "q" : "740",
      "p" : "0.05407",
      "s" : "sell",
      "i" : "GEL_USD",
      "m" : "4611686018429449707"
    }, {
      "d" : "1756411217464317496",
      "t" : 1756411217464,
      "tn" : 1756411217464317496,
      "q" : "399",
      "p" : "0.05407",
      "s" : "sell",
      "i" : "GEL_USD",
      "m" : "4611686018429449706"
    }, {
      "d" : "1756411210814313444",
      "t" : 1756411210814,
      "tn" : 1756411210814313443,
      "q" : "499",
      "p" : "0.05392",
      "s" : "sell",
      "i" : "GEL_USD",
      "m" : "4611686018429449705"
    }, {
      "d" : "1756411210814313443",
      "t" : 1756411210814,
      "tn" : 1756411210814313443,
      "q" : "1997",
      "p" : "0.05392",
      "s" : "sell",
      "i" : "GEL_USD",
      "m" : "4611686018429449705"
    }, {
      "d" : "1756411210814311973",
      "t" : 1756411210814,
      "tn" : 1756411210814311973,
      "q" : "920",
      "p" : "0.05396",
      "s" : "sell",
      "i" : "GEL_USD",
      "m" : "4611686018429449704"
    }, {
      "d" : "1756411210814307369",
      "t" : 1756411210814,
      "tn" : 1756411210814307369,
      "q" : "1814",
      "p" : "0.05398",
      "s" : "sell",
      "i" : "GEL_USD",
      "m" : "4611686018429449703"
    }, {
      "d" : "1756411210814305023",
      "t" : 1756411210814,
      "tn" : 1756411210814305023,
      "q" : "875",
      "p" : "0.05399",
      "s" : "sell",
      "i" : "GEL_USD",
      "m" : "4611686018429449702"
    }, {
      "d" : "1756411210814302504",
      "t" : 1756411210814,
      "tn" : 1756411210814302504,
      "q" : "833",
      "p" : "0.05403",
      "s" : "sell",
      "i" : "GEL_USD",
      "m" : "4611686018429449701"
    }, {
      "d" : "1756411210814300164",
      "t" : 1756411210814,
      "tn" : 1756411210814300164,
      "q" : "1647",
      "p" : "0.05404",
      "s" : "sell",
      "i" : "GEL_USD",
      "m" : "4611686018429449700"
    }, {
      "d" : "1756411210814296993",
      "t" : 1756411210814,
      "tn" : 1756411210814296993,
      "q" : "688",
      "p" : "0.05409",
      "s" : "sell",
      "i" : "GEL_USD",
      "m" : "4611686018429449699"
    }, {
      "d" : "1756411208475453429",
      "t" : 1756411208475,
      "tn" : 1756411208475453429,
      "q" : "808",
      "p" : "0.05409",
      "s" : "sell",
      "i" : "GEL_USD",
      "m" : "4611686018429449698"
    }, {
      "d" : "1756411208475451244",
      "t" : 1756411208475,
      "tn" : 1756411208475451244,
      "q" : "93",
      "p" : "0.05411",
      "s" : "sell",
      "i" : "GEL_USD",
      "m" : "4611686018429449697"
    }, {
      "d" : "1756407674154743983",
      "t" : 1756407674154,
      "tn" : 1756407674154743983,
      "q" : "508",
      "p" : "0.05404",
      "s" : "sell",
      "i" : "GEL_USD",
      "m" : "4611686018429449696"
    }, {
      "d" : "1756407303225190809",
      "t" : 1756407303225,
      "tn" : 1756407303225190809,
      "q" : "132",
      "p" : "0.05404",
      "s" : "sell",
      "i" : "GEL_USD",
      "m" : "4611686018429449695"
    }, {
      "d" : "1756407303225188550",
      "t" : 1756407303225,
      "tn" : 1756407303225188550,
      "q" : "93",
      "p" : "0.05408",
      "s" : "sell",
      "i" : "GEL_USD",
      "m" : "4611686018429449694"
    }, {
      "d" : "1756407004966473218",
      "t" : 1756407004966,
      "tn" : 1756407004966473218,
      "q" : "301",
      "p" : "0.05398",
      "s" : "sell",
      "i" : "GEL_USD",
      "m" : "4611686018429449693"
    }, {
      "d" : "1756407004966471160",
      "t" : 1756407004966,
      "tn" : 1756407004966471160,
      "q" : "43",
      "p" : "0.05404",
      "s" : "sell",
      "i" : "GEL_USD",
      "m" : "4611686018429449692"
    }, {
      "d" : "1756407004966467856",
      "t" : 1756407004966,
      "tn" : 1756407004966467855,
      "q" : "93",
      "p" : "0.05430",
      "s" : "sell",
      "i" : "GEL_USD",
      "m" : "4611686018429449691"
    }, {
      "d" : "1756407004966467855",
      "t" : 1756407004966,
      "tn" : 1756407004966467855,
      "q" : "93",
      "p" : "0.05430",
      "s" : "sell",
      "i" : "GEL_USD",
      "m" : "4611686018429449691"
    }, {
      "d" : "1756406942440479936",
      "t" : 1756406942440,
      "tn" : 1756406942440479936,
      "q" : "1480",
      "p" : "0.05404",
      "s" : "sell",
      "i" : "GEL_USD",
      "m" : "4611686018429449690"
    }, {
      "d" : "1756403443738479191",
      "t" : 1756403443738,
      "tn" : 1756403443738479191,
      "q" : "102",
      "p" : "0.05421",
      "s" : "buy",
      "i" : "GEL_USD",
      "m" : "4611686018429449689"
    }, {
      "d" : "1756402074372803893",
      "t" : 1756402074372,
      "tn" : 1756402074372803893,
      "q" : "1424",
      "p" : "0.05431",
      "s" : "buy",
      "i" : "GEL_USD",
      "m" : "4611686018429449688"
    }, {
      "d" : "1756402071222899845",
      "t" : 1756402071222,
      "tn" : 1756402071222899845,
      "q" : "278",
      "p" : "0.05408",
      "s" : "buy",
      "i" : "GEL_USD",
      "m" : "4611686018429449687"
    }, {
      "d" : "1756402068063498085",
      "t" : 1756402068063,
      "tn" : 1756402068063498085,
      "q" : "278",
      "p" : "0.05408",
      "s" : "buy",
      "i" : "GEL_USD",
      "m" : "4611686018429449686"
    }, {
      "d" : "1756401196220124592",
      "t" : 1756401196220,
      "tn" : 1756401196220124592,
      "q" : "2267",
      "p" : "0.05416",
      "s" : "buy",
      "i" : "GEL_USD",
      "m" : "4611686018429449685"
    }, {
      "d" : "1756400902875110836",
      "t" : 1756400902875,
      "tn" : 1756400902875110836,
      "q" : "1015",
      "p" : "0.05441",
      "s" : "sell",
      "i" : "GEL_USD",
      "m" : "4611686018429449684"
    }, {
      "d" : "1756400899646909060",
      "t" : 1756400899646,
      "tn" : 1756400899646909060,
      "q" : "1529",
      "p" : "0.05447",
      "s" : "sell",
      "i" : "GEL_USD",
      "m" : "4611686018429449683"
    }, {
      "d" : "1756396908561437936",
      "t" : 1756396908561,
      "tn" : 1756396908561437936,
      "q" : "443",
      "p" : "0.05490",
      "s" : "sell",
      "i" : "GEL_USD",
      "m" : "4611686018429449682"
    }, {
      "d" : "1756396771484341301",
      "t" : 1756396771484,
      "tn" : 1756396771484341301,
      "q" : "1225",
      "p" : "0.05533",
      "s" : "buy",
      "i" : "GEL_USD",
      "m" : "4611686018429449681"
    }, {
      "d" : "1756396768320759980",
      "t" : 1756396768320,
      "tn" : 1756396768320759980,
      "q" : "275",
      "p" : "0.05464",
      "s" : "buy",
      "i" : "GEL_USD",
      "m" : "4611686018429449680"
    }, {
      "d" : "1756396533080633063",
      "t" : 1756396533080,
      "tn" : 1756396533080633063,
      "q" : "1374",
      "p" : "0.05456",
      "s" : "sell",
      "i" : "GEL_USD",
      "m" : "4611686018429449679"
    }, {
      "d" : "1756396533080630544",
      "t" : 1756396533080,
      "tn" : 1756396533080630544,
      "q" : "92",
      "p" : "0.05464",
      "s" : "sell",
      "i" : "GEL_USD",
      "m" : "4611686018429449678"
    }, {
      "d" : "1756396213221771454",
      "t" : 1756396213221,
      "tn" : 1756396213221771454,
      "q" : "367",
      "p" : "0.05456",
      "s" : "sell",
      "i" : "GEL_USD",
      "m" : "4611686018429449677"
    }, {
      "d" : "1756396213166445746",
      "t" : 1756396213166,
      "tn" : 1756396213166445746,
      "q" : "420",
      "p" : "0.05456",
      "s" : "sell",
      "i" : "GEL_USD",
      "m" : "4611686018429449676"
    }, {
      "d" : "1756394830803097092",
      "t" : 1756394830803,
      "tn" : 1756394830803097092,
      "q" : "200",
      "p" : "0.05568",
      "s" : "sell",
      "i" : "GEL_USD",
      "m" : "4611686018429449675"
    }, {
      "d" : "1756389178539075442",
      "t" : 1756389178539,
      "tn" : 1756389178539075442,
      "q" : "77",
      "p" : "0.05708",
      "s" : "buy",
      "i" : "GEL_USD",
      "m" : "4611686018429449674"
    }, {
      "d" : "1756389051578033179",
      "t" : 1756389051578,
      "tn" : 1756389051578033178,
      "q" : "642",
      "p" : "0.05678",
      "s" : "buy",
      "i" : "GEL_USD",
      "m" : "4611686018429449673"
    }, {
      "d" : "1756389051578033178",
      "t" : 1756389051578,
      "tn" : 1756389051578033178,
      "q" : "2322",
      "p" : "0.05678",
      "s" : "buy",
      "i" : "GEL_USD",
      "m" : "4611686018429449673"
    }, {
      "d" : "1756389046399494630",
      "t" : 1756389046399,
      "tn" : 1756389046399494630,
      "q" : "1122",
      "p" : "0.05675",
      "s" : "buy",
      "i" : "GEL_USD",
      "m" : "4611686018429449672"
    }, {
      "d" : "1756389043239485993",
      "t" : 1756389043239,
      "tn" : 1756389043239485993,
      "q" : "2113",
      "p" : "0.05672",
      "s" : "buy",
      "i" : "GEL_USD",
      "m" : "4611686018429449671"
    }, {
      "d" : "1756389040073188399",
      "t" : 1756389040073,
      "tn" : 1756389040073188399,
      "q" : "1069",
      "p" : "0.05671",
      "s" : "buy",
      "i" : "GEL_USD",
      "m" : "4611686018429449670"
    }, {
      "d" : "1756389036895822212",
      "t" : 1756389036895,
      "tn" : 1756389036895822212,
      "q" : "1923",
      "p" : "0.05666",
      "s" : "buy",
      "i" : "GEL_USD",
      "m" : "4611686018429449669"
    }, {
      "d" : "1756389001385804652",
      "t" : 1756389001385,
      "tn" : 1756389001385804652,
      "q" : "1092",
      "p" : "0.05627",
      "s" : "sell",
      "i" : "GEL_USD",
      "m" : "4611686018429449668"
    }, {
      "d" : "1756388996198122692",
      "t" : 1756388996198,
      "tn" : 1756388996198122692,
      "q" : "853",
      "p" : "0.05629",
      "s" : "sell",
      "i" : "GEL_USD",
      "m" : "4611686018429449667"
    }, {
      "d" : "1756388990863173021",
      "t" : 1756388990863,
      "tn" : 1756388990863173021,
      "q" : "812",
      "p" : "0.05633",
      "s" : "sell",
      "i" : "GEL_USD",
      "m" : "4611686018429449666"
    }, {
      "d" : "1756388985964301876",
      "t" : 1756388985964,
      "tn" : 1756388985964301876,
      "q" : "1604",
      "p" : "0.05634",
      "s" : "sell",
      "i" : "GEL_USD",
      "m" : "4611686018429449665"
    }, {
      "d" : "1756388982721030882",
      "t" : 1756388982721,
      "tn" : 1756388982721030882,
      "q" : "1457",
      "p" : "0.05639",
      "s" : "sell",
      "i" : "GEL_USD",
      "m" : "4611686018429449664"
    }, {
      "d" : "1756388099567350986",
      "t" : 1756388099567,
      "tn" : 1756388099567350985,
      "q" : "462",
      "p" : "0.05807",
      "s" : "sell",
      "i" : "GEL_USD",
      "m" : "4611686018429449663"
    }, {
      "d" : "1756388099567350985",
      "t" : 1756388099567,
      "tn" : 1756388099567350985,
      "q" : "1592",
      "p" : "0.05807",
      "s" : "sell",
      "i" : "GEL_USD",
      "m" : "4611686018429449663"
    }, {
      "d" : "1756388099567347045",
      "t" : 1756388099567,
      "tn" : 1756388099567347045,
      "q" : "1446",
      "p" : "0.05814",
      "s" : "sell",
      "i" : "GEL_USD",
      "m" : "4611686018429449662"
    }, {
      "d" : "1756386501768630393",
      "t" : 1756386501768,
      "tn" : 1756386501768630393,
      "q" : "1284",
      "p" : "0.05523",
      "s" : "sell",
      "i" : "GEL_USD",
      "m" : "4611686018429449661"
    }, {
      "d" : "1756380450179526013",
      "t" : 1756380450179,
      "tn" : 1756380450179526013,
      "q" : "250",
      "p" : "0.05562",
      "s" : "sell",
      "i" : "GEL_USD",
      "m" : "4611686018429449660"
    }, {
      "d" : "1756379223020295297",
      "t" : 1756379223020,
      "tn" : 1756379223020295297,
      "q" : "288",
      "p" : "0.05575",
      "s" : "sell",
      "i" : "GEL_USD",
      "m" : "4611686018429449659"
    }, {
      "d" : "1756375490512972516",
      "t" : 1756375490512,
      "tn" : 1756375490512972516,
      "q" : "892",
      "p" : "0.05612",
      "s" : "sell",
      "i" : "GEL_USD",
      "m" : "4611686018429449658"
    }, {
      "d" : "1756375490512970313",
      "t" : 1756375490512,
      "tn" : 1756375490512970313,
      "q" : "972",
      "p" : "0.05615",
      "s" : "sell",
      "i" : "GEL_USD",
      "m" : "4611686018429449657"
    }, {
      "d" : "1756375490512968551",
      "t" : 1756375490512,
      "tn" : 1756375490512968551,
      "q" : "1917",
      "p" : "0.05617",
      "s" : "sell",
      "i" : "GEL_USD",
      "m" : "4611686018429449656"
    }, {
      "d" : "1756375490512965463",
      "t" : 1756375490512,
      "tn" : 1756375490512965463,
      "q" : "925",
      "p" : "0.05619",
      "s" : "sell",
      "i" : "GEL_USD",
      "m" : "4611686018429449655"
    }, {
      "d" : "1756375490512963180",
      "t" : 1756375490512,
      "tn" : 1756375490512963179,
      "q" : "1741",
      "p" : "0.05623",
      "s" : "sell",
      "i" : "GEL_USD",
      "m" : "4611686018429449654"
    }, {
      "d" : "1756375490512963179",
      "t" : 1756375490512,
      "tn" : 1756375490512963179,
      "q" : "881",
      "p" : "0.05623",
      "s" : "sell",
      "i" : "GEL_USD",
      "m" : "4611686018429449654"
    }, {
      "d" : "1756375490512959194",
      "t" : 1756375490512,
      "tn" : 1756375490512959194,
      "q" : "1581",
      "p" : "0.05629",
      "s" : "sell",
      "i" : "GEL_USD",
      "m" : "4611686018429449653"
    }, {
      "d" : "1756375120457789843",
      "t" : 1756375120457,
      "tn" : 1756375120457789843,
      "q" : "672",
      "p" : "0.05667",
      "s" : "sell",
      "i" : "GEL_USD",
      "m" : "4611686018429449652"
    } ]
  }
}