{
  "id" : -1,
  "method" : "public/get-trades",
  "code" : 0,
  "result" : {
    "data" : [ {
      "d" : "1756453092515215357",
      "t" : 1756453092515,
      "tn" : 1756453092515215357,
      "q" : "47",
      "p" : "0.23733",
      "s" : "buy",
      "i" : "GLM_USD",
      "m" : "4611686018430126516"
    }, {
      "d" : "1756453092406095584",
      "t" : 1756453092406,
      "tn" : 1756453092406095584,
      "q" : "85",
      "p" : "0.23734",
      "s" : "buy",
      "i" : "GLM_USD",
      "m" : "4611686018430126515"
    }, {
      "d" : "1756453092385000096",
      "t" : 1756453092385,
      "tn" : 1756453092385000096,
      "q" : "84",
      "p" : "0.23734",
      "s" : "buy",
      "i" : "GLM_USD",
      "m" : "4611686018430126514"
    }, {
      "d" : "1756453092366982561",
      "t" : 1756453092366,
      "tn" : 1756453092366982561,
      "q" : "84",
      "p" : "0.23734",
      "s" : "buy",
      "i" : "GLM_USD",
      "m" : "4611686018430126513"
    }, {
      "d" : "1756453001061727277",
      "t" : 1756453001061,
      "tn" : 1756453001061727277,
      "q" : "6",
      "p" : "0.23644",
      "s" : "sell",
      "i" : "GLM_USD",
      "m" : "4611686018430126512"
    }, {
      "d" : "1756452459969769540",
      "t" : 1756452459969,
      "tn" : 1756452459969769540,
      "q" : "28",
      "p" : "0.23614",
      "s" : "buy",
      "i" : "GLM_USD",
      "m" : "4611686018430126511"
    }, {
      "d" : "1756452459960752414",
      "t" : 1756452459960,
      "tn" : 1756452459960752414,
      "q" : "127",
      "p" : "0.23614",
      "s" : "buy",
      "i" : "GLM_USD",
      "m" : "4611686018430126510"
    }, {
      "d" : "1756452459910040880",
      "t" : 1756452459910,
      "tn" : 1756452459910040880,
      "q" : "85",
      "p" : "0.23614",
      "s" : "buy",
      "i" : "GLM_USD",
      "m" : "4611686018430126509"
    }, {
      "d" : "1756452459899667818",
      "t" : 1756452459899,
      "tn" : 1756452459899667818,
      "q" : "85",
      "p" : "0.23614",
      "s" : "buy",
      "i" : "GLM_USD",
      "m" : "4611686018430126508"
    }, {
      "d" : "1756452459890089689",
      "t" : 1756452459890,
      "tn" : 1756452459890089689,
      "q" : "381",
      "p" : "0.23615",
      "s" : "buy",
      "i" : "GLM_USD",
      "m" : "4611686018430126507"
    }, {
      "d" : "1756452459849531045",
      "t" : 1756452459849,
      "tn" : 1756452459849531045,
      "q" : "85",
      "p" : "0.23615",
      "s" : "buy",
      "i" : "GLM_USD",
      "m" : "4611686018430126506"
    }, {
      "d" : "1756452459839542519",
      "t" : 1756452459839,
      "tn" : 1756452459839542519,
      "q" : "85",
      "p" : "0.23615",
      "s" : "buy",
      "i" : "GLM_USD",
      "m" : "4611686018430126505"
    }, {
      "d" : "1756452459831896142",
      "t" : 1756452459831,
      "tn" : 1756452459831896142,
      "q" : "381",
      "p" : "0.23615",
      "s" : "buy",
      "i" : "GLM_USD",
      "m" : "4611686018430126504"
    }, {
      "d" : "1756452459829530690",
      "t" : 1756452459829,
      "tn" : 1756452459829530690,
      "q" : "72",
      "p" : "0.23614",
      "s" : "buy",
      "i" : "GLM_USD",
      "m" : "4611686018430126503"
    }, {
      "d" : "1756452459819443935",
      "t" : 1756452459819,
      "tn" : 1756452459819443935,
      "q" : "85",
      "p" : "0.23614",
      "s" : "buy",
      "i" : "GLM_USD",
      "m" : "4611686018430126502"
    }, {
      "d" : "1756452459809432246",
      "t" : 1756452459809,
      "tn" : 1756452459809432246,
      "q" : "85",
      "p" : "0.23614",
      "s" : "buy",
      "i" : "GLM_USD",
      "m" : "4611686018430126501"
    }, {
      "d" : "1756452459799426748",
      "t" : 1756452459799,
      "tn" : 1756452459799426748,
      "q" : "85",
      "p" : "0.23614",
      "s" : "buy",
      "i" : "GLM_USD",
      "m" : "4611686018430126500"
    }, {
      "d" : "1756452459788224499",
      "t" : 1756452459788,
      "tn" : 1756452459788224499,
      "q" : "85",
      "p" : "0.23614",
      "s" : "buy",
      "i" : "GLM_USD",
      "m" : "4611686018430126499"
    }, {
      "d" : "1756452459775316245",
      "t" : 1756452459775,
      "tn" : 1756452459775316245,
      "q" : "25",
      "p" : "0.23614",
      "s" : "buy",
      "i" : "GLM_USD",
      "m" : "4611686018430126498"
    }, {
      "d" : "1756452459775314606",
      "t" : 1756452459775,
      "tn" : 1756452459775314606,
      "q" : "60",
      "p" : "0.23613",
      "s" : "buy",
      "i" : "GLM_USD",
      "m" : "4611686018430126497"
    }, {
      "d" : "1756452459771765931",
      "t" : 1756452459771,
      "tn" : 1756452459771765931,
      "q" : "381",
      "p" : "0.23614",
      "s" : "buy",
      "i" : "GLM_USD",
      "m" : "4611686018430126496"
    }, {
      "d" : "1756452454906806082",
      "t" : 1756452454906,
      "tn" : 1756452454906806082,
      "q" : "85",
      "p" : "0.23615",
      "s" : "buy",
      "i" : "GLM_USD",
      "m" : "4611686018430126495"
    }, {
      "d" : "1756452454895730536",
      "t" : 1756452454895,
      "tn" : 1756452454895730536,
      "q" : "85",
      "p" : "0.23615",
      "s" : "buy",
      "i" : "GLM_USD",
      "m" : "4611686018430126494"
    }, {
      "d" : "1756452454875616533",
      "t" : 1756452454875,
      "tn" : 1756452454875616533,
      "q" : "85",
      "p" : "0.23615",
      "s" : "buy",
      "i" : "GLM_USD",
      "m" : "4611686018430126493"
    }, {
      "d" : "1756452454865624655",
      "t" : 1756452454865,
      "tn" : 1756452454865624655,
      "q" : "85",
      "p" : "0.23615",
      "s" : "buy",
      "i" : "GLM_USD",
      "m" : "4611686018430126492"
    }, {
      "d" : "1756452454845528404",
      "t" : 1756452454845,
      "tn" : 1756452454845528404,
      "q" : "85",
      "p" : "0.23615",
      "s" : "buy",
      "i" : "GLM_USD",
      "m" : "4611686018430126491"
    }, {
      "d" : "1756452454834797091",
      "t" : 1756452454834,
      "tn" : 1756452454834797091,
      "q" : "85",
      "p" : "0.23615",
      "s" : "buy",
      "i" : "GLM_USD",
      "m" : "4611686018430126490"
    }, {
      "d" : "1756452454725479370",
      "t" : 1756452454725,
      "tn" : 1756452454725479370,
      "q" : "288",
      "p" : "0.23614",
      "s" : "buy",
      "i" : "GLM_USD",
      "m" : "4611686018430126489"
    }, {
      "d" : "1756452454725386299",
      "t" : 1756452454725,
      "tn" : 1756452454725386299,
      "q" : "25",
      "p" : "0.23614",
      "s" : "buy",
      "i" : "GLM_USD",
      "m" : "4611686018430126488"
    }, {
      "d" : "1756452454725384625",
      "t" : 1756452454725,
      "tn" : 1756452454725384625,
      "q" : "60",
      "p" : "0.23613",
      "s" : "buy",
      "i" : "GLM_USD",
      "m" : "4611686018430126487"
    }, {
      "d" : "1756452454699152248",
      "t" : 1756452454699,
      "tn" : 1756452454699152248,
      "q" : "85",
      "p" : "0.23615",
      "s" : "buy",
      "i" : "GLM_USD",
      "m" : "4611686018430126486"
    }, {
      "d" : "1756452454596015049",
      "t" : 1756452454596,
      "tn" : 1756452454596015049,
      "q" : "85",
      "p" : "0.23615",
      "s" : "buy",
      "i" : "GLM_USD",
      "m" : "4611686018430126485"
    }, {
      "d" : "1756452454484344267",
      "t" : 1756452454484,
      "tn" : 1756452454484344267,
      "q" : "85",
      "p" : "0.23615",
      "s" : "buy",
      "i" : "GLM_USD",
      "m" : "4611686018430126484"
    }, {
      "d" : "1756452452699100302",
      "t" : 1756452452699,
      "tn" : 1756452452699100302,
      "q" : "381",
      "p" : "0.23614",
      "s" : "buy",
      "i" : "GLM_USD",
      "m" : "4611686018430126483"
    }, {
      "d" : "1756452452699035720",
      "t" : 1756452452699,
      "tn" : 1756452452699035720,
      "q" : "85",
      "p" : "0.23614",
      "s" : "buy",
      "i" : "GLM_USD",
      "m" : "4611686018430126482"
    }, {
      "d" : "1756452450511151052",
      "t" : 1756452450511,
      "tn" : 1756452450511151052,
      "q" : "320",
      "p" : "0.23617",
      "s" : "buy",
      "i" : "GLM_USD",
      "m" : "4611686018430126481"
    }, {
      "d" : "1756452450511148903",
      "t" : 1756452450511,
      "tn" : 1756452450511148903,
      "q" : "61",
      "p" : "0.23616",
      "s" : "buy",
      "i" : "GLM_USD",
      "m" : "4611686018430126480"
    }, {
      "d" : "1756452450140359996",
      "t" : 1756452450140,
      "tn" : 1756452450140359996,
      "q" : "86",
      "p" : "0.23609",
      "s" : "buy",
      "i" : "GLM_USD",
      "m" : "4611686018430126479"
    }, {
      "d" : "1756452450128841776",
      "t" : 1756452450128,
      "tn" : 1756452450128841776,
      "q" : "86",
      "p" : "0.23609",
      "s" : "buy",
      "i" : "GLM_USD",
      "m" : "4611686018430126478"
    }, {
      "d" : "1756452450116933776",
      "t" : 1756452450116,
      "tn" : 1756452450116933776,
      "q" : "86",
      "p" : "0.23609",
      "s" : "buy",
      "i" : "GLM_USD",
      "m" : "4611686018430126477"
    }, {
      "d" : "1756452449367545082",
      "t" : 1756452449367,
      "tn" : 1756452449367545082,
      "q" : "86",
      "p" : "0.23608",
      "s" : "buy",
      "i" : "GLM_USD",
      "m" : "4611686018430126476"
    }, {
      "d" : "1756452449353917464",
      "t" : 1756452449353,
      "tn" : 1756452449353917464,
      "q" : "86",
      "p" : "0.23608",
      "s" : "buy",
      "i" : "GLM_USD",
      "m" : "4611686018430126475"
    }, {
      "d" : "1756452358827498525",
      "t" : 1756452358827,
      "tn" : 1756452358827498525,
      "q" : "77",
      "p" : "0.23579",
      "s" : "sell",
      "i" : "GLM_USD",
      "m" : "4611686018430126474"
    }, {
      "d" : "1756452210492018126",
      "t" : 1756452210492,
      "tn" : 1756452210492018126,
      "q" : "120",
      "p" : "0.23834",
      "s" : "sell",
      "i" : "GLM_USD",
      "m" : "4611686018430126473"
    }, {
      "d" : "1756452208264811659",
      "t" : 1756452208264,
      "tn" : 1756452208264811658,
      "q" : "49",
      "p" : "0.23834",
      "s" : "sell",
      "i" : "GLM_USD",
      "m" : "4611686018430126472"
    }, {
      "d" : "1756452208264811658",
      "t" : 1756452208264,
      "tn" : 1756452208264811658,
      "q" : "160",
      "p" : "0.23834",
      "s" : "sell",
      "i" : "GLM_USD",
      "m" : "4611686018430126472"
    }, {
      "d" : "1756452109820655743",
      "t" : 1756452109820,
      "tn" : 1756452109820655743,
      "q" : "151",
      "p" : "0.23874",
      "s" : "sell",
      "i" : "GLM_USD",
      "m" : "4611686018430126471"
    }, {
      "d" : "1756452109819895410",
      "t" : 1756452109819,
      "tn" : 1756452109819895410,
      "q" : "314",
      "p" : "0.23874",
      "s" : "sell",
      "i" : "GLM_USD",
      "m" : "4611686018430126470"
    }, {
      "d" : "1756452109819893567",
      "t" : 1756452109819,
      "tn" : 1756452109819893567,
      "q" : "1277",
      "p" : "0.23875",
      "s" : "sell",
      "i" : "GLM_USD",
      "m" : "4611686018430126469"
    }, {
      "d" : "1756452109819890035",
      "t" : 1756452109819,
      "tn" : 1756452109819890035,
      "q" : "477",
      "p" : "0.23876",
      "s" : "sell",
      "i" : "GLM_USD",
      "m" : "4611686018430126468"
    }, {
      "d" : "1756452107179083001",
      "t" : 1756452107179,
      "tn" : 1756452107179083001,
      "q" : "151",
      "p" : "0.23876",
      "s" : "sell",
      "i" : "GLM_USD",
      "m" : "4611686018430126467"
    }, {
      "d" : "1756452096785064741",
      "t" : 1756452096785,
      "tn" : 1756452096785064741,
      "q" : "138",
      "p" : "0.23895",
      "s" : "sell",
      "i" : "GLM_USD",
      "m" : "4611686018430126466"
    }, {
      "d" : "1756452086514877727",
      "t" : 1756452086514,
      "tn" : 1756452086514877727,
      "q" : "420",
      "p" : "0.23902",
      "s" : "sell",
      "i" : "GLM_USD",
      "m" : "4611686018430126465"
    }, {
      "d" : "1756452081823740446",
      "t" : 1756452081823,
      "tn" : 1756452081823740446,
      "q" : "160",
      "p" : "0.23876",
      "s" : "buy",
      "i" : "GLM_USD",
      "m" : "4611686018430126464"
    }, {
      "d" : "1756452080413688042",
      "t" : 1756452080413,
      "tn" : 1756452080413688042,
      "q" : "420",
      "p" : "0.23876",
      "s" : "buy",
      "i" : "GLM_USD",
      "m" : "4611686018430126463"
    }, {
      "d" : "1756451890198940646",
      "t" : 1756451890198,
      "tn" : 1756451890198940646,
      "q" : "184",
      "p" : "0.24457",
      "s" : "buy",
      "i" : "GLM_USD",
      "m" : "4611686018430126462"
    }, {
      "d" : "1756451890195379692",
      "t" : 1756451890195,
      "tn" : 1756451890195379692,
      "q" : "368",
      "p" : "0.24457",
      "s" : "buy",
      "i" : "GLM_USD",
      "m" : "4611686018430126461"
    }, {
      "d" : "1756451890195118901",
      "t" : 1756451890195,
      "tn" : 1756451890195118901,
      "q" : "153",
      "p" : "0.24457",
      "s" : "buy",
      "i" : "GLM_USD",
      "m" : "4611686018430126460"
    }, {
      "d" : "1756451890195116938",
      "t" : 1756451890195,
      "tn" : 1756451890195116938,
      "q" : "23",
      "p" : "0.24127",
      "s" : "buy",
      "i" : "GLM_USD",
      "m" : "4611686018430126459"
    }, {
      "d" : "1756451888053756279",
      "t" : 1756451888053,
      "tn" : 1756451888053756279,
      "q" : "34",
      "p" : "0.24127",
      "s" : "buy",
      "i" : "GLM_USD",
      "m" : "4611686018430126458"
    }, {
      "d" : "1756451858695770435",
      "t" : 1756451858695,
      "tn" : 1756451858695770435,
      "q" : "136",
      "p" : "0.24461",
      "s" : "sell",
      "i" : "GLM_USD",
      "m" : "4611686018430126457"
    }, {
      "d" : "1756451858687976240",
      "t" : 1756451858687,
      "tn" : 1756451858687976240,
      "q" : "766",
      "p" : "0.24461",
      "s" : "buy",
      "i" : "GLM_USD",
      "m" : "4611686018430126456"
    }, {
      "d" : "1756451802794773248",
      "t" : 1756451802794,
      "tn" : 1756451802794773248,
      "q" : "61",
      "p" : "0.24301",
      "s" : "sell",
      "i" : "GLM_USD",
      "m" : "4611686018430126455"
    }, {
      "d" : "1756451781075002840",
      "t" : 1756451781075,
      "tn" : 1756451781075002839,
      "q" : "874",
      "p" : "0.24485",
      "s" : "sell",
      "i" : "GLM_USD",
      "m" : "4611686018430126454"
    }, {
      "d" : "1756451781075002839",
      "t" : 1756451781075,
      "tn" : 1756451781075002839,
      "q" : "158",
      "p" : "0.24485",
      "s" : "sell",
      "i" : "GLM_USD",
      "m" : "4611686018430126454"
    }, {
      "d" : "1756451781073927348",
      "t" : 1756451781073,
      "tn" : 1756451781073927348,
      "q" : "1151",
      "p" : "0.24490",
      "s" : "sell",
      "i" : "GLM_USD",
      "m" : "4611686018430126453"
    }, {
      "d" : "1756451781046706177",
      "t" : 1756451781046,
      "tn" : 1756451781046706177,
      "q" : "366",
      "p" : "0.24490",
      "s" : "sell",
      "i" : "GLM_USD",
      "m" : "4611686018430126452"
    }, {
      "d" : "1756451781036065867",
      "t" : 1756451781036,
      "tn" : 1756451781036065867,
      "q" : "163",
      "p" : "0.24485",
      "s" : "sell",
      "i" : "GLM_USD",
      "m" : "4611686018430126451"
    }, {
      "d" : "1756451781001306671",
      "t" : 1756451781001,
      "tn" : 1756451781001306671,
      "q" : "560",
      "p" : "0.24485",
      "s" : "sell",
      "i" : "GLM_USD",
      "m" : "4611686018430126450"
    }, {
      "d" : "1756451781001304923",
      "t" : 1756451781001,
      "tn" : 1756451781001304923,
      "q" : "41",
      "p" : "0.24489",
      "s" : "sell",
      "i" : "GLM_USD",
      "m" : "4611686018430126449"
    }, {
      "d" : "1756451780999059773",
      "t" : 1756451780999,
      "tn" : 1756451780999059773,
      "q" : "41",
      "p" : "0.24489",
      "s" : "sell",
      "i" : "GLM_USD",
      "m" : "4611686018430126448"
    }, {
      "d" : "1756451780990763359",
      "t" : 1756451780990,
      "tn" : 1756451780990763359,
      "q" : "219",
      "p" : "0.24488",
      "s" : "sell",
      "i" : "GLM_USD",
      "m" : "4611686018430126447"
    }, {
      "d" : "1756451780990761598",
      "t" : 1756451780990,
      "tn" : 1756451780990761598,
      "q" : "41",
      "p" : "0.24489",
      "s" : "sell",
      "i" : "GLM_USD",
      "m" : "4611686018430126446"
    }, {
      "d" : "1756451780782994306",
      "t" : 1756451780782,
      "tn" : 1756451780782994306,
      "q" : "45",
      "p" : "0.24487",
      "s" : "sell",
      "i" : "GLM_USD",
      "m" : "4611686018430126445"
    }, {
      "d" : "1756451780782992618",
      "t" : 1756451780782,
      "tn" : 1756451780782992618,
      "q" : "147",
      "p" : "0.24490",
      "s" : "sell",
      "i" : "GLM_USD",
      "m" : "4611686018430126444"
    }, {
      "d" : "1756451780782989497",
      "t" : 1756451780782,
      "tn" : 1756451780782989497,
      "q" : "58",
      "p" : "0.24491",
      "s" : "sell",
      "i" : "GLM_USD",
      "m" : "4611686018430126443"
    }, {
      "d" : "1756451780764320990",
      "t" : 1756451780764,
      "tn" : 1756451780764320990,
      "q" : "327",
      "p" : "0.24500",
      "s" : "sell",
      "i" : "GLM_USD",
      "m" : "4611686018430126442"
    }, {
      "d" : "1756451776717474783",
      "t" : 1756451776717,
      "tn" : 1756451776717474783,
      "q" : "243",
      "p" : "0.24703",
      "s" : "sell",
      "i" : "GLM_USD",
      "m" : "4611686018430126441"
    }, {
      "d" : "1756451756909471957",
      "t" : 1756451756909,
      "tn" : 1756451756909471957,
      "q" : "49",
      "p" : "0.25192",
      "s" : "buy",
      "i" : "GLM_USD",
      "m" : "4611686018430126440"
    }, {
      "d" : "1756451756908264167",
      "t" : 1756451756908,
      "tn" : 1756451756908264167,
      "q" : "523",
      "p" : "0.25192",
      "s" : "buy",
      "i" : "GLM_USD",
      "m" : "4611686018430126439"
    }, {
      "d" : "1756451750708900356",
      "t" : 1756451750708,
      "tn" : 1756451750708900356,
      "q" : "34",
      "p" : "0.25079",
      "s" : "buy",
      "i" : "GLM_USD",
      "m" : "4611686018430126438"
    }, {
      "d" : "1756451750708316524",
      "t" : 1756451750708,
      "tn" : 1756451750708316524,
      "q" : "359",
      "p" : "0.25079",
      "s" : "buy",
      "i" : "GLM_USD",
      "m" : "4611686018430126437"
    }, {
      "d" : "1756451750703829536",
      "t" : 1756451750703,
      "tn" : 1756451750703829536,
      "q" : "433",
      "p" : "0.25062",
      "s" : "buy",
      "i" : "GLM_USD",
      "m" : "4611686018430126436"
    }, {
      "d" : "1756451719681928453",
      "t" : 1756451719681,
      "tn" : 1756451719681928453,
      "q" : "2993",
      "p" : "0.25123",
      "s" : "buy",
      "i" : "GLM_USD",
      "m" : "4611686018430126435"
    }, {
      "d" : "1756451719681926415",
      "t" : 1756451719681,
      "tn" : 1756451719681926415,
      "q" : "956",
      "p" : "0.25086",
      "s" : "buy",
      "i" : "GLM_USD",
      "m" : "4611686018430126434"
    }, {
      "d" : "1756451719681923518",
      "t" : 1756451719681,
      "tn" : 1756451719681923518,
      "q" : "3720",
      "p" : "0.25068",
      "s" : "buy",
      "i" : "GLM_USD",
      "m" : "4611686018430126433"
    }, {
      "d" : "1756451719681920857",
      "t" : 1756451719681,
      "tn" : 1756451719681920857,
      "q" : "60",
      "p" : "0.25053",
      "s" : "buy",
      "i" : "GLM_USD",
      "m" : "4611686018430126432"
    }, {
      "d" : "1756451719681918203",
      "t" : 1756451719681,
      "tn" : 1756451719681918203,
      "q" : "878",
      "p" : "0.25038",
      "s" : "buy",
      "i" : "GLM_USD",
      "m" : "4611686018430126431"
    }, {
      "d" : "1756451719681915358",
      "t" : 1756451719681,
      "tn" : 1756451719681915358,
      "q" : "97",
      "p" : "0.24966",
      "s" : "buy",
      "i" : "GLM_USD",
      "m" : "4611686018430126430"
    }, {
      "d" : "1756451719681912558",
      "t" : 1756451719681,
      "tn" : 1756451719681912557,
      "q" : "345",
      "p" : "0.24964",
      "s" : "buy",
      "i" : "GLM_USD",
      "m" : "4611686018430126429"
    }, {
      "d" : "1756451719681912557",
      "t" : 1756451719681,
      "tn" : 1756451719681912557,
      "q" : "751",
      "p" : "0.24964",
      "s" : "buy",
      "i" : "GLM_USD",
      "m" : "4611686018430126429"
    }, {
      "d" : "1756451474289266021",
      "t" : 1756451474289,
      "tn" : 1756451474289266021,
      "q" : "76",
      "p" : "0.24308",
      "s" : "buy",
      "i" : "GLM_USD",
      "m" : "4611686018430126428"
    }, {
      "d" : "1756430246209845421",
      "t" : 1756430246209,
      "tn" : 1756430246209845421,
      "q" : "99",
      "p" : "0.24252",
      "s" : "sell",
      "i" : "GLM_USD",
      "m" : "4611686018430126427"
    }, {
      "d" : "1756430246152517635",
      "t" : 1756430246152,
      "tn" : 1756430246152517635,
      "q" : "145",
      "p" : "0.24252",
      "s" : "sell",
      "i" : "GLM_USD",
      "m" : "4611686018430126426"
    }, {
      "d" : "1756430246134518548",
      "t" : 1756430246134,
      "tn" : 1756430246134518548,
      "q" : "165",
      "p" : "0.24252",
      "s" : "sell",
      "i" : "GLM_USD",
      "m" : "4611686018430126425"
    }, {
      "d" : "1756430246134515655",
      "t" : 1756430246134,
      "tn" : 1756430246134515654,
      "q" : "543",
      "p" : "0.24252",
      "s" : "sell",
      "i" : "GLM_USD",
      "m" : "4611686018430126424"
    }, {
      "d" : "1756430246134515654",
      "t" : 1756430246134,
      "tn" : 1756430246134515654,
      "q" : "76",
      "p" : "0.24252",
      "s" : "sell",
      "i" : "GLM_USD",
      "m" : "4611686018430126424"
    }, {
      "d" : "1756430240905257348",
      "t" : 1756430240905,
      "tn" : 1756430240905257348,
      "q" : "55",
      "p" : "0.24253",
      "s" : "sell",
      "i" : "GLM_USD",
      "m" : "4611686018430126423"
    }, {
      "d" : "1756430239992152203",
      "t" : 1756430239992,
      "tn" : 1756430239992152203,
      "q" : "49",
      "p" : "0.24252",
      "s" : "sell",
      "i" : "GLM_USD",
      "m" : "4611686018430126422"
    }, {
      "d" : "1756430232900616489",
      "t" : 1756430232900,
      "tn" : 1756430232900616489,
      "q" : "82",
      "p" : "0.24246",
      "s" : "sell",
      "i" : "GLM_USD",
      "m" : "4611686018430126421"
    }, {
      "d" : "1756430232620017679",
      "t" : 1756430232620,
      "tn" : 1756430232620017679,
      "q" : "99",
      "p" : "0.24246",
      "s" : "sell",
      "i" : "GLM_USD",
      "m" : "4611686018430126420"
    }, {
      "d" : "1756412537574671222",
      "t" : 1756412537574,
      "tn" : 1756412537574671222,
      "q" : "414",
      "p" : "0.24233",
      "s" : "sell",
      "i" : "GLM_USD",
      "m" : "4611686018430126419"
    }, {
      "d" : "1756393930763106989",
      "t" : 1756393930763,
      "tn" : 1756393930763106989,
      "q" : "245",
      "p" : "0.24440",
      "s" : "buy",
      "i" : "GLM_USD",
      "m" : "4611686018430126418"
    }, {
      "d" : "1756393930760613918",
      "t" : 1756393930760,
      "tn" : 1756393930760613918,
      "q" : "589",
      "p" : "0.24440",
      "s" : "sell",
      "i" : "GLM_USD",
      "m" : "4611686018430126417"
    }, {
      "d" : "1756390033530203813",
      "t" : 1756390033530,
      "tn" : 1756390033530203813,
      "q" : "108",
      "p" : "0.24412",
      "s" : "sell",
      "i" : "GLM_USD",
      "m" : "4611686018430126416"
    }, {
      "d" : "1756382856322250136",
      "t" : 1756382856322,
      "tn" : 1756382856322250136,
      "q" : "55",
      "p" : "0.24353",
      "s" : "buy",
      "i" : "GLM_USD",
      "m" : "4611686018430126415"
    }, {
      "d" : "1756378921509318565",
      "t" : 1756378921509,
      "tn" : 1756378921509318565,
      "q" : "580",
      "p" : "0.24334",
      "s" : "buy",
      "i" : "GLM_USD",
      "m" : "4611686018430126414"
    } ]
  }
}