{
  "id" : -1,
  "method" : "public/get-trades",
  "code" : 0,
  "result" : {
    "data" : [ {
      "d" : "1756459104089217674",
      "t" : 1756459104089,
      "tn" : 1756459104089217674,
      "q" : "2906.8",
      "p" : "0.07282",
      "s" : "buy",
      "i" : "GLMR_USD",
      "m" : "4611686018430222139"
    }, {
      "d" : "1756459104089004326",
      "t" : 1756459104089,
      "tn" : 1756459104089004326,
      "q" : "1041.2",
      "p" : "0.07282",
      "s" : "buy",
      "i" : "GLMR_USD",
      "m" : "4611686018430222138"
    }, {
      "d" : "1756459104089001582",
      "t" : 1756459104089,
      "tn" : 1756459104089001582,
      "q" : "1928.8",
      "p" : "0.07281",
      "s" : "buy",
      "i" : "GLMR_USD",
      "m" : "4611686018430222137"
    }, {
      "d" : "1756458167925228193",
      "t" : 1756458167925,
      "tn" : 1756458167925228193,
      "q" : "16.9",
      "p" : "0.07253",
      "s" : "sell",
      "i" : "GLMR_USD",
      "m" : "4611686018430222136"
    }, {
      "d" : "1756457376286196287",
      "t" : 1756457376286,
      "tn" : 1756457376286196287,
      "q" : "16.7",
      "p" : "0.07340",
      "s" : "sell",
      "i" : "GLMR_USD",
      "m" : "4611686018430222135"
    }, {
      "d" : "1756454234210931246",
      "t" : 1756454234210,
      "tn" : 1756454234210931246,
      "q" : "158.2",
      "p" : "0.07398",
      "s" : "sell",
      "i" : "GLMR_USD",
      "m" : "4611686018430222134"
    }, {
      "d" : "1756452221048169293",
      "t" : 1756452221048,
      "tn" : 1756452221048169293,
      "q" : "1610.6",
      "p" : "0.07353",
      "s" : "sell",
      "i" : "GLMR_USD",
      "m" : "4611686018430222133"
    }, {
      "d" : "1756452181753146386",
      "t" : 1756452181753,
      "tn" : 1756452181753146386,
      "q" : "913.1",
      "p" : "0.07408",
      "s" : "sell",
      "i" : "GLMR_USD",
      "m" : "4611686018430222132"
    }, {
      "d" : "1756452181751809736",
      "t" : 1756452181751,
      "tn" : 1756452181751809736,
      "q" : "2970.0",
      "p" : "0.07408",
      "s" : "sell",
      "i" : "GLMR_USD",
      "m" : "4611686018430222131"
    }, {
      "d" : "1756452181746245887",
      "t" : 1756452181746,
      "tn" : 1756452181746245887,
      "q" : "1246.2",
      "p" : "0.07408",
      "s" : "sell",
      "i" : "GLMR_USD",
      "m" : "4611686018430222130"
    }, {
      "d" : "1756452181746148487",
      "t" : 1756452181746,
      "tn" : 1756452181746148487,
      "q" : "2970.0",
      "p" : "0.07408",
      "s" : "sell",
      "i" : "GLMR_USD",
      "m" : "4611686018430222129"
    }, {
      "d" : "1756452181729971974",
      "t" : 1756452181729,
      "tn" : 1756452181729971974,
      "q" : "8728.5",
      "p" : "0.07407",
      "s" : "sell",
      "i" : "GLMR_USD",
      "m" : "4611686018430222128"
    }, {
      "d" : "1756452181726083827",
      "t" : 1756452181726,
      "tn" : 1756452181726083827,
      "q" : "1878.7",
      "p" : "0.07413",
      "s" : "sell",
      "i" : "GLMR_USD",
      "m" : "4611686018430222127"
    }, {
      "d" : "1756452181726081584",
      "t" : 1756452181726,
      "tn" : 1756452181726081584,
      "q" : "16.5",
      "p" : "0.07426",
      "s" : "sell",
      "i" : "GLMR_USD",
      "m" : "4611686018430222126"
    }, {
      "d" : "1756452181726077932",
      "t" : 1756452181726,
      "tn" : 1756452181726077932,
      "q" : "11614.7",
      "p" : "0.07433",
      "s" : "sell",
      "i" : "GLMR_USD",
      "m" : "4611686018430222125"
    }, {
      "d" : "1756452181726074464",
      "t" : 1756452181726,
      "tn" : 1756452181726074464,
      "q" : "4827.9",
      "p" : "0.07435",
      "s" : "sell",
      "i" : "GLMR_USD",
      "m" : "4611686018430222124"
    }, {
      "d" : "1756452126774962902",
      "t" : 1756452126774,
      "tn" : 1756452126774962902,
      "q" : "150.0",
      "p" : "0.07475",
      "s" : "buy",
      "i" : "GLMR_USD",
      "m" : "4611686018430222123"
    }, {
      "d" : "1756450990561949353",
      "t" : 1756450990561,
      "tn" : 1756450990561949353,
      "q" : "16.3",
      "p" : "0.07512",
      "s" : "sell",
      "i" : "GLMR_USD",
      "m" : "4611686018430222122"
    }, {
      "d" : "1756447123417585479",
      "t" : 1756447123417,
      "tn" : 1756447123417585479,
      "q" : "1154.6",
      "p" : "0.07600",
      "s" : "buy",
      "i" : "GLMR_USD",
      "m" : "4611686018430222121"
    }, {
      "d" : "1756447123417138268",
      "t" : 1756447123417,
      "tn" : 1756447123417138268,
      "q" : "1184.2",
      "p" : "0.07600",
      "s" : "buy",
      "i" : "GLMR_USD",
      "m" : "4611686018430222120"
    }, {
      "d" : "1756447119147710041",
      "t" : 1756447119147,
      "tn" : 1756447119147710041,
      "q" : "1852.8",
      "p" : "0.07606",
      "s" : "buy",
      "i" : "GLMR_USD",
      "m" : "4611686018430222119"
    }, {
      "d" : "1756446944907889910",
      "t" : 1756446944907,
      "tn" : 1756446944907889910,
      "q" : "1233.3",
      "p" : "0.07598",
      "s" : "buy",
      "i" : "GLMR_USD",
      "m" : "4611686018430222118"
    }, {
      "d" : "1756446944902802571",
      "t" : 1756446944902,
      "tn" : 1756446944902802571,
      "q" : "16.1",
      "p" : "0.07598",
      "s" : "sell",
      "i" : "GLMR_USD",
      "m" : "4611686018430222117"
    }, {
      "d" : "1756440716856595633",
      "t" : 1756440716856,
      "tn" : 1756440716856595633,
      "q" : "875.7",
      "p" : "0.07634",
      "s" : "sell",
      "i" : "GLMR_USD",
      "m" : "4611686018430222116"
    }, {
      "d" : "1756440216484179013",
      "t" : 1756440216484,
      "tn" : 1756440216484179013,
      "q" : "1050.0",
      "p" : "0.07654",
      "s" : "sell",
      "i" : "GLMR_USD",
      "m" : "4611686018430222115"
    }, {
      "d" : "1756439071157214338",
      "t" : 1756439071157,
      "tn" : 1756439071157214338,
      "q" : "1328.6",
      "p" : "0.07661",
      "s" : "sell",
      "i" : "GLMR_USD",
      "m" : "4611686018430222114"
    }, {
      "d" : "1756435853002558536",
      "t" : 1756435853002,
      "tn" : 1756435853002558536,
      "q" : "1421.2",
      "p" : "0.07717",
      "s" : "sell",
      "i" : "GLMR_USD",
      "m" : "4611686018430222113"
    }, {
      "d" : "1756434440801574608",
      "t" : 1756434440801,
      "tn" : 1756434440801574608,
      "q" : "1048.0",
      "p" : "0.07666",
      "s" : "sell",
      "i" : "GLMR_USD",
      "m" : "4611686018430222112"
    }, {
      "d" : "1756434170928978293",
      "t" : 1756434170928,
      "tn" : 1756434170928978293,
      "q" : "1045.0",
      "p" : "0.07640",
      "s" : "sell",
      "i" : "GLMR_USD",
      "m" : "4611686018430222111"
    }, {
      "d" : "1756428053453067917",
      "t" : 1756428053453,
      "tn" : 1756428053453067917,
      "q" : "1043.0",
      "p" : "0.07649",
      "s" : "sell",
      "i" : "GLMR_USD",
      "m" : "4611686018430222110"
    }, {
      "d" : "1756427996538097565",
      "t" : 1756427996538,
      "tn" : 1756427996538097565,
      "q" : "2603.9",
      "p" : "0.07684",
      "s" : "buy",
      "i" : "GLMR_USD",
      "m" : "4611686018430222109"
    }, {
      "d" : "1756427996533628636",
      "t" : 1756427996533,
      "tn" : 1756427996533628636,
      "q" : "110.3",
      "p" : "0.07684",
      "s" : "sell",
      "i" : "GLMR_USD",
      "m" : "4611686018430222108"
    }, {
      "d" : "1756427443804117615",
      "t" : 1756427443804,
      "tn" : 1756427443804117615,
      "q" : "1040.0",
      "p" : "0.07694",
      "s" : "sell",
      "i" : "GLMR_USD",
      "m" : "4611686018430222107"
    }, {
      "d" : "1756427273537312504",
      "t" : 1756427273537,
      "tn" : 1756427273537312504,
      "q" : "1038.0",
      "p" : "0.07688",
      "s" : "sell",
      "i" : "GLMR_USD",
      "m" : "4611686018430222106"
    }, {
      "d" : "1756424674946238679",
      "t" : 1756424674946,
      "tn" : 1756424674946238679,
      "q" : "272.1",
      "p" : "0.07700",
      "s" : "buy",
      "i" : "GLMR_USD",
      "m" : "4611686018430222105"
    }, {
      "d" : "1756424034098140992",
      "t" : 1756424034098,
      "tn" : 1756424034098140992,
      "q" : "418.5",
      "p" : "0.07738",
      "s" : "sell",
      "i" : "GLMR_USD",
      "m" : "4611686018430222104"
    }, {
      "d" : "1756422275053112604",
      "t" : 1756422275053,
      "tn" : 1756422275053112604,
      "q" : "1042.1",
      "p" : "0.07743",
      "s" : "buy",
      "i" : "GLMR_USD",
      "m" : "4611686018430222103"
    }, {
      "d" : "1756422105838555913",
      "t" : 1756422105838,
      "tn" : 1756422105838555913,
      "q" : "1045.1",
      "p" : "0.07739",
      "s" : "buy",
      "i" : "GLMR_USD",
      "m" : "4611686018430222102"
    }, {
      "d" : "1756420676940144263",
      "t" : 1756420676940,
      "tn" : 1756420676940144263,
      "q" : "16.1",
      "p" : "0.07684",
      "s" : "buy",
      "i" : "GLMR_USD",
      "m" : "4611686018430222101"
    }, {
      "d" : "1756418661468545581",
      "t" : 1756418661468,
      "tn" : 1756418661468545581,
      "q" : "1047.1",
      "p" : "0.07659",
      "s" : "buy",
      "i" : "GLMR_USD",
      "m" : "4611686018430222100"
    }, {
      "d" : "1756417467943444748",
      "t" : 1756417467943,
      "tn" : 1756417467943444748,
      "q" : "1049.1",
      "p" : "0.07641",
      "s" : "buy",
      "i" : "GLMR_USD",
      "m" : "4611686018430222099"
    }, {
      "d" : "1756415488665238784",
      "t" : 1756415488665,
      "tn" : 1756415488665238784,
      "q" : "899.1",
      "p" : "0.07611",
      "s" : "sell",
      "i" : "GLMR_USD",
      "m" : "4611686018430222098"
    }, {
      "d" : "1756413192808012133",
      "t" : 1756413192808,
      "tn" : 1756413192808012133,
      "q" : "1441.3",
      "p" : "0.07594",
      "s" : "sell",
      "i" : "GLMR_USD",
      "m" : "4611686018430222097"
    }, {
      "d" : "1756412962579540070",
      "t" : 1756412962579,
      "tn" : 1756412962579540070,
      "q" : "832.5",
      "p" : "0.07553",
      "s" : "buy",
      "i" : "GLMR_USD",
      "m" : "4611686018430222096"
    }, {
      "d" : "1756410970592980328",
      "t" : 1756410970592,
      "tn" : 1756410970592980328,
      "q" : "312.4",
      "p" : "0.07576",
      "s" : "sell",
      "i" : "GLMR_USD",
      "m" : "4611686018430222095"
    }, {
      "d" : "1756410605731843206",
      "t" : 1756410605731,
      "tn" : 1756410605731843206,
      "q" : "2496.8",
      "p" : "0.07581",
      "s" : "sell",
      "i" : "GLMR_USD",
      "m" : "4611686018430222094"
    }, {
      "d" : "1756410605285177802",
      "t" : 1756410605285,
      "tn" : 1756410605285177802,
      "q" : "673.5",
      "p" : "0.07580",
      "s" : "sell",
      "i" : "GLMR_USD",
      "m" : "4611686018430222093"
    }, {
      "d" : "1756408712314776815",
      "t" : 1756408712314,
      "tn" : 1756408712314776814,
      "q" : "48.5",
      "p" : "0.07628",
      "s" : "buy",
      "i" : "GLMR_USD",
      "m" : "4611686018430222092"
    }, {
      "d" : "1756408712314776814",
      "t" : 1756408712314,
      "tn" : 1756408712314776814,
      "q" : "4501.5",
      "p" : "0.07628",
      "s" : "buy",
      "i" : "GLMR_USD",
      "m" : "4611686018430222092"
    }, {
      "d" : "1756408007466747999",
      "t" : 1756408007466,
      "tn" : 1756408007466747999,
      "q" : "4439.1",
      "p" : "0.07648",
      "s" : "buy",
      "i" : "GLMR_USD",
      "m" : "4611686018430222091"
    }, {
      "d" : "1756406907206587462",
      "t" : 1756406907206,
      "tn" : 1756406907206587462,
      "q" : "1049.9",
      "p" : "0.07656",
      "s" : "buy",
      "i" : "GLMR_USD",
      "m" : "4611686018430222090"
    }, {
      "d" : "1756403791475085218",
      "t" : 1756403791475,
      "tn" : 1756403791475085218,
      "q" : "29.0",
      "p" : "0.07613",
      "s" : "buy",
      "i" : "GLMR_USD",
      "m" : "4611686018430222089"
    }, {
      "d" : "1756401087432212147",
      "t" : 1756401087432,
      "tn" : 1756401087432212147,
      "q" : "164.4",
      "p" : "0.07610",
      "s" : "buy",
      "i" : "GLMR_USD",
      "m" : "4611686018430222088"
    }, {
      "d" : "1756400401888176866",
      "t" : 1756400401888,
      "tn" : 1756400401888176866,
      "q" : "16.1",
      "p" : "0.07598",
      "s" : "sell",
      "i" : "GLMR_USD",
      "m" : "4611686018430222087"
    }, {
      "d" : "1756399630671998294",
      "t" : 1756399630671,
      "tn" : 1756399630671998294,
      "q" : "3010.5",
      "p" : "0.07648",
      "s" : "buy",
      "i" : "GLMR_USD",
      "m" : "4611686018430222086"
    }, {
      "d" : "1756396887765941347",
      "t" : 1756396887765,
      "tn" : 1756396887765941347,
      "q" : "116.8",
      "p" : "0.07716",
      "s" : "sell",
      "i" : "GLMR_USD",
      "m" : "4611686018430222085"
    }, {
      "d" : "1756394208652969927",
      "t" : 1756394208652,
      "tn" : 1756394208652969927,
      "q" : "1330.0",
      "p" : "0.07645",
      "s" : "sell",
      "i" : "GLMR_USD",
      "m" : "4611686018430222084"
    }, {
      "d" : "1756393071959521300",
      "t" : 1756393071959,
      "tn" : 1756393071959521300,
      "q" : "2683.7",
      "p" : "0.07670",
      "s" : "buy",
      "i" : "GLMR_USD",
      "m" : "4611686018430222083"
    }, {
      "d" : "1756392622878232364",
      "t" : 1756392622878,
      "tn" : 1756392622878232364,
      "q" : "500.0",
      "p" : "0.07663",
      "s" : "buy",
      "i" : "GLMR_USD",
      "m" : "4611686018430222082"
    }, {
      "d" : "1756391041614022516",
      "t" : 1756391041614,
      "tn" : 1756391041614022516,
      "q" : "2658.0",
      "p" : "0.07642",
      "s" : "buy",
      "i" : "GLMR_USD",
      "m" : "4611686018430222081"
    }, {
      "d" : "1756390167469730442",
      "t" : 1756390167469,
      "tn" : 1756390167469730442,
      "q" : "1529.4",
      "p" : "0.07665",
      "s" : "buy",
      "i" : "GLMR_USD",
      "m" : "4611686018430222080"
    }, {
      "d" : "1756390167469590427",
      "t" : 1756390167469,
      "tn" : 1756390167469590427,
      "q" : "1174.2",
      "p" : "0.07665",
      "s" : "buy",
      "i" : "GLMR_USD",
      "m" : "4611686018430222079"
    }, {
      "d" : "1756389241077046791",
      "t" : 1756389241077,
      "tn" : 1756389241077046791,
      "q" : "1153.2",
      "p" : "0.07610",
      "s" : "sell",
      "i" : "GLMR_USD",
      "m" : "4611686018430222078"
    }, {
      "d" : "1756388944200338038",
      "t" : 1756388944200,
      "tn" : 1756388944200338038,
      "q" : "2565.4",
      "p" : "0.07620",
      "s" : "sell",
      "i" : "GLMR_USD",
      "m" : "4611686018430222077"
    }, {
      "d" : "1756388570069901611",
      "t" : 1756388570069,
      "tn" : 1756388570069901611,
      "q" : "142.0",
      "p" : "0.07666",
      "s" : "sell",
      "i" : "GLMR_USD",
      "m" : "4611686018430222076"
    }, {
      "d" : "1756388465160588367",
      "t" : 1756388465160,
      "tn" : 1756388465160588367,
      "q" : "1047.0",
      "p" : "0.07652",
      "s" : "sell",
      "i" : "GLMR_USD",
      "m" : "4611686018430222075"
    }, {
      "d" : "1756384267517097052",
      "t" : 1756384267517,
      "tn" : 1756384267517097052,
      "q" : "1928.8",
      "p" : "0.07655",
      "s" : "sell",
      "i" : "GLMR_USD",
      "m" : "4611686018430222074"
    }, {
      "d" : "1756384188662776963",
      "t" : 1756384188662,
      "tn" : 1756384188662776963,
      "q" : "250.0",
      "p" : "0.07650",
      "s" : "buy",
      "i" : "GLMR_USD",
      "m" : "4611686018430222073"
    }, {
      "d" : "1756382868610954245",
      "t" : 1756382868610,
      "tn" : 1756382868610954245,
      "q" : "1036.1",
      "p" : "0.07721",
      "s" : "buy",
      "i" : "GLMR_USD",
      "m" : "4611686018430222072"
    }, {
      "d" : "1756382868610951389",
      "t" : 1756382868610,
      "tn" : 1756382868610951389,
      "q" : "15.0",
      "p" : "0.07701",
      "s" : "buy",
      "i" : "GLMR_USD",
      "m" : "4611686018430222071"
    }, {
      "d" : "1756382700710716466",
      "t" : 1756382700710,
      "tn" : 1756382700710716466,
      "q" : "1053.1",
      "p" : "0.07694",
      "s" : "buy",
      "i" : "GLMR_USD",
      "m" : "4611686018430222070"
    }, {
      "d" : "1756382363444999566",
      "t" : 1756382363444,
      "tn" : 1756382363444999566,
      "q" : "1056.1",
      "p" : "0.07689",
      "s" : "buy",
      "i" : "GLMR_USD",
      "m" : "4611686018430222069"
    }, {
      "d" : "1756382060084319561",
      "t" : 1756382060084,
      "tn" : 1756382060084319561,
      "q" : "1.1",
      "p" : "0.07680",
      "s" : "buy",
      "i" : "GLMR_USD",
      "m" : "4611686018430222068"
    }, {
      "d" : "1756382060084316400",
      "t" : 1756382060084,
      "tn" : 1756382060084316400,
      "q" : "1057.0",
      "p" : "0.07679",
      "s" : "buy",
      "i" : "GLMR_USD",
      "m" : "4611686018430222067"
    }, {
      "d" : "1756381544965778636",
      "t" : 1756381544965,
      "tn" : 1756381544965778636,
      "q" : "63.9",
      "p" : "0.07684",
      "s" : "sell",
      "i" : "GLMR_USD",
      "m" : "4611686018430222066"
    }, {
      "d" : "1756381544958013958",
      "t" : 1756381544958,
      "tn" : 1756381544958013958,
      "q" : "16.1",
      "p" : "0.07684",
      "s" : "buy",
      "i" : "GLMR_USD",
      "m" : "4611686018430222065"
    }, {
      "d" : "1756381083496098724",
      "t" : 1756381083496,
      "tn" : 1756381083496098724,
      "q" : "84.8",
      "p" : "0.07668",
      "s" : "sell",
      "i" : "GLMR_USD",
      "m" : "4611686018430222064"
    }, {
      "d" : "1756379027744873040",
      "t" : 1756379027744,
      "tn" : 1756379027744873040,
      "q" : "1218.5",
      "p" : "0.07627",
      "s" : "buy",
      "i" : "GLMR_USD",
      "m" : "4611686018430222063"
    }, {
      "d" : "1756376142854729825",
      "t" : 1756376142854,
      "tn" : 1756376142854729825,
      "q" : "694.5",
      "p" : "0.07679",
      "s" : "sell",
      "i" : "GLMR_USD",
      "m" : "4611686018430222062"
    }, {
      "d" : "1756376142854717230",
      "t" : 1756376142854,
      "tn" : 1756376142854717230,
      "q" : "2604.5",
      "p" : "0.07679",
      "s" : "sell",
      "i" : "GLMR_USD",
      "m" : "4611686018430222061"
    }, {
      "d" : "1756375725854163401",
      "t" : 1756375725854,
      "tn" : 1756375725854163401,
      "q" : "628.6",
      "p" : "0.07634",
      "s" : "sell",
      "i" : "GLMR_USD",
      "m" : "4611686018430222060"
    }, {
      "d" : "1756375641734841612",
      "t" : 1756375641734,
      "tn" : 1756375641734841612,
      "q" : "1060.1",
      "p" : "0.07661",
      "s" : "buy",
      "i" : "GLMR_USD",
      "m" : "4611686018430222059"
    } ]
  }
}