{
  "id" : -1,
  "method" : "public/get-trades",
  "code" : 0,
  "result" : {
    "data" : [ {
      "d" : "1756452185615706101",
      "t" : 1756452185615,
      "tn" : 1756452185615706101,
      "q" : "983.0",
      "p" : "0.07432",
      "s" : "sell",
      "i" : "GLMR_USDT",
      "m" : "4611686018430317097"
    }, {
      "d" : "1756452185615639792",
      "t" : 1756452185615,
      "tn" : 1756452185615639792,
      "q" : "538.2",
      "p" : "0.07432",
      "s" : "sell",
      "i" : "GLMR_USDT",
      "m" : "4611686018430317096"
    }, {
      "d" : "1756452183337347402",
      "t" : 1756452183337,
      "tn" : 1756452183337347401,
      "q" : "536.4",
      "p" : "0.07431",
      "s" : "sell",
      "i" : "GLMR_USDT",
      "m" : "4611686018430317095"
    }, {
      "d" : "1756452183337347401",
      "t" : 1756452183337,
      "tn" : 1756452183337347401,
      "q" : "1.9",
      "p" : "0.07431",
      "s" : "sell",
      "i" : "GLMR_USDT",
      "m" : "4611686018430317095"
    }, {
      "d" : "1756452183011062293",
      "t" : 1756452183011,
      "tn" : 1756452183011062293,
      "q" : "336.4",
      "p" : "0.07431",
      "s" : "sell",
      "i" : "GLMR_USDT",
      "m" : "4611686018430317094"
    }, {
      "d" : "1756452182995139936",
      "t" : 1756452182995,
      "tn" : 1756452182995139936,
      "q" : "1076.6",
      "p" : "0.07431",
      "s" : "sell",
      "i" : "GLMR_USDT",
      "m" : "4611686018430317093"
    }, {
      "d" : "1756452182412390782",
      "t" : 1756452182412,
      "tn" : 1756452182412390782,
      "q" : "2018.8",
      "p" : "0.07430",
      "s" : "sell",
      "i" : "GLMR_USDT",
      "m" : "4611686018430317092"
    }, {
      "d" : "1756452182405020798",
      "t" : 1756452182405,
      "tn" : 1756452182405020798,
      "q" : "39.8",
      "p" : "0.07430",
      "s" : "sell",
      "i" : "GLMR_USDT",
      "m" : "4611686018430317091"
    }, {
      "d" : "1756452181752489157",
      "t" : 1756452181752,
      "tn" : 1756452181752489157,
      "q" : "2273.0",
      "p" : "0.07430",
      "s" : "sell",
      "i" : "GLMR_USDT",
      "m" : "4611686018430317090"
    }, {
      "d" : "1756452181752295439",
      "t" : 1756452181752,
      "tn" : 1756452181752295439,
      "q" : "2028.2",
      "p" : "0.07430",
      "s" : "sell",
      "i" : "GLMR_USDT",
      "m" : "4611686018430317089"
    }, {
      "d" : "1756452181752293420",
      "t" : 1756452181752,
      "tn" : 1756452181752293420,
      "q" : "929.8",
      "p" : "0.07431",
      "s" : "sell",
      "i" : "GLMR_USDT",
      "m" : "4611686018430317088"
    }, {
      "d" : "1756452181747620553",
      "t" : 1756452181747,
      "tn" : 1756452181747620553,
      "q" : "1246.3",
      "p" : "0.07431",
      "s" : "sell",
      "i" : "GLMR_USDT",
      "m" : "4611686018430317087"
    }, {
      "d" : "1756452181747016232",
      "t" : 1756452181747,
      "tn" : 1756452181747016232,
      "q" : "2970.1",
      "p" : "0.07431",
      "s" : "sell",
      "i" : "GLMR_USDT",
      "m" : "4611686018430317086"
    }, {
      "d" : "1756452181730446000",
      "t" : 1756452181730,
      "tn" : 1756452181730446000,
      "q" : "2957.6",
      "p" : "0.07431",
      "s" : "sell",
      "i" : "GLMR_USDT",
      "m" : "4611686018430317085"
    }, {
      "d" : "1756452181729890095",
      "t" : 1756452181729,
      "tn" : 1756452181729890095,
      "q" : "170.1",
      "p" : "0.07431",
      "s" : "sell",
      "i" : "GLMR_USDT",
      "m" : "4611686018430317084"
    }, {
      "d" : "1756452181727129861",
      "t" : 1756452181727,
      "tn" : 1756452181727129861,
      "q" : "3195.4",
      "p" : "0.07431",
      "s" : "sell",
      "i" : "GLMR_USDT",
      "m" : "4611686018430317083"
    }, {
      "d" : "1756452181726406422",
      "t" : 1756452181726,
      "tn" : 1756452181726406422,
      "q" : "1560.8",
      "p" : "0.07433",
      "s" : "sell",
      "i" : "GLMR_USDT",
      "m" : "4611686018430317082"
    }, {
      "d" : "1756446973160733337",
      "t" : 1756446973160,
      "tn" : 1756446973160733337,
      "q" : "1202.7",
      "p" : "0.07613",
      "s" : "sell",
      "i" : "GLMR_USDT",
      "m" : "4611686018430317081"
    }, {
      "d" : "1756446734053056360",
      "t" : 1756446734053,
      "tn" : 1756446734053056360,
      "q" : "32.1",
      "p" : "0.07699",
      "s" : "buy",
      "i" : "GLMR_USDT",
      "m" : "4611686018430317080"
    }, {
      "d" : "1756446724808357069",
      "t" : 1756446724808,
      "tn" : 1756446724808357069,
      "q" : "128.3",
      "p" : "0.07678",
      "s" : "buy",
      "i" : "GLMR_USDT",
      "m" : "4611686018430317079"
    }, {
      "d" : "1756446715860291159",
      "t" : 1756446715860,
      "tn" : 1756446715860291159,
      "q" : "513.2",
      "p" : "0.07679",
      "s" : "buy",
      "i" : "GLMR_USDT",
      "m" : "4611686018430317078"
    }, {
      "d" : "1756446704150437560",
      "t" : 1756446704150,
      "tn" : 1756446704150437560,
      "q" : "997.9",
      "p" : "0.07677",
      "s" : "buy",
      "i" : "GLMR_USDT",
      "m" : "4611686018430317077"
    }, {
      "d" : "1756446704150435174",
      "t" : 1756446704150,
      "tn" : 1756446704150435174,
      "q" : "1054.5",
      "p" : "0.07676",
      "s" : "buy",
      "i" : "GLMR_USDT",
      "m" : "4611686018430317076"
    }, {
      "d" : "1756446690844856477",
      "t" : 1756446690844,
      "tn" : 1756446690844856477,
      "q" : "2736.4",
      "p" : "0.07674",
      "s" : "buy",
      "i" : "GLMR_USDT",
      "m" : "4611686018430317075"
    }, {
      "d" : "1756444610524296525",
      "t" : 1756444610524,
      "tn" : 1756444610524296525,
      "q" : "905.1",
      "p" : "0.07621",
      "s" : "sell",
      "i" : "GLMR_USDT",
      "m" : "4611686018430317074"
    }, {
      "d" : "1756444610519221691",
      "t" : 1756444610519,
      "tn" : 1756444610519221691,
      "q" : "3352.4",
      "p" : "0.07621",
      "s" : "sell",
      "i" : "GLMR_USDT",
      "m" : "4611686018430317073"
    }, {
      "d" : "1756444610514206901",
      "t" : 1756444610514,
      "tn" : 1756444610514206901,
      "q" : "3352.4",
      "p" : "0.07621",
      "s" : "sell",
      "i" : "GLMR_USDT",
      "m" : "4611686018430317072"
    }, {
      "d" : "1756444610510629557",
      "t" : 1756444610510,
      "tn" : 1756444610510629557,
      "q" : "3352.4",
      "p" : "0.07621",
      "s" : "sell",
      "i" : "GLMR_USDT",
      "m" : "4611686018430317071"
    }, {
      "d" : "1756444610449107734",
      "t" : 1756444610449,
      "tn" : 1756444610449107734,
      "q" : "1419.1",
      "p" : "0.07619",
      "s" : "sell",
      "i" : "GLMR_USDT",
      "m" : "4611686018430317070"
    }, {
      "d" : "1756444610449105176",
      "t" : 1756444610449,
      "tn" : 1756444610449105176,
      "q" : "1550.9",
      "p" : "0.07620",
      "s" : "sell",
      "i" : "GLMR_USDT",
      "m" : "4611686018430317069"
    }, {
      "d" : "1756433329803562979",
      "t" : 1756433329803,
      "tn" : 1756433329803562979,
      "q" : "6168.8",
      "p" : "0.07708",
      "s" : "sell",
      "i" : "GLMR_USDT",
      "m" : "4611686018430317068"
    }, {
      "d" : "1756433329793338956",
      "t" : 1756433329793,
      "tn" : 1756433329793338956,
      "q" : "6850.5",
      "p" : "0.07708",
      "s" : "buy",
      "i" : "GLMR_USDT",
      "m" : "4611686018430317067"
    }, {
      "d" : "1756433329793335547",
      "t" : 1756433329793,
      "tn" : 1756433329793335547,
      "q" : "1533.7",
      "p" : "0.07705",
      "s" : "buy",
      "i" : "GLMR_USDT",
      "m" : "4611686018430317066"
    }, {
      "d" : "1756428053453871032",
      "t" : 1756428053453,
      "tn" : 1756428053453871032,
      "q" : "250.7",
      "p" : "0.07667",
      "s" : "sell",
      "i" : "GLMR_USDT",
      "m" : "4611686018430317065"
    }, {
      "d" : "1756428053453869235",
      "t" : 1756428053453,
      "tn" : 1756428053453869235,
      "q" : "792.3",
      "p" : "0.07668",
      "s" : "sell",
      "i" : "GLMR_USDT",
      "m" : "4611686018430317064"
    } ]
  }
}