{
  "id" : -1,
  "method" : "public/get-trades",
  "code" : 0,
  "result" : {
    "data" : [ {
      "d" : "1756457299982920575",
      "t" : 1756457299982,
      "tn" : 1756457299982920575,
      "q" : "190.3",
      "p" : "0.04203",
      "s" : "sell",
      "i" : "GMT_USD",
      "m" : "4611686018429915603"
    }, {
      "d" : "1756455087813199207",
      "t" : 1756455087813,
      "tn" : 1756455087813199207,
      "q" : "2025.9",
      "p" : "0.04217",
      "s" : "sell",
      "i" : "GMT_USD",
      "m" : "4611686018429915602"
    }, {
      "d" : "1756455087805828322",
      "t" : 1756455087805,
      "tn" : 1756455087805828322,
      "q" : "4742.7",
      "p" : "0.04217",
      "s" : "sell",
      "i" : "GMT_USD",
      "m" : "4611686018429915601"
    }, {
      "d" : "1756455087803815425",
      "t" : 1756455087803,
      "tn" : 1756455087803815425,
      "q" : "3196.6",
      "p" : "0.04217",
      "s" : "sell",
      "i" : "GMT_USD",
      "m" : "4611686018429915600"
    }, {
      "d" : "1756450578226580351",
      "t" : 1756450578226,
      "tn" : 1756450578226580351,
      "q" : "250.0",
      "p" : "0.04263",
      "s" : "buy",
      "i" : "GMT_USD",
      "m" : "4611686018429915599"
    }, {
      "d" : "1756449761821231059",
      "t" : 1756449761821,
      "tn" : 1756449761821231059,
      "q" : "50.0",
      "p" : "0.04279",
      "s" : "buy",
      "i" : "GMT_USD",
      "m" : "4611686018429915598"
    }, {
      "d" : "1756449610001222134",
      "t" : 1756449610001,
      "tn" : 1756449610001222134,
      "q" : "594.0",
      "p" : "0.04246",
      "s" : "sell",
      "i" : "GMT_USD",
      "m" : "4611686018429915597"
    }, {
      "d" : "1756447332666322063",
      "t" : 1756447332666,
      "tn" : 1756447332666322063,
      "q" : "3176.5",
      "p" : "0.04353",
      "s" : "sell",
      "i" : "GMT_USD",
      "m" : "4611686018429915596"
    }, {
      "d" : "1756444628882512723",
      "t" : 1756444628882,
      "tn" : 1756444628882512723,
      "q" : "800.2",
      "p" : "0.04361",
      "s" : "sell",
      "i" : "GMT_USD",
      "m" : "4611686018429915595"
    }, {
      "d" : "1756444362619582549",
      "t" : 1756444362619,
      "tn" : 1756444362619582549,
      "q" : "305.7",
      "p" : "0.04341",
      "s" : "buy",
      "i" : "GMT_USD",
      "m" : "4611686018429915594"
    }, {
      "d" : "1756443195205510869",
      "t" : 1756443195205,
      "tn" : 1756443195205510869,
      "q" : "432.8",
      "p" : "0.04359",
      "s" : "buy",
      "i" : "GMT_USD",
      "m" : "4611686018429915593"
    }, {
      "d" : "1756436993658554729",
      "t" : 1756436993658,
      "tn" : 1756436993658554729,
      "q" : "197.2",
      "p" : "0.04371",
      "s" : "buy",
      "i" : "GMT_USD",
      "m" : "4611686018429915592"
    }, {
      "d" : "1756436993655984804",
      "t" : 1756436993655,
      "tn" : 1756436993655984804,
      "q" : "1288.9",
      "p" : "0.04371",
      "s" : "buy",
      "i" : "GMT_USD",
      "m" : "4611686018429915591"
    }, {
      "d" : "1756433700133191556",
      "t" : 1756433700133,
      "tn" : 1756433700133191556,
      "q" : "1000.0",
      "p" : "0.04433",
      "s" : "sell",
      "i" : "GMT_USD",
      "m" : "4611686018429915590"
    }, {
      "d" : "1756433571582651016",
      "t" : 1756433571582,
      "tn" : 1756433571582651016,
      "q" : "500.0",
      "p" : "0.04423",
      "s" : "sell",
      "i" : "GMT_USD",
      "m" : "4611686018429915589"
    }, {
      "d" : "1756433498667281259",
      "t" : 1756433498667,
      "tn" : 1756433498667281259,
      "q" : "490.0",
      "p" : "0.04418",
      "s" : "sell",
      "i" : "GMT_USD",
      "m" : "4611686018429915588"
    }, {
      "d" : "1756428704434719115",
      "t" : 1756428704434,
      "tn" : 1756428704434719115,
      "q" : "25.0",
      "p" : "0.04542",
      "s" : "buy",
      "i" : "GMT_USD",
      "m" : "4611686018429915587"
    }, {
      "d" : "1756426103539083044",
      "t" : 1756426103539,
      "tn" : 1756426103539083044,
      "q" : "143.9",
      "p" : "0.04466",
      "s" : "sell",
      "i" : "GMT_USD",
      "m" : "4611686018429915586"
    }, {
      "d" : "1756424353575080870",
      "t" : 1756424353575,
      "tn" : 1756424353575080870,
      "q" : "38.4",
      "p" : "0.04472",
      "s" : "sell",
      "i" : "GMT_USD",
      "m" : "4611686018429915585"
    }, {
      "d" : "1756422189206893065",
      "t" : 1756422189206,
      "tn" : 1756422189206893065,
      "q" : "193.7",
      "p" : "0.04466",
      "s" : "sell",
      "i" : "GMT_USD",
      "m" : "4611686018429915584"
    }, {
      "d" : "1756421032670335635",
      "t" : 1756421032670,
      "tn" : 1756421032670335635,
      "q" : "249.9",
      "p" : "0.04458",
      "s" : "sell",
      "i" : "GMT_USD",
      "m" : "4611686018429915583"
    }, {
      "d" : "1756417483229827230",
      "t" : 1756417483229,
      "tn" : 1756417483229827230,
      "q" : "87.3",
      "p" : "0.04428",
      "s" : "sell",
      "i" : "GMT_USD",
      "m" : "4611686018429915582"
    }, {
      "d" : "1756406593213558080",
      "t" : 1756406593213,
      "tn" : 1756406593213558080,
      "q" : "1646.0",
      "p" : "0.04415",
      "s" : "sell",
      "i" : "GMT_USD",
      "m" : "4611686018429915581"
    }, {
      "d" : "1756401835031216887",
      "t" : 1756401835031,
      "tn" : 1756401835031216887,
      "q" : "936.1",
      "p" : "0.04382",
      "s" : "sell",
      "i" : "GMT_USD",
      "m" : "4611686018429915580"
    }, {
      "d" : "1756400382297618059",
      "t" : 1756400382297,
      "tn" : 1756400382297618059,
      "q" : "500.0",
      "p" : "0.04379",
      "s" : "sell",
      "i" : "GMT_USD",
      "m" : "4611686018429915579"
    }, {
      "d" : "1756400269935748753",
      "t" : 1756400269935,
      "tn" : 1756400269935748753,
      "q" : "315.4",
      "p" : "0.04379",
      "s" : "buy",
      "i" : "GMT_USD",
      "m" : "4611686018429915578"
    }, {
      "d" : "1756400109757317616",
      "t" : 1756400109757,
      "tn" : 1756400109757317616,
      "q" : "43.5",
      "p" : "0.04394",
      "s" : "sell",
      "i" : "GMT_USD",
      "m" : "4611686018429915577"
    }, {
      "d" : "1756399696778238604",
      "t" : 1756399696778,
      "tn" : 1756399696778238604,
      "q" : "566.0",
      "p" : "0.04421",
      "s" : "sell",
      "i" : "GMT_USD",
      "m" : "4611686018429915576"
    }, {
      "d" : "1756399696778236332",
      "t" : 1756399696778,
      "tn" : 1756399696778236332,
      "q" : "565.4",
      "p" : "0.04426",
      "s" : "sell",
      "i" : "GMT_USD",
      "m" : "4611686018429915575"
    }, {
      "d" : "1756399696778233145",
      "t" : 1756399696778,
      "tn" : 1756399696778233145,
      "q" : "847.6",
      "p" : "0.04427",
      "s" : "sell",
      "i" : "GMT_USD",
      "m" : "4611686018429915574"
    }, {
      "d" : "1756399178462203366",
      "t" : 1756399178462,
      "tn" : 1756399178462203366,
      "q" : "820.6",
      "p" : "0.04437",
      "s" : "buy",
      "i" : "GMT_USD",
      "m" : "4611686018429915573"
    }, {
      "d" : "1756398878744454231",
      "t" : 1756398878744,
      "tn" : 1756398878744454231,
      "q" : "249.9",
      "p" : "0.04438",
      "s" : "buy",
      "i" : "GMT_USD",
      "m" : "4611686018429915572"
    }, {
      "d" : "1756398878734332046",
      "t" : 1756398878734,
      "tn" : 1756398878734332046,
      "q" : "451.2",
      "p" : "0.04438",
      "s" : "buy",
      "i" : "GMT_USD",
      "m" : "4611686018429915571"
    }, {
      "d" : "1756398878714408511",
      "t" : 1756398878714,
      "tn" : 1756398878714408511,
      "q" : "451.2",
      "p" : "0.04438",
      "s" : "buy",
      "i" : "GMT_USD",
      "m" : "4611686018429915570"
    }, {
      "d" : "1756398707801068481",
      "t" : 1756398707801,
      "tn" : 1756398707801068481,
      "q" : "3388.2",
      "p" : "0.04427",
      "s" : "sell",
      "i" : "GMT_USD",
      "m" : "4611686018429915569"
    }, {
      "d" : "1756396516461049385",
      "t" : 1756396516461,
      "tn" : 1756396516461049385,
      "q" : "346.2",
      "p" : "0.04432",
      "s" : "buy",
      "i" : "GMT_USD",
      "m" : "4611686018429915568"
    }, {
      "d" : "1756396516451126906",
      "t" : 1756396516451,
      "tn" : 1756396516451126906,
      "q" : "453.4",
      "p" : "0.04432",
      "s" : "buy",
      "i" : "GMT_USD",
      "m" : "4611686018429915567"
    }, {
      "d" : "1756395750656021908",
      "t" : 1756395750656,
      "tn" : 1756395750656021908,
      "q" : "366.0",
      "p" : "0.04440",
      "s" : "buy",
      "i" : "GMT_USD",
      "m" : "4611686018429915566"
    }, {
      "d" : "1756392598763177964",
      "t" : 1756392598763,
      "tn" : 1756392598763177964,
      "q" : "143.7",
      "p" : "0.04489",
      "s" : "sell",
      "i" : "GMT_USD",
      "m" : "4611686018429915565"
    }, {
      "d" : "1756392598762217788",
      "t" : 1756392598762,
      "tn" : 1756392598762217788,
      "q" : "891.1",
      "p" : "0.04489",
      "s" : "sell",
      "i" : "GMT_USD",
      "m" : "4611686018429915564"
    }, {
      "d" : "1756391362670944660",
      "t" : 1756391362670,
      "tn" : 1756391362670944660,
      "q" : "243.2",
      "p" : "0.04473",
      "s" : "buy",
      "i" : "GMT_USD",
      "m" : "4611686018429915563"
    }, {
      "d" : "1756389955634619987",
      "t" : 1756389955634,
      "tn" : 1756389955634619987,
      "q" : "1766.5",
      "p" : "0.04552",
      "s" : "buy",
      "i" : "GMT_USD",
      "m" : "4611686018429915562"
    }, {
      "d" : "1756389955634063987",
      "t" : 1756389955634,
      "tn" : 1756389955634063987,
      "q" : "4119.9",
      "p" : "0.04551",
      "s" : "buy",
      "i" : "GMT_USD",
      "m" : "4611686018429915561"
    }, {
      "d" : "1756387033528136220",
      "t" : 1756387033528,
      "tn" : 1756387033528136220,
      "q" : "1125.0",
      "p" : "0.04473",
      "s" : "sell",
      "i" : "GMT_USD",
      "m" : "4611686018429915560"
    }, {
      "d" : "1756384000187129417",
      "t" : 1756384000187,
      "tn" : 1756384000187129417,
      "q" : "4974.1",
      "p" : "0.04462",
      "s" : "buy",
      "i" : "GMT_USD",
      "m" : "4611686018429915559"
    }, {
      "d" : "1756383711920066650",
      "t" : 1756383711920,
      "tn" : 1756383711920066650,
      "q" : "5498.5",
      "p" : "0.04484",
      "s" : "sell",
      "i" : "GMT_USD",
      "m" : "4611686018429915558"
    }, {
      "d" : "1756383711920063498",
      "t" : 1756383711920,
      "tn" : 1756383711920063498,
      "q" : "3112.4",
      "p" : "0.04485",
      "s" : "sell",
      "i" : "GMT_USD",
      "m" : "4611686018429915557"
    }, {
      "d" : "1756378926685959874",
      "t" : 1756378926685,
      "tn" : 1756378926685959874,
      "q" : "46.9",
      "p" : "0.04455",
      "s" : "sell",
      "i" : "GMT_USD",
      "m" : "4611686018429915556"
    }, {
      "d" : "1756377545159966838",
      "t" : 1756377545159,
      "tn" : 1756377545159966838,
      "q" : "143.1",
      "p" : "0.04453",
      "s" : "sell",
      "i" : "GMT_USD",
      "m" : "4611686018429915555"
    }, {
      "d" : "1756377308775800390",
      "t" : 1756377308775,
      "tn" : 1756377308775800390,
      "q" : "390.0",
      "p" : "0.04487",
      "s" : "sell",
      "i" : "GMT_USD",
      "m" : "4611686018429915554"
    }, {
      "d" : "1756377308671883349",
      "t" : 1756377308671,
      "tn" : 1756377308671883349,
      "q" : "2235.0",
      "p" : "0.04487",
      "s" : "sell",
      "i" : "GMT_USD",
      "m" : "4611686018429915553"
    }, {
      "d" : "1756377308664739993",
      "t" : 1756377308664,
      "tn" : 1756377308664739993,
      "q" : "2200.0",
      "p" : "0.04487",
      "s" : "sell",
      "i" : "GMT_USD",
      "m" : "4611686018429915552"
    } ]
  }
}