{
  "id" : -1,
  "method" : "public/get-trades",
  "code" : 0,
  "result" : {
    "data" : [ {
      "d" : "1756455360949197941",
      "t" : 1756455360949,
      "tn" : 1756455360949197941,
      "q" : "1",
      "p" : "0.04188",
      "s" : "buy",
      "i" : "GMTUSD-PERP",
      "m" : "4611686018430684128"
    }, {
      "d" : "1756454308351313997",
      "t" : 1756454308351,
      "tn" : 1756454308351313996,
      "q" : "1",
      "p" : "0.04218",
      "s" : "sell",
      "i" : "GMTUSD-PERP",
      "m" : "4611686018430684127"
    }, {
      "d" : "1756454308351313996",
      "t" : 1756454308351,
      "tn" : 1756454308351313996,
      "q" : "1",
      "p" : "0.04218",
      "s" : "sell",
      "i" : "GMTUSD-PERP",
      "m" : "4611686018430684127"
    }, {
      "d" : "1756454283948345700",
      "t" : 1756454283948,
      "tn" : 1756454283948345699,
      "q" : "1",
      "p" : "0.04228",
      "s" : "sell",
      "i" : "GMTUSD-PERP",
      "m" : "4611686018430684126"
    }, {
      "d" : "1756454283948345699",
      "t" : 1756454283948,
      "tn" : 1756454283948345699,
      "q" : "1",
      "p" : "0.04228",
      "s" : "sell",
      "i" : "GMTUSD-PERP",
      "m" : "4611686018430684126"
    }, {
      "d" : "1756453905331826867",
      "t" : 1756453905331,
      "tn" : 1756453905331826866,
      "q" : "1",
      "p" : "0.04238",
      "s" : "sell",
      "i" : "GMTUSD-PERP",
      "m" : "4611686018430684125"
    }, {
      "d" : "1756453905331826866",
      "t" : 1756453905331,
      "tn" : 1756453905331826866,
      "q" : "1",
      "p" : "0.04238",
      "s" : "sell",
      "i" : "GMTUSD-PERP",
      "m" : "4611686018430684125"
    }, {
      "d" : "1756453675740389678",
      "t" : 1756453675740,
      "tn" : 1756453675740389677,
      "q" : "1",
      "p" : "0.04237",
      "s" : "sell",
      "i" : "GMTUSD-PERP",
      "m" : "4611686018430684124"
    }, {
      "d" : "1756453675740389677",
      "t" : 1756453675740,
      "tn" : 1756453675740389677,
      "q" : "1",
      "p" : "0.04237",
      "s" : "sell",
      "i" : "GMTUSD-PERP",
      "m" : "4611686018430684124"
    }, {
      "d" : "1756453663499902886",
      "t" : 1756453663499,
      "tn" : 1756453663499902885,
      "q" : "1",
      "p" : "0.04237",
      "s" : "sell",
      "i" : "GMTUSD-PERP",
      "m" : "4611686018430684123"
    }, {
      "d" : "1756453663499902885",
      "t" : 1756453663499,
      "tn" : 1756453663499902885,
      "q" : "1",
      "p" : "0.04237",
      "s" : "sell",
      "i" : "GMTUSD-PERP",
      "m" : "4611686018430684123"
    }, {
      "d" : "1756453640572128859",
      "t" : 1756453640572,
      "tn" : 1756453640572128858,
      "q" : "1",
      "p" : "0.04237",
      "s" : "sell",
      "i" : "GMTUSD-PERP",
      "m" : "4611686018430684122"
    }, {
      "d" : "1756453640572128858",
      "t" : 1756453640572,
      "tn" : 1756453640572128858,
      "q" : "1",
      "p" : "0.04237",
      "s" : "sell",
      "i" : "GMTUSD-PERP",
      "m" : "4611686018430684122"
    }, {
      "d" : "1756453635885424519",
      "t" : 1756453635885,
      "tn" : 1756453635885424518,
      "q" : "1",
      "p" : "0.04237",
      "s" : "sell",
      "i" : "GMTUSD-PERP",
      "m" : "4611686018430684121"
    }, {
      "d" : "1756453635885424518",
      "t" : 1756453635885,
      "tn" : 1756453635885424518,
      "q" : "1",
      "p" : "0.04237",
      "s" : "sell",
      "i" : "GMTUSD-PERP",
      "m" : "4611686018430684121"
    }, {
      "d" : "1756453535916116657",
      "t" : 1756453535916,
      "tn" : 1756453535916116656,
      "q" : "1",
      "p" : "0.04238",
      "s" : "sell",
      "i" : "GMTUSD-PERP",
      "m" : "4611686018430684120"
    }, {
      "d" : "1756453535916116656",
      "t" : 1756453535916,
      "tn" : 1756453535916116656,
      "q" : "1",
      "p" : "0.04238",
      "s" : "sell",
      "i" : "GMTUSD-PERP",
      "m" : "4611686018430684120"
    }, {
      "d" : "1756453531650135846",
      "t" : 1756453531650,
      "tn" : 1756453531650135845,
      "q" : "1",
      "p" : "0.04238",
      "s" : "sell",
      "i" : "GMTUSD-PERP",
      "m" : "4611686018430684119"
    }, {
      "d" : "1756453531650135845",
      "t" : 1756453531650,
      "tn" : 1756453531650135845,
      "q" : "1",
      "p" : "0.04238",
      "s" : "sell",
      "i" : "GMTUSD-PERP",
      "m" : "4611686018430684119"
    }, {
      "d" : "1756453525862776415",
      "t" : 1756453525862,
      "tn" : 1756453525862776414,
      "q" : "1",
      "p" : "0.04237",
      "s" : "sell",
      "i" : "GMTUSD-PERP",
      "m" : "4611686018430684118"
    }, {
      "d" : "1756453525862776414",
      "t" : 1756453525862,
      "tn" : 1756453525862776414,
      "q" : "1",
      "p" : "0.04237",
      "s" : "sell",
      "i" : "GMTUSD-PERP",
      "m" : "4611686018430684118"
    }, {
      "d" : "1756453224119313558",
      "t" : 1756453224119,
      "tn" : 1756453224119313557,
      "q" : "1",
      "p" : "0.04237",
      "s" : "sell",
      "i" : "GMTUSD-PERP",
      "m" : "4611686018430684117"
    }, {
      "d" : "1756453224119313557",
      "t" : 1756453224119,
      "tn" : 1756453224119313557,
      "q" : "1",
      "p" : "0.04237",
      "s" : "sell",
      "i" : "GMTUSD-PERP",
      "m" : "4611686018430684117"
    }, {
      "d" : "1756453011621870382",
      "t" : 1756453011621,
      "tn" : 1756453011621870381,
      "q" : "1",
      "p" : "0.04237",
      "s" : "sell",
      "i" : "GMTUSD-PERP",
      "m" : "4611686018430684116"
    }, {
      "d" : "1756453011621870381",
      "t" : 1756453011621,
      "tn" : 1756453011621870381,
      "q" : "1",
      "p" : "0.04237",
      "s" : "sell",
      "i" : "GMTUSD-PERP",
      "m" : "4611686018430684116"
    }, {
      "d" : "1756452720503526769",
      "t" : 1756452720503,
      "tn" : 1756452720503526768,
      "q" : "1",
      "p" : "0.04238",
      "s" : "sell",
      "i" : "GMTUSD-PERP",
      "m" : "4611686018430684115"
    }, {
      "d" : "1756452720503526768",
      "t" : 1756452720503,
      "tn" : 1756452720503526768,
      "q" : "1",
      "p" : "0.04238",
      "s" : "sell",
      "i" : "GMTUSD-PERP",
      "m" : "4611686018430684115"
    }, {
      "d" : "1756451403442081484",
      "t" : 1756451403442,
      "tn" : 1756451403442081483,
      "q" : "1",
      "p" : "0.04267",
      "s" : "sell",
      "i" : "GMTUSD-PERP",
      "m" : "4611686018430684114"
    }, {
      "d" : "1756451403442081483",
      "t" : 1756451403442,
      "tn" : 1756451403442081483,
      "q" : "1",
      "p" : "0.04267",
      "s" : "sell",
      "i" : "GMTUSD-PERP",
      "m" : "4611686018430684114"
    }, {
      "d" : "1756451350085607644",
      "t" : 1756451350085,
      "tn" : 1756451350085607643,
      "q" : "1",
      "p" : "0.04267",
      "s" : "sell",
      "i" : "GMTUSD-PERP",
      "m" : "4611686018430684113"
    }, {
      "d" : "1756451350085607643",
      "t" : 1756451350085,
      "tn" : 1756451350085607643,
      "q" : "1",
      "p" : "0.04267",
      "s" : "sell",
      "i" : "GMTUSD-PERP",
      "m" : "4611686018430684113"
    }, {
      "d" : "1756449604209821525",
      "t" : 1756449604209,
      "tn" : 1756449604209821525,
      "q" : "1000",
      "p" : "0.04239",
      "s" : "sell",
      "i" : "GMTUSD-PERP",
      "m" : "4611686018430684112"
    }, {
      "d" : "1756449544905613711",
      "t" : 1756449544905,
      "tn" : 1756449544905613711,
      "q" : "1000",
      "p" : "0.04300",
      "s" : "sell",
      "i" : "GMTUSD-PERP",
      "m" : "4611686018430684111"
    }, {
      "d" : "1756448068297906633",
      "t" : 1756448068297,
      "tn" : 1756448068297906632,
      "q" : "1",
      "p" : "0.04331",
      "s" : "sell",
      "i" : "GMTUSD-PERP",
      "m" : "4611686018430684110"
    }, {
      "d" : "1756448068297906632",
      "t" : 1756448068297,
      "tn" : 1756448068297906632,
      "q" : "1",
      "p" : "0.04331",
      "s" : "sell",
      "i" : "GMTUSD-PERP",
      "m" : "4611686018430684110"
    }, {
      "d" : "1756447506119809168",
      "t" : 1756447506119,
      "tn" : 1756447506119809168,
      "q" : "1",
      "p" : "0.04341",
      "s" : "sell",
      "i" : "GMTUSD-PERP",
      "m" : "4611686018430684109"
    }, {
      "d" : "1756447506119806455",
      "t" : 1756447506119,
      "tn" : 1756447506119806455,
      "q" : "1",
      "p" : "0.04342",
      "s" : "sell",
      "i" : "GMTUSD-PERP",
      "m" : "4611686018430684108"
    }, {
      "d" : "1756447445285450968",
      "t" : 1756447445285,
      "tn" : 1756447445285450968,
      "q" : "1",
      "p" : "0.04349",
      "s" : "sell",
      "i" : "GMTUSD-PERP",
      "m" : "4611686018430684107"
    }, {
      "d" : "1756447332789530084",
      "t" : 1756447332789,
      "tn" : 1756447332789530084,
      "q" : "1",
      "p" : "0.04351",
      "s" : "sell",
      "i" : "GMTUSD-PERP",
      "m" : "4611686018430684106"
    }, {
      "d" : "1756447332767655573",
      "t" : 1756447332767,
      "tn" : 1756447332767655573,
      "q" : "1",
      "p" : "0.04352",
      "s" : "sell",
      "i" : "GMTUSD-PERP",
      "m" : "4611686018430684105"
    }, {
      "d" : "1756447147419837461",
      "t" : 1756447147419,
      "tn" : 1756447147419837461,
      "q" : "1",
      "p" : "0.04359",
      "s" : "sell",
      "i" : "GMTUSD-PERP",
      "m" : "4611686018430684104"
    }, {
      "d" : "1756447137359486146",
      "t" : 1756447137359,
      "tn" : 1756447137359486146,
      "q" : "1",
      "p" : "0.04359",
      "s" : "sell",
      "i" : "GMTUSD-PERP",
      "m" : "4611686018430684103"
    }, {
      "d" : "1756447127345311025",
      "t" : 1756447127345,
      "tn" : 1756447127345311025,
      "q" : "1",
      "p" : "0.04359",
      "s" : "sell",
      "i" : "GMTUSD-PERP",
      "m" : "4611686018430684102"
    }, {
      "d" : "1756447117332978232",
      "t" : 1756447117332,
      "tn" : 1756447117332978232,
      "q" : "1",
      "p" : "0.04359",
      "s" : "sell",
      "i" : "GMTUSD-PERP",
      "m" : "4611686018430684101"
    }, {
      "d" : "1756447025614182695",
      "t" : 1756447025614,
      "tn" : 1756447025614182695,
      "q" : "1",
      "p" : "0.04358",
      "s" : "sell",
      "i" : "GMTUSD-PERP",
      "m" : "4611686018430684100"
    }, {
      "d" : "1756447015581213997",
      "t" : 1756447015581,
      "tn" : 1756447015581213997,
      "q" : "1",
      "p" : "0.04359",
      "s" : "sell",
      "i" : "GMTUSD-PERP",
      "m" : "4611686018430684099"
    }, {
      "d" : "1756447015581211203",
      "t" : 1756447015581,
      "tn" : 1756447015581211203,
      "q" : "1",
      "p" : "0.04360",
      "s" : "sell",
      "i" : "GMTUSD-PERP",
      "m" : "4611686018430684098"
    }, {
      "d" : "1756447005569516019",
      "t" : 1756447005569,
      "tn" : 1756447005569516019,
      "q" : "1",
      "p" : "0.04359",
      "s" : "sell",
      "i" : "GMTUSD-PERP",
      "m" : "4611686018430684097"
    }, {
      "d" : "1756446995521227183",
      "t" : 1756446995521,
      "tn" : 1756446995521227183,
      "q" : "1",
      "p" : "0.04359",
      "s" : "sell",
      "i" : "GMTUSD-PERP",
      "m" : "4611686018430684096"
    }, {
      "d" : "1756446985502776868",
      "t" : 1756446985502,
      "tn" : 1756446985502776868,
      "q" : "1",
      "p" : "0.04359",
      "s" : "sell",
      "i" : "GMTUSD-PERP",
      "m" : "4611686018430684095"
    }, {
      "d" : "1756446961826164045",
      "t" : 1756446961826,
      "tn" : 1756446961826164045,
      "q" : "1",
      "p" : "0.04359",
      "s" : "sell",
      "i" : "GMTUSD-PERP",
      "m" : "4611686018430684094"
    }, {
      "d" : "1756446951782328921",
      "t" : 1756446951782,
      "tn" : 1756446951782328921,
      "q" : "1",
      "p" : "0.04359",
      "s" : "sell",
      "i" : "GMTUSD-PERP",
      "m" : "4611686018430684093"
    }, {
      "d" : "1756446941759427365",
      "t" : 1756446941759,
      "tn" : 1756446941759427365,
      "q" : "1",
      "p" : "0.04359",
      "s" : "sell",
      "i" : "GMTUSD-PERP",
      "m" : "4611686018430684092"
    }, {
      "d" : "1756446910411194120",
      "t" : 1756446910411,
      "tn" : 1756446910411194120,
      "q" : "1",
      "p" : "0.04360",
      "s" : "sell",
      "i" : "GMTUSD-PERP",
      "m" : "4611686018430684091"
    }, {
      "d" : "1756446900392195530",
      "t" : 1756446900392,
      "tn" : 1756446900392195530,
      "q" : "1",
      "p" : "0.04360",
      "s" : "sell",
      "i" : "GMTUSD-PERP",
      "m" : "4611686018430684090"
    }, {
      "d" : "1756446874761178635",
      "t" : 1756446874761,
      "tn" : 1756446874761178635,
      "q" : "1",
      "p" : "0.04360",
      "s" : "sell",
      "i" : "GMTUSD-PERP",
      "m" : "4611686018430684089"
    }, {
      "d" : "1756446732950417911",
      "t" : 1756446732950,
      "tn" : 1756446732950417911,
      "q" : "1",
      "p" : "0.04360",
      "s" : "sell",
      "i" : "GMTUSD-PERP",
      "m" : "4611686018430684088"
    }, {
      "d" : "1756446732950415549",
      "t" : 1756446732950,
      "tn" : 1756446732950415549,
      "q" : "1",
      "p" : "0.04361",
      "s" : "sell",
      "i" : "GMTUSD-PERP",
      "m" : "4611686018430684087"
    }, {
      "d" : "1756446613223611079",
      "t" : 1756446613223,
      "tn" : 1756446613223611079,
      "q" : "1",
      "p" : "0.04369",
      "s" : "sell",
      "i" : "GMTUSD-PERP",
      "m" : "4611686018430684086"
    }, {
      "d" : "1756446539238929677",
      "t" : 1756446539238,
      "tn" : 1756446539238929677,
      "q" : "1",
      "p" : "0.04371",
      "s" : "sell",
      "i" : "GMTUSD-PERP",
      "m" : "4611686018430684085"
    }, {
      "d" : "1756446539238927916",
      "t" : 1756446539238,
      "tn" : 1756446539238927916,
      "q" : "1",
      "p" : "0.04372",
      "s" : "sell",
      "i" : "GMTUSD-PERP",
      "m" : "4611686018430684084"
    }, {
      "d" : "1756446536148953006",
      "t" : 1756446536148,
      "tn" : 1756446536148953006,
      "q" : "1",
      "p" : "0.04373",
      "s" : "sell",
      "i" : "GMTUSD-PERP",
      "m" : "4611686018430684083"
    }, {
      "d" : "1756446535129076423",
      "t" : 1756446535129,
      "tn" : 1756446535129076423,
      "q" : "1",
      "p" : "0.04373",
      "s" : "sell",
      "i" : "GMTUSD-PERP",
      "m" : "4611686018430684082"
    }, {
      "d" : "1756446529233398064",
      "t" : 1756446529233,
      "tn" : 1756446529233398064,
      "q" : "1",
      "p" : "0.04372",
      "s" : "sell",
      "i" : "GMTUSD-PERP",
      "m" : "4611686018430684081"
    }, {
      "d" : "1756446529233395642",
      "t" : 1756446529233,
      "tn" : 1756446529233395642,
      "q" : "1",
      "p" : "0.04373",
      "s" : "sell",
      "i" : "GMTUSD-PERP",
      "m" : "4611686018430684080"
    }, {
      "d" : "1756446528100224461",
      "t" : 1756446528100,
      "tn" : 1756446528100224461,
      "q" : "1",
      "p" : "0.04373",
      "s" : "sell",
      "i" : "GMTUSD-PERP",
      "m" : "4611686018430684079"
    }, {
      "d" : "1756446527079665858",
      "t" : 1756446527079,
      "tn" : 1756446527079665858,
      "q" : "1",
      "p" : "0.04373",
      "s" : "sell",
      "i" : "GMTUSD-PERP",
      "m" : "4611686018430684078"
    }, {
      "d" : "1756446519232284013",
      "t" : 1756446519232,
      "tn" : 1756446519232284013,
      "q" : "1",
      "p" : "0.04371",
      "s" : "sell",
      "i" : "GMTUSD-PERP",
      "m" : "4611686018430684077"
    }, {
      "d" : "1756446519232281692",
      "t" : 1756446519232,
      "tn" : 1756446519232281692,
      "q" : "1",
      "p" : "0.04372",
      "s" : "sell",
      "i" : "GMTUSD-PERP",
      "m" : "4611686018430684076"
    }, {
      "d" : "1756446509173912656",
      "t" : 1756446509173,
      "tn" : 1756446509173912656,
      "q" : "1",
      "p" : "0.04371",
      "s" : "sell",
      "i" : "GMTUSD-PERP",
      "m" : "4611686018430684075"
    }, {
      "d" : "1756446499139479863",
      "t" : 1756446499139,
      "tn" : 1756446499139479863,
      "q" : "1",
      "p" : "0.04370",
      "s" : "sell",
      "i" : "GMTUSD-PERP",
      "m" : "4611686018430684074"
    }, {
      "d" : "1756446485161719942",
      "t" : 1756446485161,
      "tn" : 1756446485161719942,
      "q" : "1",
      "p" : "0.04370",
      "s" : "sell",
      "i" : "GMTUSD-PERP",
      "m" : "4611686018430684073"
    }, {
      "d" : "1756446410054209026",
      "t" : 1756446410054,
      "tn" : 1756446410054209026,
      "q" : "1",
      "p" : "0.04360",
      "s" : "sell",
      "i" : "GMTUSD-PERP",
      "m" : "4611686018430684072"
    }, {
      "d" : "1756446410054206160",
      "t" : 1756446410054,
      "tn" : 1756446410054206160,
      "q" : "1",
      "p" : "0.04361",
      "s" : "sell",
      "i" : "GMTUSD-PERP",
      "m" : "4611686018430684071"
    }, {
      "d" : "1756446400024262444",
      "t" : 1756446400024,
      "tn" : 1756446400024262444,
      "q" : "1",
      "p" : "0.04360",
      "s" : "sell",
      "i" : "GMTUSD-PERP",
      "m" : "4611686018430684070"
    }, {
      "d" : "1756446400024259582",
      "t" : 1756446400024,
      "tn" : 1756446400024259582,
      "q" : "1",
      "p" : "0.04361",
      "s" : "sell",
      "i" : "GMTUSD-PERP",
      "m" : "4611686018430684069"
    }, {
      "d" : "1756446389981087866",
      "t" : 1756446389981,
      "tn" : 1756446389981087866,
      "q" : "1",
      "p" : "0.04360",
      "s" : "sell",
      "i" : "GMTUSD-PERP",
      "m" : "4611686018430684068"
    }, {
      "d" : "1756446379943264217",
      "t" : 1756446379943,
      "tn" : 1756446379943264217,
      "q" : "1",
      "p" : "0.04360",
      "s" : "sell",
      "i" : "GMTUSD-PERP",
      "m" : "4611686018430684067"
    }, {
      "d" : "1756446360634383658",
      "t" : 1756446360634,
      "tn" : 1756446360634383658,
      "q" : "1",
      "p" : "0.04360",
      "s" : "sell",
      "i" : "GMTUSD-PERP",
      "m" : "4611686018430684066"
    }, {
      "d" : "1756446330899426523",
      "t" : 1756446330899,
      "tn" : 1756446330899426523,
      "q" : "1",
      "p" : "0.04359",
      "s" : "sell",
      "i" : "GMTUSD-PERP",
      "m" : "4611686018430684065"
    }, {
      "d" : "1756446137152139675",
      "t" : 1756446137152,
      "tn" : 1756446137152139675,
      "q" : "1",
      "p" : "0.04360",
      "s" : "sell",
      "i" : "GMTUSD-PERP",
      "m" : "4611686018430684064"
    }, {
      "d" : "1756445999691269040",
      "t" : 1756445999691,
      "tn" : 1756445999691269040,
      "q" : "1",
      "p" : "0.04361",
      "s" : "sell",
      "i" : "GMTUSD-PERP",
      "m" : "4611686018430684063"
    }, {
      "d" : "1756445999691266412",
      "t" : 1756445999691,
      "tn" : 1756445999691266412,
      "q" : "1",
      "p" : "0.04362",
      "s" : "sell",
      "i" : "GMTUSD-PERP",
      "m" : "4611686018430684062"
    }, {
      "d" : "1756445989646660795",
      "t" : 1756445989646,
      "tn" : 1756445989646660795,
      "q" : "1",
      "p" : "0.04361",
      "s" : "sell",
      "i" : "GMTUSD-PERP",
      "m" : "4611686018430684061"
    }, {
      "d" : "1756445989646658303",
      "t" : 1756445989646,
      "tn" : 1756445989646658303,
      "q" : "1",
      "p" : "0.04362",
      "s" : "sell",
      "i" : "GMTUSD-PERP",
      "m" : "4611686018430684060"
    }, {
      "d" : "1756445979644429450",
      "t" : 1756445979644,
      "tn" : 1756445979644429450,
      "q" : "1",
      "p" : "0.04361",
      "s" : "sell",
      "i" : "GMTUSD-PERP",
      "m" : "4611686018430684059"
    }, {
      "d" : "1756445979644426857",
      "t" : 1756445979644,
      "tn" : 1756445979644426857,
      "q" : "1",
      "p" : "0.04362",
      "s" : "sell",
      "i" : "GMTUSD-PERP",
      "m" : "4611686018430684058"
    }, {
      "d" : "1756445969599250015",
      "t" : 1756445969599,
      "tn" : 1756445969599250015,
      "q" : "1",
      "p" : "0.04361",
      "s" : "sell",
      "i" : "GMTUSD-PERP",
      "m" : "4611686018430684057"
    }, {
      "d" : "1756445969599247290",
      "t" : 1756445969599,
      "tn" : 1756445969599247290,
      "q" : "1",
      "p" : "0.04362",
      "s" : "sell",
      "i" : "GMTUSD-PERP",
      "m" : "4611686018430684056"
    }, {
      "d" : "1756445959590598324",
      "t" : 1756445959590,
      "tn" : 1756445959590598324,
      "q" : "1",
      "p" : "0.04360",
      "s" : "sell",
      "i" : "GMTUSD-PERP",
      "m" : "4611686018430684055"
    }, {
      "d" : "1756445935366176993",
      "t" : 1756445935366,
      "tn" : 1756445935366176993,
      "q" : "1",
      "p" : "0.04360",
      "s" : "sell",
      "i" : "GMTUSD-PERP",
      "m" : "4611686018430684054"
    }, {
      "d" : "1756445925345017569",
      "t" : 1756445925345,
      "tn" : 1756445925345017569,
      "q" : "1",
      "p" : "0.04360",
      "s" : "sell",
      "i" : "GMTUSD-PERP",
      "m" : "4611686018430684053"
    }, {
      "d" : "1756445899049340025",
      "t" : 1756445899049,
      "tn" : 1756445899049340025,
      "q" : "1",
      "p" : "0.04361",
      "s" : "sell",
      "i" : "GMTUSD-PERP",
      "m" : "4611686018430684052"
    }, {
      "d" : "1756445888996431458",
      "t" : 1756445888996,
      "tn" : 1756445888996431458,
      "q" : "1",
      "p" : "0.04361",
      "s" : "sell",
      "i" : "GMTUSD-PERP",
      "m" : "4611686018430684051"
    }, {
      "d" : "1756445525327243506",
      "t" : 1756445525327,
      "tn" : 1756445525327243506,
      "q" : "1",
      "p" : "0.04350",
      "s" : "sell",
      "i" : "GMTUSD-PERP",
      "m" : "4611686018430684050"
    }, {
      "d" : "1756445515279078804",
      "t" : 1756445515279,
      "tn" : 1756445515279078804,
      "q" : "1",
      "p" : "0.04350",
      "s" : "sell",
      "i" : "GMTUSD-PERP",
      "m" : "4611686018430684049"
    }, {
      "d" : "1756445505253652820",
      "t" : 1756445505253,
      "tn" : 1756445505253652820,
      "q" : "1",
      "p" : "0.04351",
      "s" : "sell",
      "i" : "GMTUSD-PERP",
      "m" : "4611686018430684048"
    }, {
      "d" : "1756445495234184637",
      "t" : 1756445495234,
      "tn" : 1756445495234184637,
      "q" : "1",
      "p" : "0.04350",
      "s" : "sell",
      "i" : "GMTUSD-PERP",
      "m" : "4611686018430684047"
    }, {
      "d" : "1756445485196673217",
      "t" : 1756445485196,
      "tn" : 1756445485196673217,
      "q" : "1",
      "p" : "0.04350",
      "s" : "sell",
      "i" : "GMTUSD-PERP",
      "m" : "4611686018430684046"
    }, {
      "d" : "1756445348587266267",
      "t" : 1756445348587,
      "tn" : 1756445348587266267,
      "q" : "1",
      "p" : "0.04352",
      "s" : "sell",
      "i" : "GMTUSD-PERP",
      "m" : "4611686018430684045"
    }, {
      "d" : "1756445344960335731",
      "t" : 1756445344960,
      "tn" : 1756445344960335731,
      "q" : "1",
      "p" : "0.04350",
      "s" : "sell",
      "i" : "GMTUSD-PERP",
      "m" : "4611686018430684044"
    }, {
      "d" : "1756445261626424396",
      "t" : 1756445261626,
      "tn" : 1756445261626424396,
      "q" : "1",
      "p" : "0.04351",
      "s" : "sell",
      "i" : "GMTUSD-PERP",
      "m" : "4611686018430684043"
    }, {
      "d" : "1756445088867794136",
      "t" : 1756445088867,
      "tn" : 1756445088867794136,
      "q" : "1",
      "p" : "0.04359",
      "s" : "sell",
      "i" : "GMTUSD-PERP",
      "m" : "4611686018430684042"
    }, {
      "d" : "1756445075754750950",
      "t" : 1756445075754,
      "tn" : 1756445075754750950,
      "q" : "1",
      "p" : "0.04359",
      "s" : "sell",
      "i" : "GMTUSD-PERP",
      "m" : "4611686018430684041"
    }, {
      "d" : "1756445065742910616",
      "t" : 1756445065742,
      "tn" : 1756445065742910616,
      "q" : "1",
      "p" : "0.04359",
      "s" : "sell",
      "i" : "GMTUSD-PERP",
      "m" : "4611686018430684040"
    }, {
      "d" : "1756445053184857596",
      "t" : 1756445053184,
      "tn" : 1756445053184857596,
      "q" : "1",
      "p" : "0.04359",
      "s" : "sell",
      "i" : "GMTUSD-PERP",
      "m" : "4611686018430684039"
    }, {
      "d" : "1756445008151882149",
      "t" : 1756445008151,
      "tn" : 1756445008151882149,
      "q" : "1",
      "p" : "0.04359",
      "s" : "sell",
      "i" : "GMTUSD-PERP",
      "m" : "4611686018430684038"
    }, {
      "d" : "1756444873502195042",
      "t" : 1756444873502,
      "tn" : 1756444873502195042,
      "q" : "1",
      "p" : "0.04361",
      "s" : "sell",
      "i" : "GMTUSD-PERP",
      "m" : "4611686018430684037"
    }, {
      "d" : "1756444757980088187",
      "t" : 1756444757980,
      "tn" : 1756444757980088187,
      "q" : "1",
      "p" : "0.04364",
      "s" : "sell",
      "i" : "GMTUSD-PERP",
      "m" : "4611686018430684036"
    }, {
      "d" : "1756444756492921762",
      "t" : 1756444756492,
      "tn" : 1756444756492921762,
      "q" : "1",
      "p" : "0.04362",
      "s" : "sell",
      "i" : "GMTUSD-PERP",
      "m" : "4611686018430684035"
    }, {
      "d" : "1756444748138524576",
      "t" : 1756444748138,
      "tn" : 1756444748138524576,
      "q" : "1",
      "p" : "0.04360",
      "s" : "sell",
      "i" : "GMTUSD-PERP",
      "m" : "4611686018430684034"
    }, {
      "d" : "1756444737010687307",
      "t" : 1756444737010,
      "tn" : 1756444737010687307,
      "q" : "1",
      "p" : "0.04360",
      "s" : "sell",
      "i" : "GMTUSD-PERP",
      "m" : "4611686018430684033"
    }, {
      "d" : "1756444737010684529",
      "t" : 1756444737010,
      "tn" : 1756444737010684529,
      "q" : "1",
      "p" : "0.04361",
      "s" : "sell",
      "i" : "GMTUSD-PERP",
      "m" : "4611686018430684032"
    }, {
      "d" : "1756444726983788724",
      "t" : 1756444726983,
      "tn" : 1756444726983788724,
      "q" : "1",
      "p" : "0.04359",
      "s" : "sell",
      "i" : "GMTUSD-PERP",
      "m" : "4611686018430684031"
    }, {
      "d" : "1756444628988207278",
      "t" : 1756444628988,
      "tn" : 1756444628988207278,
      "q" : "1",
      "p" : "0.04361",
      "s" : "sell",
      "i" : "GMTUSD-PERP",
      "m" : "4611686018430684030"
    }, {
      "d" : "1756444463051764661",
      "t" : 1756444463051,
      "tn" : 1756444463051764661,
      "q" : "1",
      "p" : "0.04370",
      "s" : "sell",
      "i" : "GMTUSD-PERP",
      "m" : "4611686018430684029"
    }, {
      "d" : "1756444452752225035",
      "t" : 1756444452752,
      "tn" : 1756444452752225035,
      "q" : "1",
      "p" : "0.04370",
      "s" : "sell",
      "i" : "GMTUSD-PERP",
      "m" : "4611686018430684028"
    }, {
      "d" : "1756444374880314250",
      "t" : 1756444374880,
      "tn" : 1756444374880314250,
      "q" : "1",
      "p" : "0.04363",
      "s" : "sell",
      "i" : "GMTUSD-PERP",
      "m" : "4611686018430684027"
    }, {
      "d" : "1756444367726577067",
      "t" : 1756444367726,
      "tn" : 1756444367726577067,
      "q" : "1",
      "p" : "0.04362",
      "s" : "sell",
      "i" : "GMTUSD-PERP",
      "m" : "4611686018430684026"
    }, {
      "d" : "1756444366610328422",
      "t" : 1756444366610,
      "tn" : 1756444366610328422,
      "q" : "1",
      "p" : "0.04362",
      "s" : "sell",
      "i" : "GMTUSD-PERP",
      "m" : "4611686018430684025"
    }, {
      "d" : "1756444365327346409",
      "t" : 1756444365327,
      "tn" : 1756444365327346409,
      "q" : "1",
      "p" : "0.04360",
      "s" : "sell",
      "i" : "GMTUSD-PERP",
      "m" : "4611686018430684024"
    }, {
      "d" : "1756444365327344069",
      "t" : 1756444365327,
      "tn" : 1756444365327344069,
      "q" : "1",
      "p" : "0.04361",
      "s" : "sell",
      "i" : "GMTUSD-PERP",
      "m" : "4611686018430684023"
    }, {
      "d" : "1756444355293175331",
      "t" : 1756444355293,
      "tn" : 1756444355293175331,
      "q" : "1",
      "p" : "0.04361",
      "s" : "sell",
      "i" : "GMTUSD-PERP",
      "m" : "4611686018430684022"
    }, {
      "d" : "1756444226507194686",
      "t" : 1756444226507,
      "tn" : 1756444226507194685,
      "q" : "1",
      "p" : "0.04360",
      "s" : "sell",
      "i" : "GMTUSD-PERP",
      "m" : "4611686018430684021"
    }, {
      "d" : "1756444226507194685",
      "t" : 1756444226507,
      "tn" : 1756444226507194685,
      "q" : "1",
      "p" : "0.04360",
      "s" : "sell",
      "i" : "GMTUSD-PERP",
      "m" : "4611686018430684021"
    }, {
      "d" : "1756444104042186442",
      "t" : 1756444104042,
      "tn" : 1756444104042186441,
      "q" : "1",
      "p" : "0.04370",
      "s" : "sell",
      "i" : "GMTUSD-PERP",
      "m" : "4611686018430684020"
    }, {
      "d" : "1756444104042186441",
      "t" : 1756444104042,
      "tn" : 1756444104042186441,
      "q" : "1",
      "p" : "0.04370",
      "s" : "sell",
      "i" : "GMTUSD-PERP",
      "m" : "4611686018430684020"
    }, {
      "d" : "1756444086093342711",
      "t" : 1756444086093,
      "tn" : 1756444086093342711,
      "q" : "1",
      "p" : "0.04371",
      "s" : "sell",
      "i" : "GMTUSD-PERP",
      "m" : "4611686018430684019"
    }, {
      "d" : "1756444086093340362",
      "t" : 1756444086093,
      "tn" : 1756444086093340362,
      "q" : "1",
      "p" : "0.04372",
      "s" : "sell",
      "i" : "GMTUSD-PERP",
      "m" : "4611686018430684018"
    }, {
      "d" : "1756444084300756379",
      "t" : 1756444084300,
      "tn" : 1756444084300756378,
      "q" : "1",
      "p" : "0.04372",
      "s" : "sell",
      "i" : "GMTUSD-PERP",
      "m" : "4611686018430684017"
    }, {
      "d" : "1756444084300756378",
      "t" : 1756444084300,
      "tn" : 1756444084300756378,
      "q" : "1",
      "p" : "0.04372",
      "s" : "sell",
      "i" : "GMTUSD-PERP",
      "m" : "4611686018430684017"
    }, {
      "d" : "1756444076065996121",
      "t" : 1756444076065,
      "tn" : 1756444076065996120,
      "q" : "1",
      "p" : "0.04369",
      "s" : "sell",
      "i" : "GMTUSD-PERP",
      "m" : "4611686018430684016"
    }, {
      "d" : "1756444076065996120",
      "t" : 1756444076065,
      "tn" : 1756444076065996120,
      "q" : "1",
      "p" : "0.04369",
      "s" : "sell",
      "i" : "GMTUSD-PERP",
      "m" : "4611686018430684016"
    }, {
      "d" : "1756444049678678997",
      "t" : 1756444049678,
      "tn" : 1756444049678678996,
      "q" : "1",
      "p" : "0.04370",
      "s" : "sell",
      "i" : "GMTUSD-PERP",
      "m" : "4611686018430684015"
    }, {
      "d" : "1756444049678678996",
      "t" : 1756444049678,
      "tn" : 1756444049678678996,
      "q" : "1",
      "p" : "0.04370",
      "s" : "sell",
      "i" : "GMTUSD-PERP",
      "m" : "4611686018430684015"
    }, {
      "d" : "1756444039651110790",
      "t" : 1756444039651,
      "tn" : 1756444039651110789,
      "q" : "1",
      "p" : "0.04370",
      "s" : "sell",
      "i" : "GMTUSD-PERP",
      "m" : "4611686018430684014"
    }, {
      "d" : "1756444039651110789",
      "t" : 1756444039651,
      "tn" : 1756444039651110789,
      "q" : "1",
      "p" : "0.04370",
      "s" : "sell",
      "i" : "GMTUSD-PERP",
      "m" : "4611686018430684014"
    }, {
      "d" : "1756444029617392152",
      "t" : 1756444029617,
      "tn" : 1756444029617392151,
      "q" : "1",
      "p" : "0.04370",
      "s" : "sell",
      "i" : "GMTUSD-PERP",
      "m" : "4611686018430684013"
    }, {
      "d" : "1756444029617392151",
      "t" : 1756444029617,
      "tn" : 1756444029617392151,
      "q" : "1",
      "p" : "0.04370",
      "s" : "sell",
      "i" : "GMTUSD-PERP",
      "m" : "4611686018430684013"
    }, {
      "d" : "1756443992771218502",
      "t" : 1756443992771,
      "tn" : 1756443992771218501,
      "q" : "1",
      "p" : "0.04370",
      "s" : "sell",
      "i" : "GMTUSD-PERP",
      "m" : "4611686018430684012"
    }, {
      "d" : "1756443992771218501",
      "t" : 1756443992771,
      "tn" : 1756443992771218501,
      "q" : "1",
      "p" : "0.04370",
      "s" : "sell",
      "i" : "GMTUSD-PERP",
      "m" : "4611686018430684012"
    }, {
      "d" : "1756443981710808601",
      "t" : 1756443981710,
      "tn" : 1756443981710808600,
      "q" : "1",
      "p" : "0.04370",
      "s" : "sell",
      "i" : "GMTUSD-PERP",
      "m" : "4611686018430684011"
    }, {
      "d" : "1756443981710808600",
      "t" : 1756443981710,
      "tn" : 1756443981710808600,
      "q" : "1",
      "p" : "0.04370",
      "s" : "sell",
      "i" : "GMTUSD-PERP",
      "m" : "4611686018430684011"
    }, {
      "d" : "1756443971681922924",
      "t" : 1756443971681,
      "tn" : 1756443971681922923,
      "q" : "1",
      "p" : "0.04370",
      "s" : "sell",
      "i" : "GMTUSD-PERP",
      "m" : "4611686018430684010"
    }, {
      "d" : "1756443971681922923",
      "t" : 1756443971681,
      "tn" : 1756443971681922923,
      "q" : "1",
      "p" : "0.04370",
      "s" : "sell",
      "i" : "GMTUSD-PERP",
      "m" : "4611686018430684010"
    }, {
      "d" : "1756443961639733465",
      "t" : 1756443961639,
      "tn" : 1756443961639733464,
      "q" : "1",
      "p" : "0.04370",
      "s" : "sell",
      "i" : "GMTUSD-PERP",
      "m" : "4611686018430684009"
    }, {
      "d" : "1756443961639733464",
      "t" : 1756443961639,
      "tn" : 1756443961639733464,
      "q" : "1",
      "p" : "0.04370",
      "s" : "sell",
      "i" : "GMTUSD-PERP",
      "m" : "4611686018430684009"
    }, {
      "d" : "1756443866908159713",
      "t" : 1756443866908,
      "tn" : 1756443866908159712,
      "q" : "1",
      "p" : "0.04371",
      "s" : "sell",
      "i" : "GMTUSD-PERP",
      "m" : "4611686018430684008"
    }, {
      "d" : "1756443866908159712",
      "t" : 1756443866908,
      "tn" : 1756443866908159712,
      "q" : "1",
      "p" : "0.04371",
      "s" : "sell",
      "i" : "GMTUSD-PERP",
      "m" : "4611686018430684008"
    }, {
      "d" : "1756443600482844186",
      "t" : 1756443600482,
      "tn" : 1756443600482844186,
      "q" : "1",
      "p" : "0.04361",
      "s" : "sell",
      "i" : "GMTUSD-PERP",
      "m" : "4611686018430684007"
    } ]
  }
}