{
  "id" : -1,
  "method" : "public/get-trades",
  "code" : 0,
  "result" : {
    "data" : [ {
      "d" : "1756456240759650825",
      "t" : 1756456240759,
      "tn" : 1756456240759650825,
      "q" : "2.00",
      "p" : "14.812",
      "s" : "sell",
      "i" : "GMX_USD",
      "m" : "4611686018429989090"
    }, {
      "d" : "1756456046324627867",
      "t" : 1756456046324,
      "tn" : 1756456046324627867,
      "q" : "4.33",
      "p" : "14.745",
      "s" : "buy",
      "i" : "GMX_USD",
      "m" : "4611686018429989089"
    }, {
      "d" : "1756456046323660906",
      "t" : 1756456046323,
      "tn" : 1756456046323660906,
      "q" : "6.78",
      "p" : "14.745",
      "s" : "sell",
      "i" : "GMX_USD",
      "m" : "4611686018429989088"
    }, {
      "d" : "1756455439638756627",
      "t" : 1756455439638,
      "tn" : 1756455439638756627,
      "q" : "3.70",
      "p" : "14.765",
      "s" : "sell",
      "i" : "GMX_USD",
      "m" : "4611686018429989087"
    }, {
      "d" : "1756451709076210876",
      "t" : 1756451709076,
      "tn" : 1756451709076210876,
      "q" : "3.43",
      "p" : "14.956",
      "s" : "sell",
      "i" : "GMX_USD",
      "m" : "4611686018429989086"
    }, {
      "d" : "1756448328164248349",
      "t" : 1756448328164,
      "tn" : 1756448328164248349,
      "q" : "8.05",
      "p" : "15.173",
      "s" : "buy",
      "i" : "GMX_USD",
      "m" : "4611686018429989085"
    }, {
      "d" : "1756446227136194882",
      "t" : 1756446227136,
      "tn" : 1756446227136194882,
      "q" : "2.36",
      "p" : "15.287",
      "s" : "sell",
      "i" : "GMX_USD",
      "m" : "4611686018429989084"
    }, {
      "d" : "1756446227135702563",
      "t" : 1756446227135,
      "tn" : 1756446227135702563,
      "q" : "9.81",
      "p" : "15.287",
      "s" : "sell",
      "i" : "GMX_USD",
      "m" : "4611686018429989083"
    }, {
      "d" : "1756446227056348594",
      "t" : 1756446227056,
      "tn" : 1756446227056348594,
      "q" : "1.31",
      "p" : "15.287",
      "s" : "buy",
      "i" : "GMX_USD",
      "m" : "4611686018429989082"
    }, {
      "d" : "1756418737451893585",
      "t" : 1756418737451,
      "tn" : 1756418737451893585,
      "q" : "8.06",
      "p" : "15.497",
      "s" : "sell",
      "i" : "GMX_USD",
      "m" : "4611686018429989081"
    }, {
      "d" : "1756416416722295660",
      "t" : 1756416416722,
      "tn" : 1756416416722295660,
      "q" : "2.00",
      "p" : "15.385",
      "s" : "buy",
      "i" : "GMX_USD",
      "m" : "4611686018429989080"
    }, {
      "d" : "1756408156917010690",
      "t" : 1756408156917,
      "tn" : 1756408156917010690,
      "q" : "1.36",
      "p" : "15.439",
      "s" : "sell",
      "i" : "GMX_USD",
      "m" : "4611686018429989079"
    }, {
      "d" : "1756392374678171503",
      "t" : 1756392374678,
      "tn" : 1756392374678171503,
      "q" : "9.03",
      "p" : "15.589",
      "s" : "sell",
      "i" : "GMX_USD",
      "m" : "4611686018429989078"
    }, {
      "d" : "1756392374670133591",
      "t" : 1756392374670,
      "tn" : 1756392374670133591,
      "q" : "6.33",
      "p" : "15.589",
      "s" : "buy",
      "i" : "GMX_USD",
      "m" : "4611686018429989077"
    }, {
      "d" : "1756387390536762867",
      "t" : 1756387390536,
      "tn" : 1756387390536762867,
      "q" : "5.37",
      "p" : "15.591",
      "s" : "sell",
      "i" : "GMX_USD",
      "m" : "4611686018429989076"
    }, {
      "d" : "1756385091078481744",
      "t" : 1756385091078,
      "tn" : 1756385091078481744,
      "q" : "1.52",
      "p" : "15.561",
      "s" : "sell",
      "i" : "GMX_USD",
      "m" : "4611686018429989075"
    }, {
      "d" : "1756382594777173728",
      "t" : 1756382594777,
      "tn" : 1756382594777173728,
      "q" : "0.53",
      "p" : "15.502",
      "s" : "sell",
      "i" : "GMX_USD",
      "m" : "4611686018429989074"
    } ]
  }
}