{
  "id" : -1,
  "method" : "public/get-trades",
  "code" : 0,
  "result" : {
    "data" : [ {
      "d" : "1756459878113196419",
      "t" : 1756459878113,
      "tn" : 1756459878113196419,
      "q" : "0.012",
      "p" : "127.336",
      "s" : "buy",
      "i" : "GNO_USD",
      "m" : "4611686018430531512"
    }, {
      "d" : "1756459878113193637",
      "t" : 1756459878113,
      "tn" : 1756459878113193637,
      "q" : "0.346",
      "p" : "127.326",
      "s" : "buy",
      "i" : "GNO_USD",
      "m" : "4611686018430531511"
    }, {
      "d" : "1756459750112105370",
      "t" : 1756459750112,
      "tn" : 1756459750112105370,
      "q" : "0.075",
      "p" : "127.326",
      "s" : "buy",
      "i" : "GNO_USD",
      "m" : "4611686018430531510"
    }, {
      "d" : "1756459749932679479",
      "t" : 1756459749932,
      "tn" : 1756459749932679479,
      "q" : "0.136",
      "p" : "127.326",
      "s" : "buy",
      "i" : "GNO_USD",
      "m" : "4611686018430531509"
    }, {
      "d" : "1756459749907775890",
      "t" : 1756459749907,
      "tn" : 1756459749907775890,
      "q" : "0.012",
      "p" : "127.298",
      "s" : "buy",
      "i" : "GNO_USD",
      "m" : "4611686018430531508"
    }, {
      "d" : "1756459749907773326",
      "t" : 1756459749907,
      "tn" : 1756459749907773326,
      "q" : "0.012",
      "p" : "127.260",
      "s" : "buy",
      "i" : "GNO_USD",
      "m" : "4611686018430531507"
    }, {
      "d" : "1756459356035126336",
      "t" : 1756459356035,
      "tn" : 1756459356035126336,
      "q" : "0.300",
      "p" : "127.250",
      "s" : "buy",
      "i" : "GNO_USD",
      "m" : "4611686018430531506"
    }, {
      "d" : "1756459352433751534",
      "t" : 1756459352433,
      "tn" : 1756459352433751534,
      "q" : "0.047",
      "p" : "127.250",
      "s" : "buy",
      "i" : "GNO_USD",
      "m" : "4611686018430531505"
    }, {
      "d" : "1756459352433749355",
      "t" : 1756459352433,
      "tn" : 1756459352433749355,
      "q" : "0.012",
      "p" : "127.222",
      "s" : "buy",
      "i" : "GNO_USD",
      "m" : "4611686018430531504"
    }, {
      "d" : "1756459347268869640",
      "t" : 1756459347268,
      "tn" : 1756459347268869640,
      "q" : "0.012",
      "p" : "127.184",
      "s" : "buy",
      "i" : "GNO_USD",
      "m" : "4611686018430531503"
    }, {
      "d" : "1756459347268867331",
      "t" : 1756459347268,
      "tn" : 1756459347268867331,
      "q" : "0.012",
      "p" : "127.146",
      "s" : "buy",
      "i" : "GNO_USD",
      "m" : "4611686018430531502"
    }, {
      "d" : "1756458709693769846",
      "t" : 1756458709693,
      "tn" : 1756458709693769846,
      "q" : "0.124",
      "p" : "127.098",
      "s" : "sell",
      "i" : "GNO_USD",
      "m" : "4611686018430531501"
    }, {
      "d" : "1756458700031367039",
      "t" : 1756458700031,
      "tn" : 1756458700031367039,
      "q" : "0.151",
      "p" : "127.098",
      "s" : "sell",
      "i" : "GNO_USD",
      "m" : "4611686018430531500"
    }, {
      "d" : "1756458700031365037",
      "t" : 1756458700031,
      "tn" : 1756458700031365037,
      "q" : "0.012",
      "p" : "127.108",
      "s" : "sell",
      "i" : "GNO_USD",
      "m" : "4611686018430531499"
    }, {
      "d" : "1756458236034123608",
      "t" : 1756458236034,
      "tn" : 1756458236034123608,
      "q" : "0.012",
      "p" : "127.146",
      "s" : "sell",
      "i" : "GNO_USD",
      "m" : "4611686018430531498"
    }, {
      "d" : "1756458236034120934",
      "t" : 1756458236034,
      "tn" : 1756458236034120934,
      "q" : "0.007",
      "p" : "127.174",
      "s" : "sell",
      "i" : "GNO_USD",
      "m" : "4611686018430531497"
    }, {
      "d" : "1756458229480059105",
      "t" : 1756458229480,
      "tn" : 1756458229480059105,
      "q" : "0.046",
      "p" : "127.174",
      "s" : "sell",
      "i" : "GNO_USD",
      "m" : "4611686018430531496"
    }, {
      "d" : "1756458229480057255",
      "t" : 1756458229480,
      "tn" : 1756458229480057255,
      "q" : "0.012",
      "p" : "127.184",
      "s" : "sell",
      "i" : "GNO_USD",
      "m" : "4611686018430531495"
    }, {
      "d" : "1756458217555440226",
      "t" : 1756458217555,
      "tn" : 1756458217555440226,
      "q" : "0.012",
      "p" : "127.222",
      "s" : "sell",
      "i" : "GNO_USD",
      "m" : "4611686018430531494"
    }, {
      "d" : "1756458217555439303",
      "t" : 1756458217555,
      "tn" : 1756458217555439303,
      "q" : "0.012",
      "p" : "127.260",
      "s" : "sell",
      "i" : "GNO_USD",
      "m" : "4611686018430531493"
    }, {
      "d" : "1756458217433051240",
      "t" : 1756458217433,
      "tn" : 1756458217433051240,
      "q" : "0.030",
      "p" : "127.174",
      "s" : "sell",
      "i" : "GNO_USD",
      "m" : "4611686018430531492"
    }, {
      "d" : "1756458217433049264",
      "t" : 1756458217433,
      "tn" : 1756458217433049264,
      "q" : "0.012",
      "p" : "127.298",
      "s" : "sell",
      "i" : "GNO_USD",
      "m" : "4611686018430531491"
    }, {
      "d" : "1756458208897141965",
      "t" : 1756458208897,
      "tn" : 1756458208897141965,
      "q" : "0.081",
      "p" : "127.174",
      "s" : "sell",
      "i" : "GNO_USD",
      "m" : "4611686018430531490"
    }, {
      "d" : "1756458202474837056",
      "t" : 1756458202474,
      "tn" : 1756458202474837056,
      "q" : "0.042",
      "p" : "127.174",
      "s" : "sell",
      "i" : "GNO_USD",
      "m" : "4611686018430531489"
    }, {
      "d" : "1756458201954446506",
      "t" : 1756458201954,
      "tn" : 1756458201954446506,
      "q" : "0.041",
      "p" : "127.174",
      "s" : "sell",
      "i" : "GNO_USD",
      "m" : "4611686018430531488"
    }, {
      "d" : "1756458201482293857",
      "t" : 1756458201482,
      "tn" : 1756458201482293857,
      "q" : "0.022",
      "p" : "127.174",
      "s" : "sell",
      "i" : "GNO_USD",
      "m" : "4611686018430531487"
    }, {
      "d" : "1756458201482292068",
      "t" : 1756458201482,
      "tn" : 1756458201482292068,
      "q" : "0.012",
      "p" : "127.336",
      "s" : "sell",
      "i" : "GNO_USD",
      "m" : "4611686018430531486"
    }, {
      "d" : "1756458201482289187",
      "t" : 1756458201482,
      "tn" : 1756458201482289187,
      "q" : "0.012",
      "p" : "127.374",
      "s" : "sell",
      "i" : "GNO_USD",
      "m" : "4611686018430531485"
    }, {
      "d" : "1756458201482286380",
      "t" : 1756458201482,
      "tn" : 1756458201482286380,
      "q" : "0.012",
      "p" : "127.412",
      "s" : "sell",
      "i" : "GNO_USD",
      "m" : "4611686018430531484"
    }, {
      "d" : "1756458193124026921",
      "t" : 1756458193124,
      "tn" : 1756458193124026921,
      "q" : "0.012",
      "p" : "127.450",
      "s" : "sell",
      "i" : "GNO_USD",
      "m" : "4611686018430531483"
    }, {
      "d" : "1756458193124024441",
      "t" : 1756458193124,
      "tn" : 1756458193124024441,
      "q" : "0.012",
      "p" : "127.488",
      "s" : "sell",
      "i" : "GNO_USD",
      "m" : "4611686018430531482"
    }, {
      "d" : "1756458187439110963",
      "t" : 1756458187439,
      "tn" : 1756458187439110963,
      "q" : "0.041",
      "p" : "127.174",
      "s" : "sell",
      "i" : "GNO_USD",
      "m" : "4611686018430531481"
    }, {
      "d" : "1756458185038791357",
      "t" : 1756458185038,
      "tn" : 1756458185038791357,
      "q" : "0.037",
      "p" : "127.174",
      "s" : "sell",
      "i" : "GNO_USD",
      "m" : "4611686018430531480"
    }, {
      "d" : "1756458184934607141",
      "t" : 1756458184934,
      "tn" : 1756458184934607141,
      "q" : "0.127",
      "p" : "127.175",
      "s" : "sell",
      "i" : "GNO_USD",
      "m" : "4611686018430531479"
    }, {
      "d" : "1756458181274606513",
      "t" : 1756458181274,
      "tn" : 1756458181274606513,
      "q" : "0.012",
      "p" : "127.526",
      "s" : "sell",
      "i" : "GNO_USD",
      "m" : "4611686018430531478"
    }, {
      "d" : "1756458181274604911",
      "t" : 1756458181274,
      "tn" : 1756458181274604911,
      "q" : "0.012",
      "p" : "127.564",
      "s" : "sell",
      "i" : "GNO_USD",
      "m" : "4611686018430531477"
    }, {
      "d" : "1756458181098793834",
      "t" : 1756458181098,
      "tn" : 1756458181098793834,
      "q" : "0.012",
      "p" : "127.602",
      "s" : "sell",
      "i" : "GNO_USD",
      "m" : "4611686018430531476"
    }, {
      "d" : "1756458181098792112",
      "t" : 1756458181098,
      "tn" : 1756458181098792112,
      "q" : "0.012",
      "p" : "127.640",
      "s" : "sell",
      "i" : "GNO_USD",
      "m" : "4611686018430531475"
    }, {
      "d" : "1756458180872740395",
      "t" : 1756458180872,
      "tn" : 1756458180872740395,
      "q" : "0.122",
      "p" : "127.250",
      "s" : "sell",
      "i" : "GNO_USD",
      "m" : "4611686018430531474"
    }, {
      "d" : "1756458180872738201",
      "t" : 1756458180872,
      "tn" : 1756458180872738201,
      "q" : "0.012",
      "p" : "127.678",
      "s" : "sell",
      "i" : "GNO_USD",
      "m" : "4611686018430531473"
    }, {
      "d" : "1756458174334070593",
      "t" : 1756458174334,
      "tn" : 1756458174334070593,
      "q" : "0.225",
      "p" : "127.250",
      "s" : "sell",
      "i" : "GNO_USD",
      "m" : "4611686018430531472"
    }, {
      "d" : "1756458169333563302",
      "t" : 1756458169333,
      "tn" : 1756458169333563302,
      "q" : "0.347",
      "p" : "127.326",
      "s" : "sell",
      "i" : "GNO_USD",
      "m" : "4611686018430531471"
    }, {
      "d" : "1756458169333562187",
      "t" : 1756458169333,
      "tn" : 1756458169333562187,
      "q" : "0.199",
      "p" : "127.327",
      "s" : "sell",
      "i" : "GNO_USD",
      "m" : "4611686018430531470"
    }, {
      "d" : "1756458169333560069",
      "t" : 1756458169333,
      "tn" : 1756458169333560069,
      "q" : "0.347",
      "p" : "127.402",
      "s" : "sell",
      "i" : "GNO_USD",
      "m" : "4611686018430531469"
    }, {
      "d" : "1756458169333555471",
      "t" : 1756458169333,
      "tn" : 1756458169333555471,
      "q" : "1.372",
      "p" : "127.403",
      "s" : "sell",
      "i" : "GNO_USD",
      "m" : "4611686018430531468"
    }, {
      "d" : "1756458169333552211",
      "t" : 1756458169333,
      "tn" : 1756458169333552211,
      "q" : "0.012",
      "p" : "127.716",
      "s" : "sell",
      "i" : "GNO_USD",
      "m" : "4611686018430531467"
    }, {
      "d" : "1756458169333550342",
      "t" : 1756458169333,
      "tn" : 1756458169333550342,
      "q" : "0.012",
      "p" : "127.754",
      "s" : "sell",
      "i" : "GNO_USD",
      "m" : "4611686018430531466"
    }, {
      "d" : "1756458169333547768",
      "t" : 1756458169333,
      "tn" : 1756458169333547768,
      "q" : "0.012",
      "p" : "127.792",
      "s" : "sell",
      "i" : "GNO_USD",
      "m" : "4611686018430531465"
    }, {
      "d" : "1756458169333545329",
      "t" : 1756458169333,
      "tn" : 1756458169333545329,
      "q" : "0.012",
      "p" : "127.830",
      "s" : "sell",
      "i" : "GNO_USD",
      "m" : "4611686018430531464"
    }, {
      "d" : "1756458169333542478",
      "t" : 1756458169333,
      "tn" : 1756458169333542478,
      "q" : "0.012",
      "p" : "127.868",
      "s" : "sell",
      "i" : "GNO_USD",
      "m" : "4611686018430531463"
    }, {
      "d" : "1756458160981704215",
      "t" : 1756458160981,
      "tn" : 1756458160981704215,
      "q" : "0.215",
      "p" : "127.403",
      "s" : "sell",
      "i" : "GNO_USD",
      "m" : "4611686018430531462"
    }, {
      "d" : "1756458157845742087",
      "t" : 1756458157845,
      "tn" : 1756458157845742087,
      "q" : "0.347",
      "p" : "127.478",
      "s" : "sell",
      "i" : "GNO_USD",
      "m" : "4611686018430531461"
    }, {
      "d" : "1756458157113085567",
      "t" : 1756458157113,
      "tn" : 1756458157113085567,
      "q" : "0.346",
      "p" : "127.554",
      "s" : "sell",
      "i" : "GNO_USD",
      "m" : "4611686018430531460"
    }, {
      "d" : "1756458157113083435",
      "t" : 1756458157113,
      "tn" : 1756458157113083435,
      "q" : "0.346",
      "p" : "127.631",
      "s" : "sell",
      "i" : "GNO_USD",
      "m" : "4611686018430531459"
    }, {
      "d" : "1756458156834579672",
      "t" : 1756458156834,
      "tn" : 1756458156834579672,
      "q" : "0.346",
      "p" : "127.708",
      "s" : "sell",
      "i" : "GNO_USD",
      "m" : "4611686018430531458"
    }, {
      "d" : "1756458156632725426",
      "t" : 1756458156632,
      "tn" : 1756458156632725426,
      "q" : "0.346",
      "p" : "127.784",
      "s" : "sell",
      "i" : "GNO_USD",
      "m" : "4611686018430531457"
    }, {
      "d" : "1756458156632723066",
      "t" : 1756458156632,
      "tn" : 1756458156632723066,
      "q" : "0.346",
      "p" : "127.861",
      "s" : "sell",
      "i" : "GNO_USD",
      "m" : "4611686018430531456"
    }, {
      "d" : "1756458156423805542",
      "t" : 1756458156423,
      "tn" : 1756458156423805542,
      "q" : "0.012",
      "p" : "127.906",
      "s" : "sell",
      "i" : "GNO_USD",
      "m" : "4611686018430531455"
    }, {
      "d" : "1756458156423803569",
      "t" : 1756458156423,
      "tn" : 1756458156423803569,
      "q" : "0.345",
      "p" : "127.937",
      "s" : "sell",
      "i" : "GNO_USD",
      "m" : "4611686018430531454"
    }, {
      "d" : "1756458156303869375",
      "t" : 1756458156303,
      "tn" : 1756458156303869375,
      "q" : "0.012",
      "p" : "127.944",
      "s" : "sell",
      "i" : "GNO_USD",
      "m" : "4611686018430531453"
    }, {
      "d" : "1756458156303867435",
      "t" : 1756458156303,
      "tn" : 1756458156303867435,
      "q" : "0.012",
      "p" : "127.982",
      "s" : "sell",
      "i" : "GNO_USD",
      "m" : "4611686018430531452"
    }, {
      "d" : "1756458156211722312",
      "t" : 1756458156211,
      "tn" : 1756458156211722312,
      "q" : "0.345",
      "p" : "128.013",
      "s" : "sell",
      "i" : "GNO_USD",
      "m" : "4611686018430531451"
    }, {
      "d" : "1756458156209075692",
      "t" : 1756458156209,
      "tn" : 1756458156209075692,
      "q" : "0.012",
      "p" : "128.020",
      "s" : "sell",
      "i" : "GNO_USD",
      "m" : "4611686018430531450"
    }, {
      "d" : "1756458156209073477",
      "t" : 1756458156209,
      "tn" : 1756458156209073477,
      "q" : "0.012",
      "p" : "128.058",
      "s" : "sell",
      "i" : "GNO_USD",
      "m" : "4611686018430531449"
    }, {
      "d" : "1756458007619201924",
      "t" : 1756458007619,
      "tn" : 1756458007619201924,
      "q" : "0.345",
      "p" : "128.089",
      "s" : "sell",
      "i" : "GNO_USD",
      "m" : "4611686018430531448"
    }, {
      "d" : "1756458007619200247",
      "t" : 1756458007619,
      "tn" : 1756458007619200247,
      "q" : "0.012",
      "p" : "128.096",
      "s" : "sell",
      "i" : "GNO_USD",
      "m" : "4611686018430531447"
    }, {
      "d" : "1756458007619197487",
      "t" : 1756458007619,
      "tn" : 1756458007619197487,
      "q" : "0.345",
      "p" : "128.106",
      "s" : "sell",
      "i" : "GNO_USD",
      "m" : "4611686018430531446"
    }, {
      "d" : "1756458007619194744",
      "t" : 1756458007619,
      "tn" : 1756458007619194744,
      "q" : "0.012",
      "p" : "128.134",
      "s" : "sell",
      "i" : "GNO_USD",
      "m" : "4611686018430531445"
    }, {
      "d" : "1756457634880871459",
      "t" : 1756457634880,
      "tn" : 1756457634880871459,
      "q" : "0.012",
      "p" : "128.172",
      "s" : "sell",
      "i" : "GNO_USD",
      "m" : "4611686018430531444"
    }, {
      "d" : "1756457634880869072",
      "t" : 1756457634880,
      "tn" : 1756457634880869072,
      "q" : "0.345",
      "p" : "128.183",
      "s" : "sell",
      "i" : "GNO_USD",
      "m" : "4611686018430531443"
    }, {
      "d" : "1756457583744420876",
      "t" : 1756457583744,
      "tn" : 1756457583744420876,
      "q" : "0.012",
      "p" : "128.210",
      "s" : "sell",
      "i" : "GNO_USD",
      "m" : "4611686018430531442"
    }, {
      "d" : "1756457583744419272",
      "t" : 1756457583744,
      "tn" : 1756457583744419272,
      "q" : "0.012",
      "p" : "128.248",
      "s" : "sell",
      "i" : "GNO_USD",
      "m" : "4611686018430531441"
    }, {
      "d" : "1756457583744416092",
      "t" : 1756457583744,
      "tn" : 1756457583744416092,
      "q" : "0.344",
      "p" : "128.259",
      "s" : "sell",
      "i" : "GNO_USD",
      "m" : "4611686018430531440"
    }, {
      "d" : "1756457583744413210",
      "t" : 1756457583744,
      "tn" : 1756457583744413210,
      "q" : "0.012",
      "p" : "128.286",
      "s" : "sell",
      "i" : "GNO_USD",
      "m" : "4611686018430531439"
    }, {
      "d" : "1756457583744410954",
      "t" : 1756457583744,
      "tn" : 1756457583744410954,
      "q" : "0.012",
      "p" : "128.324",
      "s" : "sell",
      "i" : "GNO_USD",
      "m" : "4611686018430531438"
    }, {
      "d" : "1756457583744408043",
      "t" : 1756457583744,
      "tn" : 1756457583744408043,
      "q" : "0.343",
      "p" : "128.336",
      "s" : "sell",
      "i" : "GNO_USD",
      "m" : "4611686018430531437"
    }, {
      "d" : "1756457521470441136",
      "t" : 1756457521470,
      "tn" : 1756457521470441136,
      "q" : "0.012",
      "p" : "128.362",
      "s" : "sell",
      "i" : "GNO_USD",
      "m" : "4611686018430531436"
    }, {
      "d" : "1756457201803881523",
      "t" : 1756457201803,
      "tn" : 1756457201803881523,
      "q" : "0.343",
      "p" : "128.411",
      "s" : "buy",
      "i" : "GNO_USD",
      "m" : "4611686018430531435"
    }, {
      "d" : "1756457191832970194",
      "t" : 1756457191832,
      "tn" : 1756457191832970194,
      "q" : "0.012",
      "p" : "128.401",
      "s" : "buy",
      "i" : "GNO_USD",
      "m" : "4611686018430531434"
    }, {
      "d" : "1756457191832967312",
      "t" : 1756457191832,
      "tn" : 1756457191832967312,
      "q" : "0.012",
      "p" : "128.362",
      "s" : "buy",
      "i" : "GNO_USD",
      "m" : "4611686018430531433"
    }, {
      "d" : "1756457182338921453",
      "t" : 1756457182338,
      "tn" : 1756457182338921453,
      "q" : "0.012",
      "p" : "128.324",
      "s" : "buy",
      "i" : "GNO_USD",
      "m" : "4611686018430531432"
    }, {
      "d" : "1756457047993285815",
      "t" : 1756457047993,
      "tn" : 1756457047993285815,
      "q" : "0.012",
      "p" : "128.286",
      "s" : "sell",
      "i" : "GNO_USD",
      "m" : "4611686018430531431"
    }, {
      "d" : "1756457047993282633",
      "t" : 1756457047993,
      "tn" : 1756457047993282633,
      "q" : "0.012",
      "p" : "128.324",
      "s" : "sell",
      "i" : "GNO_USD",
      "m" : "4611686018430531430"
    }, {
      "d" : "1756456980637073727",
      "t" : 1756456980637,
      "tn" : 1756456980637073727,
      "q" : "0.344",
      "p" : "128.336",
      "s" : "sell",
      "i" : "GNO_USD",
      "m" : "4611686018430531429"
    }, {
      "d" : "1756456980637071226",
      "t" : 1756456980637,
      "tn" : 1756456980637071226,
      "q" : "0.012",
      "p" : "128.362",
      "s" : "sell",
      "i" : "GNO_USD",
      "m" : "4611686018430531428"
    }, {
      "d" : "1756456894556011778",
      "t" : 1756456894556,
      "tn" : 1756456894556011778,
      "q" : "0.012",
      "p" : "128.401",
      "s" : "sell",
      "i" : "GNO_USD",
      "m" : "4611686018430531427"
    }, {
      "d" : "1756456894556009480",
      "t" : 1756456894556,
      "tn" : 1756456894556009480,
      "q" : "0.344",
      "p" : "128.411",
      "s" : "sell",
      "i" : "GNO_USD",
      "m" : "4611686018430531426"
    }, {
      "d" : "1756456891005113630",
      "t" : 1756456891005,
      "tn" : 1756456891005113630,
      "q" : "0.012",
      "p" : "128.440",
      "s" : "sell",
      "i" : "GNO_USD",
      "m" : "4611686018430531425"
    }, {
      "d" : "1756456891005111376",
      "t" : 1756456891005,
      "tn" : 1756456891005111376,
      "q" : "0.012",
      "p" : "128.479",
      "s" : "sell",
      "i" : "GNO_USD",
      "m" : "4611686018430531424"
    }, {
      "d" : "1756456712333065984",
      "t" : 1756456712333,
      "tn" : 1756456712333065984,
      "q" : "0.344",
      "p" : "128.486",
      "s" : "sell",
      "i" : "GNO_USD",
      "m" : "4611686018430531423"
    }, {
      "d" : "1756456712333063532",
      "t" : 1756456712333,
      "tn" : 1756456712333063532,
      "q" : "0.012",
      "p" : "128.518",
      "s" : "sell",
      "i" : "GNO_USD",
      "m" : "4611686018430531422"
    }, {
      "d" : "1756456581964807445",
      "t" : 1756456581964,
      "tn" : 1756456581964807445,
      "q" : "0.012",
      "p" : "128.557",
      "s" : "sell",
      "i" : "GNO_USD",
      "m" : "4611686018430531421"
    }, {
      "d" : "1756456581964805056",
      "t" : 1756456581964,
      "tn" : 1756456581964805056,
      "q" : "0.344",
      "p" : "128.563",
      "s" : "sell",
      "i" : "GNO_USD",
      "m" : "4611686018430531420"
    }, {
      "d" : "1756456562345696337",
      "t" : 1756456562345,
      "tn" : 1756456562345696337,
      "q" : "0.012",
      "p" : "128.595",
      "s" : "sell",
      "i" : "GNO_USD",
      "m" : "4611686018430531419"
    }, {
      "d" : "1756456562345693695",
      "t" : 1756456562345,
      "tn" : 1756456562345693695,
      "q" : "0.012",
      "p" : "128.633",
      "s" : "sell",
      "i" : "GNO_USD",
      "m" : "4611686018430531418"
    }, {
      "d" : "1756456342904129272",
      "t" : 1756456342904,
      "tn" : 1756456342904129272,
      "q" : "0.343",
      "p" : "128.640",
      "s" : "sell",
      "i" : "GNO_USD",
      "m" : "4611686018430531417"
    }, {
      "d" : "1756456342904126848",
      "t" : 1756456342904,
      "tn" : 1756456342904126848,
      "q" : "0.012",
      "p" : "128.671",
      "s" : "sell",
      "i" : "GNO_USD",
      "m" : "4611686018430531416"
    }, {
      "d" : "1756456117834262113",
      "t" : 1756456117834,
      "tn" : 1756456117834262113,
      "q" : "0.012",
      "p" : "128.709",
      "s" : "sell",
      "i" : "GNO_USD",
      "m" : "4611686018430531415"
    }, {
      "d" : "1756456117834259650",
      "t" : 1756456117834,
      "tn" : 1756456117834259650,
      "q" : "0.343",
      "p" : "128.717",
      "s" : "sell",
      "i" : "GNO_USD",
      "m" : "4611686018430531414"
    }, {
      "d" : "1756455965235796226",
      "t" : 1756455965235,
      "tn" : 1756455965235796226,
      "q" : "0.012",
      "p" : "128.748",
      "s" : "sell",
      "i" : "GNO_USD",
      "m" : "4611686018430531413"
    }, {
      "d" : "1756455965235793094",
      "t" : 1756455965235,
      "tn" : 1756455965235793094,
      "q" : "0.010",
      "p" : "128.787",
      "s" : "sell",
      "i" : "GNO_USD",
      "m" : "4611686018430531412"
    }, {
      "d" : "1756455747040755451",
      "t" : 1756455747040,
      "tn" : 1756455747040755451,
      "q" : "0.002",
      "p" : "128.787",
      "s" : "sell",
      "i" : "GNO_USD",
      "m" : "4611686018430531411"
    }, {
      "d" : "1756455747040753744",
      "t" : 1756455747040,
      "tn" : 1756455747040753744,
      "q" : "0.273",
      "p" : "128.794",
      "s" : "sell",
      "i" : "GNO_USD",
      "m" : "4611686018430531410"
    }, {
      "d" : "1756455746737252849",
      "t" : 1756455746737,
      "tn" : 1756455746737252849,
      "q" : "0.070",
      "p" : "128.794",
      "s" : "sell",
      "i" : "GNO_USD",
      "m" : "4611686018430531409"
    }, {
      "d" : "1756455746737250886",
      "t" : 1756455746737,
      "tn" : 1756455746737250886,
      "q" : "0.012",
      "p" : "128.826",
      "s" : "sell",
      "i" : "GNO_USD",
      "m" : "4611686018430531408"
    }, {
      "d" : "1756455731333444931",
      "t" : 1756455731333,
      "tn" : 1756455731333444931,
      "q" : "0.012",
      "p" : "128.865",
      "s" : "sell",
      "i" : "GNO_USD",
      "m" : "4611686018430531407"
    }, {
      "d" : "1756455731333442974",
      "t" : 1756455731333,
      "tn" : 1756455731333442974,
      "q" : "0.343",
      "p" : "128.871",
      "s" : "sell",
      "i" : "GNO_USD",
      "m" : "4611686018430531406"
    }, {
      "d" : "1756455731333440009",
      "t" : 1756455731333,
      "tn" : 1756455731333440009,
      "q" : "0.012",
      "p" : "128.904",
      "s" : "sell",
      "i" : "GNO_USD",
      "m" : "4611686018430531405"
    }, {
      "d" : "1756455633334567324",
      "t" : 1756455633334,
      "tn" : 1756455633334567324,
      "q" : "0.012",
      "p" : "128.943",
      "s" : "sell",
      "i" : "GNO_USD",
      "m" : "4611686018430531404"
    }, {
      "d" : "1756455633334565356",
      "t" : 1756455633334,
      "tn" : 1756455633334565356,
      "q" : "0.343",
      "p" : "128.948",
      "s" : "sell",
      "i" : "GNO_USD",
      "m" : "4611686018430531403"
    }, {
      "d" : "1756455633334562407",
      "t" : 1756455633334,
      "tn" : 1756455633334562407,
      "q" : "0.012",
      "p" : "128.981",
      "s" : "sell",
      "i" : "GNO_USD",
      "m" : "4611686018430531402"
    }, {
      "d" : "1756452409827251089",
      "t" : 1756452409827,
      "tn" : 1756452409827251089,
      "q" : "0.012",
      "p" : "129.019",
      "s" : "sell",
      "i" : "GNO_USD",
      "m" : "4611686018430531401"
    }, {
      "d" : "1756452409827248215",
      "t" : 1756452409827,
      "tn" : 1756452409827248215,
      "q" : "0.342",
      "p" : "129.024",
      "s" : "sell",
      "i" : "GNO_USD",
      "m" : "4611686018430531400"
    }, {
      "d" : "1756452409827245024",
      "t" : 1756452409827,
      "tn" : 1756452409827245024,
      "q" : "0.012",
      "p" : "129.058",
      "s" : "sell",
      "i" : "GNO_USD",
      "m" : "4611686018430531399"
    }, {
      "d" : "1756452156945726111",
      "t" : 1756452156945,
      "tn" : 1756452156945726111,
      "q" : "0.012",
      "p" : "129.096",
      "s" : "sell",
      "i" : "GNO_USD",
      "m" : "4611686018430531398"
    }, {
      "d" : "1756452156945723723",
      "t" : 1756452156945,
      "tn" : 1756452156945723723,
      "q" : "0.012",
      "p" : "129.135",
      "s" : "sell",
      "i" : "GNO_USD",
      "m" : "4611686018430531397"
    }, {
      "d" : "1756451690855380829",
      "t" : 1756451690855,
      "tn" : 1756451690855380829,
      "q" : "0.012",
      "p" : "129.174",
      "s" : "sell",
      "i" : "GNO_USD",
      "m" : "4611686018430531396"
    }, {
      "d" : "1756451690855379000",
      "t" : 1756451690855,
      "tn" : 1756451690855379000,
      "q" : "0.012",
      "p" : "129.213",
      "s" : "sell",
      "i" : "GNO_USD",
      "m" : "4611686018430531395"
    }, {
      "d" : "1756451678942738542",
      "t" : 1756451678942,
      "tn" : 1756451678942738542,
      "q" : "0.342",
      "p" : "129.101",
      "s" : "sell",
      "i" : "GNO_USD",
      "m" : "4611686018430531394"
    }, {
      "d" : "1756451678889181064",
      "t" : 1756451678889,
      "tn" : 1756451678889181064,
      "q" : "0.342",
      "p" : "129.178",
      "s" : "sell",
      "i" : "GNO_USD",
      "m" : "4611686018430531393"
    }, {
      "d" : "1756451678889178991",
      "t" : 1756451678889,
      "tn" : 1756451678889178991,
      "q" : "0.012",
      "p" : "129.252",
      "s" : "sell",
      "i" : "GNO_USD",
      "m" : "4611686018430531392"
    }, {
      "d" : "1756451678889176565",
      "t" : 1756451678889,
      "tn" : 1756451678889176565,
      "q" : "0.342",
      "p" : "129.255",
      "s" : "sell",
      "i" : "GNO_USD",
      "m" : "4611686018430531391"
    }, {
      "d" : "1756451678889174306",
      "t" : 1756451678889,
      "tn" : 1756451678889174306,
      "q" : "0.012",
      "p" : "129.291",
      "s" : "sell",
      "i" : "GNO_USD",
      "m" : "4611686018430531390"
    }, {
      "d" : "1756451678889171968",
      "t" : 1756451678889,
      "tn" : 1756451678889171968,
      "q" : "0.012",
      "p" : "129.330",
      "s" : "sell",
      "i" : "GNO_USD",
      "m" : "4611686018430531389"
    }, {
      "d" : "1756451678889169581",
      "t" : 1756451678889,
      "tn" : 1756451678889169581,
      "q" : "0.342",
      "p" : "129.332",
      "s" : "sell",
      "i" : "GNO_USD",
      "m" : "4611686018430531388"
    }, {
      "d" : "1756451678889167148",
      "t" : 1756451678889,
      "tn" : 1756451678889167148,
      "q" : "0.012",
      "p" : "129.368",
      "s" : "sell",
      "i" : "GNO_USD",
      "m" : "4611686018430531387"
    }, {
      "d" : "1756451678889164315",
      "t" : 1756451678889,
      "tn" : 1756451678889164315,
      "q" : "0.012",
      "p" : "129.407",
      "s" : "sell",
      "i" : "GNO_USD",
      "m" : "4611686018430531386"
    }, {
      "d" : "1756451664172956976",
      "t" : 1756451664172,
      "tn" : 1756451664172956976,
      "q" : "0.341",
      "p" : "129.410",
      "s" : "sell",
      "i" : "GNO_USD",
      "m" : "4611686018430531385"
    }, {
      "d" : "1756451664171150328",
      "t" : 1756451664171,
      "tn" : 1756451664171150328,
      "q" : "0.012",
      "p" : "129.446",
      "s" : "sell",
      "i" : "GNO_USD",
      "m" : "4611686018430531384"
    }, {
      "d" : "1756451664171148160",
      "t" : 1756451664171,
      "tn" : 1756451664171148160,
      "q" : "0.012",
      "p" : "129.484",
      "s" : "sell",
      "i" : "GNO_USD",
      "m" : "4611686018430531383"
    }, {
      "d" : "1756451642149486374",
      "t" : 1756451642149,
      "tn" : 1756451642149486374,
      "q" : "0.012",
      "p" : "129.523",
      "s" : "sell",
      "i" : "GNO_USD",
      "m" : "4611686018430531382"
    }, {
      "d" : "1756451642149485112",
      "t" : 1756451642149,
      "tn" : 1756451642149485112,
      "q" : "0.012",
      "p" : "129.562",
      "s" : "sell",
      "i" : "GNO_USD",
      "m" : "4611686018430531381"
    }, {
      "d" : "1756451641944275400",
      "t" : 1756451641944,
      "tn" : 1756451641944275400,
      "q" : "0.012",
      "p" : "129.601",
      "s" : "sell",
      "i" : "GNO_USD",
      "m" : "4611686018430531380"
    }, {
      "d" : "1756451641944273072",
      "t" : 1756451641944,
      "tn" : 1756451641944273072,
      "q" : "0.012",
      "p" : "129.640",
      "s" : "sell",
      "i" : "GNO_USD",
      "m" : "4611686018430531379"
    }, {
      "d" : "1756451630076102783",
      "t" : 1756451630076,
      "tn" : 1756451630076102783,
      "q" : "0.012",
      "p" : "129.679",
      "s" : "sell",
      "i" : "GNO_USD",
      "m" : "4611686018430531378"
    }, {
      "d" : "1756451630076100665",
      "t" : 1756451630076,
      "tn" : 1756451630076100665,
      "q" : "0.012",
      "p" : "129.718",
      "s" : "sell",
      "i" : "GNO_USD",
      "m" : "4611686018430531377"
    }, {
      "d" : "1756451629880744020",
      "t" : 1756451629880,
      "tn" : 1756451629880744020,
      "q" : "0.012",
      "p" : "129.757",
      "s" : "sell",
      "i" : "GNO_USD",
      "m" : "4611686018430531376"
    }, {
      "d" : "1756451629880741818",
      "t" : 1756451629880,
      "tn" : 1756451629880741818,
      "q" : "0.012",
      "p" : "129.796",
      "s" : "sell",
      "i" : "GNO_USD",
      "m" : "4611686018430531375"
    }, {
      "d" : "1756451624736102344",
      "t" : 1756451624736,
      "tn" : 1756451624736102344,
      "q" : "0.341",
      "p" : "129.487",
      "s" : "sell",
      "i" : "GNO_USD",
      "m" : "4611686018430531374"
    }, {
      "d" : "1756451624736099823",
      "t" : 1756451624736,
      "tn" : 1756451624736099823,
      "q" : "0.238",
      "p" : "129.488",
      "s" : "sell",
      "i" : "GNO_USD",
      "m" : "4611686018430531373"
    }, {
      "d" : "1756451617139780909",
      "t" : 1756451617139,
      "tn" : 1756451617139780909,
      "q" : "0.341",
      "p" : "129.563",
      "s" : "sell",
      "i" : "GNO_USD",
      "m" : "4611686018430531372"
    }, {
      "d" : "1756451617139778544",
      "t" : 1756451617139,
      "tn" : 1756451617139778544,
      "q" : "0.341",
      "p" : "129.640",
      "s" : "sell",
      "i" : "GNO_USD",
      "m" : "4611686018430531371"
    }, {
      "d" : "1756451617139776186",
      "t" : 1756451617139,
      "tn" : 1756451617139776186,
      "q" : "0.341",
      "p" : "129.718",
      "s" : "sell",
      "i" : "GNO_USD",
      "m" : "4611686018430531370"
    }, {
      "d" : "1756451617139773360",
      "t" : 1756451617139,
      "tn" : 1756451617139773360,
      "q" : "0.340",
      "p" : "129.796",
      "s" : "sell",
      "i" : "GNO_USD",
      "m" : "4611686018430531369"
    }, {
      "d" : "1756451617139770807",
      "t" : 1756451617139,
      "tn" : 1756451617139770807,
      "q" : "0.012",
      "p" : "129.835",
      "s" : "sell",
      "i" : "GNO_USD",
      "m" : "4611686018430531368"
    }, {
      "d" : "1756451617139767937",
      "t" : 1756451617139,
      "tn" : 1756451617139767936,
      "q" : "0.012",
      "p" : "129.873",
      "s" : "sell",
      "i" : "GNO_USD",
      "m" : "4611686018430531367"
    }, {
      "d" : "1756451617139767936",
      "t" : 1756451617139,
      "tn" : 1756451617139767936,
      "q" : "0.340",
      "p" : "129.873",
      "s" : "sell",
      "i" : "GNO_USD",
      "m" : "4611686018430531367"
    }, {
      "d" : "1756451617139764430",
      "t" : 1756451617139,
      "tn" : 1756451617139764430,
      "q" : "0.012",
      "p" : "129.912",
      "s" : "sell",
      "i" : "GNO_USD",
      "m" : "4611686018430531366"
    }, {
      "d" : "1756451617139761538",
      "t" : 1756451617139,
      "tn" : 1756451617139761538,
      "q" : "0.244",
      "p" : "129.951",
      "s" : "sell",
      "i" : "GNO_USD",
      "m" : "4611686018430531365"
    }, {
      "d" : "1756451617139121146",
      "t" : 1756451617139,
      "tn" : 1756451617139121145,
      "q" : "0.096",
      "p" : "129.951",
      "s" : "sell",
      "i" : "GNO_USD",
      "m" : "4611686018430531364"
    } ]
  }
}