{
  "id" : -1,
  "method" : "public/get-trades",
  "code" : 0,
  "result" : {
    "data" : [ {
      "d" : "1756455762845976978",
      "t" : 1756455762845,
      "tn" : 1756455762845976978,
      "q" : "140.94",
      "p" : "2.1657",
      "s" : "sell",
      "i" : "GNS_USD",
      "m" : "4611686018429435866"
    }, {
      "d" : "1756455339726917190",
      "t" : 1756455339726,
      "tn" : 1756455339726917190,
      "q" : "140.94",
      "p" : "2.1576",
      "s" : "buy",
      "i" : "GNS_USD",
      "m" : "4611686018429435865"
    }, {
      "d" : "1756452514517307441",
      "t" : 1756452514517,
      "tn" : 1756452514517307441,
      "q" : "313.54",
      "p" : "2.2083",
      "s" : "sell",
      "i" : "GNS_USD",
      "m" : "4611686018429435864"
    }, {
      "d" : "1756448355927768876",
      "t" : 1756448355927,
      "tn" : 1756448355927768876,
      "q" : "45.00",
      "p" : "2.2601",
      "s" : "sell",
      "i" : "GNS_USD",
      "m" : "4611686018429435863"
    }, {
      "d" : "1756447930214683947",
      "t" : 1756447930214,
      "tn" : 1756447930214683947,
      "q" : "27.98",
      "p" : "2.2733",
      "s" : "sell",
      "i" : "GNS_USD",
      "m" : "4611686018429435862"
    }, {
      "d" : "1756446749068407548",
      "t" : 1756446749068,
      "tn" : 1756446749068407548,
      "q" : "13.34",
      "p" : "2.2763",
      "s" : "sell",
      "i" : "GNS_USD",
      "m" : "4611686018429435861"
    }, {
      "d" : "1756445320053902417",
      "t" : 1756445320053,
      "tn" : 1756445320053902417,
      "q" : "41.32",
      "p" : "2.2836",
      "s" : "buy",
      "i" : "GNS_USD",
      "m" : "4611686018429435860"
    }, {
      "d" : "1756443312906999178",
      "t" : 1756443312906,
      "tn" : 1756443312906999178,
      "q" : "129.86",
      "p" : "2.2913",
      "s" : "sell",
      "i" : "GNS_USD",
      "m" : "4611686018429435859"
    }, {
      "d" : "1756438305819956112",
      "t" : 1756438305819,
      "tn" : 1756438305819956112,
      "q" : "11.08",
      "p" : "2.2853",
      "s" : "sell",
      "i" : "GNS_USD",
      "m" : "4611686018429435858"
    }, {
      "d" : "1756438128023636891",
      "t" : 1756438128023,
      "tn" : 1756438128023636891,
      "q" : "11.08",
      "p" : "2.2958",
      "s" : "buy",
      "i" : "GNS_USD",
      "m" : "4611686018429435857"
    }, {
      "d" : "1756437206794166408",
      "t" : 1756437206794,
      "tn" : 1756437206794166408,
      "q" : "11.08",
      "p" : "2.2923",
      "s" : "sell",
      "i" : "GNS_USD",
      "m" : "4611686018429435856"
    }, {
      "d" : "1756436121010724736",
      "t" : 1756436121010,
      "tn" : 1756436121010724736,
      "q" : "102.48",
      "p" : "2.2752",
      "s" : "buy",
      "i" : "GNS_USD",
      "m" : "4611686018429435855"
    }, {
      "d" : "1756427967431895254",
      "t" : 1756427967431,
      "tn" : 1756427967431895254,
      "q" : "12.02",
      "p" : "2.2645",
      "s" : "sell",
      "i" : "GNS_USD",
      "m" : "4611686018429435854"
    }, {
      "d" : "1756426790057826543",
      "t" : 1756426790057,
      "tn" : 1756426790057826543,
      "q" : "50.49",
      "p" : "2.2787",
      "s" : "buy",
      "i" : "GNS_USD",
      "m" : "4611686018429435853"
    }, {
      "d" : "1756400099974116499",
      "t" : 1756400099974,
      "tn" : 1756400099974116499,
      "q" : "100.10",
      "p" : "2.2503",
      "s" : "sell",
      "i" : "GNS_USD",
      "m" : "4611686018429435852"
    }, {
      "d" : "1756396072275377483",
      "t" : 1756396072275,
      "tn" : 1756396072275377483,
      "q" : "368.84",
      "p" : "2.2590",
      "s" : "sell",
      "i" : "GNS_USD",
      "m" : "4611686018429435851"
    }, {
      "d" : "1756396072275372230",
      "t" : 1756396072275,
      "tn" : 1756396072275372230,
      "q" : "313.54",
      "p" : "2.2592",
      "s" : "sell",
      "i" : "GNS_USD",
      "m" : "4611686018429435850"
    }, {
      "d" : "1756391864514045678",
      "t" : 1756391864514,
      "tn" : 1756391864514045678,
      "q" : "45.83",
      "p" : "2.2840",
      "s" : "sell",
      "i" : "GNS_USD",
      "m" : "4611686018429435849"
    }, {
      "d" : "1756388969227588199",
      "t" : 1756388969227,
      "tn" : 1756388969227588199,
      "q" : "370.29",
      "p" : "2.2779",
      "s" : "sell",
      "i" : "GNS_USD",
      "m" : "4611686018429435848"
    }, {
      "d" : "1756388964754526146",
      "t" : 1756388964754,
      "tn" : 1756388964754526146,
      "q" : "26.79",
      "p" : "2.2839",
      "s" : "buy",
      "i" : "GNS_USD",
      "m" : "4611686018429435847"
    }, {
      "d" : "1756388964740323045",
      "t" : 1756388964740,
      "tn" : 1756388964740323045,
      "q" : "39.41",
      "p" : "2.2839",
      "s" : "buy",
      "i" : "GNS_USD",
      "m" : "4611686018429435846"
    }, {
      "d" : "1756388964723162174",
      "t" : 1756388964723,
      "tn" : 1756388964723162174,
      "q" : "39.41",
      "p" : "2.2839",
      "s" : "buy",
      "i" : "GNS_USD",
      "m" : "4611686018429435845"
    }, {
      "d" : "1756388964718298677",
      "t" : 1756388964718,
      "tn" : 1756388964718298677,
      "q" : "313.54",
      "p" : "2.2839",
      "s" : "sell",
      "i" : "GNS_USD",
      "m" : "4611686018429435844"
    }, {
      "d" : "1756388960216360389",
      "t" : 1756388960216,
      "tn" : 1756388960216360389,
      "q" : "13.14",
      "p" : "2.2839",
      "s" : "buy",
      "i" : "GNS_USD",
      "m" : "4611686018429435843"
    }, {
      "d" : "1756388960196318427",
      "t" : 1756388960196,
      "tn" : 1756388960196318427,
      "q" : "39.41",
      "p" : "2.2839",
      "s" : "buy",
      "i" : "GNS_USD",
      "m" : "4611686018429435842"
    }, {
      "d" : "1756388960180565010",
      "t" : 1756388960180,
      "tn" : 1756388960180565010,
      "q" : "39.40",
      "p" : "2.2839",
      "s" : "buy",
      "i" : "GNS_USD",
      "m" : "4611686018429435841"
    }, {
      "d" : "1756388960162529754",
      "t" : 1756388960162,
      "tn" : 1756388960162529754,
      "q" : "39.41",
      "p" : "2.2839",
      "s" : "buy",
      "i" : "GNS_USD",
      "m" : "4611686018429435840"
    }, {
      "d" : "1756388960145228198",
      "t" : 1756388960145,
      "tn" : 1756388960145228198,
      "q" : "39.41",
      "p" : "2.2839",
      "s" : "buy",
      "i" : "GNS_USD",
      "m" : "4611686018429435839"
    }, {
      "d" : "1756388960133069773",
      "t" : 1756388960133,
      "tn" : 1756388960133069773,
      "q" : "313.54",
      "p" : "2.2839",
      "s" : "sell",
      "i" : "GNS_USD",
      "m" : "4611686018429435838"
    }, {
      "d" : "1756388956452538812",
      "t" : 1756388956452,
      "tn" : 1756388956452538812,
      "q" : "39.37",
      "p" : "2.2860",
      "s" : "buy",
      "i" : "GNS_USD",
      "m" : "4611686018429435837"
    }, {
      "d" : "1756388956409343451",
      "t" : 1756388956409,
      "tn" : 1756388956409343451,
      "q" : "26.59",
      "p" : "2.2860",
      "s" : "buy",
      "i" : "GNS_USD",
      "m" : "4611686018429435836"
    }, {
      "d" : "1756388956394403196",
      "t" : 1756388956394,
      "tn" : 1756388956394403196,
      "q" : "39.37",
      "p" : "2.2860",
      "s" : "buy",
      "i" : "GNS_USD",
      "m" : "4611686018429435835"
    }, {
      "d" : "1756388956380392607",
      "t" : 1756388956380,
      "tn" : 1756388956380392607,
      "q" : "156.21",
      "p" : "2.2860",
      "s" : "buy",
      "i" : "GNS_USD",
      "m" : "4611686018429435834"
    }, {
      "d" : "1756388956377364292",
      "t" : 1756388956377,
      "tn" : 1756388956377364292,
      "q" : "39.37",
      "p" : "2.2860",
      "s" : "buy",
      "i" : "GNS_USD",
      "m" : "4611686018429435833"
    }, {
      "d" : "1756388956371458281",
      "t" : 1756388956371,
      "tn" : 1756388956371458281,
      "q" : "78.26",
      "p" : "2.2860",
      "s" : "sell",
      "i" : "GNS_USD",
      "m" : "4611686018429435832"
    }, {
      "d" : "1756388753270259297",
      "t" : 1756388753270,
      "tn" : 1756388753270259297,
      "q" : "54.55",
      "p" : "2.2920",
      "s" : "sell",
      "i" : "GNS_USD",
      "m" : "4611686018429435831"
    }, {
      "d" : "1756388717465689377",
      "t" : 1756388717465,
      "tn" : 1756388717465689377,
      "q" : "8.13",
      "p" : "2.2920",
      "s" : "sell",
      "i" : "GNS_USD",
      "m" : "4611686018429435830"
    }, {
      "d" : "1756375094505946950",
      "t" : 1756375094505,
      "tn" : 1756375094505946950,
      "q" : "44.90",
      "p" : "2.2931",
      "s" : "buy",
      "i" : "GNS_USD",
      "m" : "4611686018429435829"
    } ]
  }
}