{
  "id" : -1,
  "method" : "public/get-trades",
  "code" : 0,
  "result" : {
    "data" : [ {
      "d" : "1756455971236208379",
      "t" : 1756455971236,
      "tn" : 1756455971236208379,
      "q" : "14",
      "p" : "0.08374",
      "s" : "buy",
      "i" : "GOAT_USDT",
      "m" : "4611686018427663121"
    }, {
      "d" : "1756455971131066123",
      "t" : 1756455971131,
      "tn" : 1756455971131066123,
      "q" : "14",
      "p" : "0.08374",
      "s" : "buy",
      "i" : "GOAT_USDT",
      "m" : "4611686018427663120"
    }, {
      "d" : "1756455971035886820",
      "t" : 1756455971035,
      "tn" : 1756455971035886820,
      "q" : "14",
      "p" : "0.08374",
      "s" : "buy",
      "i" : "GOAT_USDT",
      "m" : "4611686018427663119"
    }, {
      "d" : "1756455971002766217",
      "t" : 1756455971002,
      "tn" : 1756455971002766217,
      "q" : "14",
      "p" : "0.08374",
      "s" : "buy",
      "i" : "GOAT_USDT",
      "m" : "4611686018427663118"
    }, {
      "d" : "1756455970956625945",
      "t" : 1756455970956,
      "tn" : 1756455970956625945,
      "q" : "14",
      "p" : "0.08374",
      "s" : "buy",
      "i" : "GOAT_USDT",
      "m" : "4611686018427663117"
    }, {
      "d" : "1756455970941771211",
      "t" : 1756455970941,
      "tn" : 1756455970941771211,
      "q" : "14",
      "p" : "0.08374",
      "s" : "buy",
      "i" : "GOAT_USDT",
      "m" : "4611686018427663116"
    }, {
      "d" : "1756455966294607525",
      "t" : 1756455966294,
      "tn" : 1756455966294607525,
      "q" : "14",
      "p" : "0.08374",
      "s" : "buy",
      "i" : "GOAT_USDT",
      "m" : "4611686018427663115"
    }, {
      "d" : "1756455966269795836",
      "t" : 1756455966269,
      "tn" : 1756455966269795836,
      "q" : "14",
      "p" : "0.08374",
      "s" : "buy",
      "i" : "GOAT_USDT",
      "m" : "4611686018427663114"
    }, {
      "d" : "1756445966013200733",
      "t" : 1756445966013,
      "tn" : 1756445966013200733,
      "q" : "100",
      "p" : "0.08798",
      "s" : "buy",
      "i" : "GOAT_USDT",
      "m" : "4611686018427663113"
    }, {
      "d" : "1756445965922726143",
      "t" : 1756445965922,
      "tn" : 1756445965922726143,
      "q" : "14",
      "p" : "0.08798",
      "s" : "buy",
      "i" : "GOAT_USDT",
      "m" : "4611686018427663112"
    }, {
      "d" : "1756441755700654050",
      "t" : 1756441755700,
      "tn" : 1756441755700654050,
      "q" : "14",
      "p" : "0.08895",
      "s" : "sell",
      "i" : "GOAT_USDT",
      "m" : "4611686018427663111"
    }, {
      "d" : "1756441591524585143",
      "t" : 1756441591524,
      "tn" : 1756441591524585143,
      "q" : "14",
      "p" : "0.08880",
      "s" : "sell",
      "i" : "GOAT_USDT",
      "m" : "4611686018427663110"
    }, {
      "d" : "1756439224242299620",
      "t" : 1756439224242,
      "tn" : 1756439224242299620,
      "q" : "14",
      "p" : "0.08799",
      "s" : "buy",
      "i" : "GOAT_USDT",
      "m" : "4611686018427663109"
    }, {
      "d" : "1756438672688911199",
      "t" : 1756438672688,
      "tn" : 1756438672688911199,
      "q" : "784",
      "p" : "0.08827",
      "s" : "buy",
      "i" : "GOAT_USDT",
      "m" : "4611686018427663108"
    }, {
      "d" : "1756438461609390139",
      "t" : 1756438461609,
      "tn" : 1756438461609390139,
      "q" : "14",
      "p" : "0.08792",
      "s" : "buy",
      "i" : "GOAT_USDT",
      "m" : "4611686018427663107"
    }, {
      "d" : "1756436856389021822",
      "t" : 1756436856389,
      "tn" : 1756436856389021822,
      "q" : "8",
      "p" : "0.08827",
      "s" : "buy",
      "i" : "GOAT_USDT",
      "m" : "4611686018427663106"
    }, {
      "d" : "1756436856389020129",
      "t" : 1756436856389,
      "tn" : 1756436856389020129,
      "q" : "14",
      "p" : "0.08825",
      "s" : "buy",
      "i" : "GOAT_USDT",
      "m" : "4611686018427663105"
    }, {
      "d" : "1756434966037233332",
      "t" : 1756434966037,
      "tn" : 1756434966037233332,
      "q" : "14",
      "p" : "0.08825",
      "s" : "buy",
      "i" : "GOAT_USDT",
      "m" : "4611686018427663104"
    }, {
      "d" : "1756433607272453286",
      "t" : 1756433607272,
      "tn" : 1756433607272453286,
      "q" : "457",
      "p" : "0.08823",
      "s" : "buy",
      "i" : "GOAT_USDT",
      "m" : "4611686018427663103"
    }, {
      "d" : "1756433607272451394",
      "t" : 1756433607272,
      "tn" : 1756433607272451394,
      "q" : "114",
      "p" : "0.08822",
      "s" : "buy",
      "i" : "GOAT_USDT",
      "m" : "4611686018427663102"
    }, {
      "d" : "1756433607272448445",
      "t" : 1756433607272,
      "tn" : 1756433607272448445,
      "q" : "14",
      "p" : "0.08820",
      "s" : "buy",
      "i" : "GOAT_USDT",
      "m" : "4611686018427663101"
    }, {
      "d" : "1756431075164387213",
      "t" : 1756431075164,
      "tn" : 1756431075164387213,
      "q" : "540",
      "p" : "0.08806",
      "s" : "buy",
      "i" : "GOAT_USDT",
      "m" : "4611686018427663100"
    }, {
      "d" : "1756426573439455534",
      "t" : 1756426573439,
      "tn" : 1756426573439455534,
      "q" : "1106",
      "p" : "0.08927",
      "s" : "buy",
      "i" : "GOAT_USDT",
      "m" : "4611686018427663099"
    }, {
      "d" : "1756426573439453973",
      "t" : 1756426573439,
      "tn" : 1756426573439453973,
      "q" : "113",
      "p" : "0.08925",
      "s" : "buy",
      "i" : "GOAT_USDT",
      "m" : "4611686018427663098"
    }, {
      "d" : "1756426573439450928",
      "t" : 1756426573439,
      "tn" : 1756426573439450928,
      "q" : "14",
      "p" : "0.08921",
      "s" : "buy",
      "i" : "GOAT_USDT",
      "m" : "4611686018427663097"
    }, {
      "d" : "1756426526461463580",
      "t" : 1756426526461,
      "tn" : 1756426526461463580,
      "q" : "14",
      "p" : "0.08904",
      "s" : "buy",
      "i" : "GOAT_USDT",
      "m" : "4611686018427663096"
    }, {
      "d" : "1756408102064105537",
      "t" : 1756408102064,
      "tn" : 1756408102064105537,
      "q" : "115",
      "p" : "0.08763",
      "s" : "buy",
      "i" : "GOAT_USDT",
      "m" : "4611686018427663095"
    }, {
      "d" : "1756400029762848687",
      "t" : 1756400029762,
      "tn" : 1756400029762848687,
      "q" : "14",
      "p" : "0.08720",
      "s" : "sell",
      "i" : "GOAT_USDT",
      "m" : "4611686018427663094"
    }, {
      "d" : "1756399990613329878",
      "t" : 1756399990613,
      "tn" : 1756399990613329878,
      "q" : "14",
      "p" : "0.08725",
      "s" : "sell",
      "i" : "GOAT_USDT",
      "m" : "4611686018427663093"
    }, {
      "d" : "1756389611412245294",
      "t" : 1756389611412,
      "tn" : 1756389611412245294,
      "q" : "14",
      "p" : "0.08763",
      "s" : "sell",
      "i" : "GOAT_USDT",
      "m" : "4611686018427663092"
    }, {
      "d" : "1756389600996685577",
      "t" : 1756389600996,
      "tn" : 1756389600996685577,
      "q" : "14",
      "p" : "0.08772",
      "s" : "sell",
      "i" : "GOAT_USDT",
      "m" : "4611686018427663091"
    }, {
      "d" : "1756389600673956818",
      "t" : 1756389600673,
      "tn" : 1756389600673956818,
      "q" : "14",
      "p" : "0.08766",
      "s" : "sell",
      "i" : "GOAT_USDT",
      "m" : "4611686018427663090"
    }, {
      "d" : "1756388714739979975",
      "t" : 1756388714739,
      "tn" : 1756388714739979975,
      "q" : "14",
      "p" : "0.08766",
      "s" : "sell",
      "i" : "GOAT_USDT",
      "m" : "4611686018427663089"
    }, {
      "d" : "1756388714639869689",
      "t" : 1756388714639,
      "tn" : 1756388714639869689,
      "q" : "14",
      "p" : "0.08766",
      "s" : "sell",
      "i" : "GOAT_USDT",
      "m" : "4611686018427663088"
    }, {
      "d" : "1756388714539590074",
      "t" : 1756388714539,
      "tn" : 1756388714539590074,
      "q" : "14",
      "p" : "0.08766",
      "s" : "sell",
      "i" : "GOAT_USDT",
      "m" : "4611686018427663087"
    }, {
      "d" : "1756388714299108369",
      "t" : 1756388714299,
      "tn" : 1756388714299108369,
      "q" : "14",
      "p" : "0.08766",
      "s" : "sell",
      "i" : "GOAT_USDT",
      "m" : "4611686018427663086"
    }, {
      "d" : "1756388714269088898",
      "t" : 1756388714269,
      "tn" : 1756388714269088898,
      "q" : "14",
      "p" : "0.08766",
      "s" : "sell",
      "i" : "GOAT_USDT",
      "m" : "4611686018427663085"
    }, {
      "d" : "1756388714259050580",
      "t" : 1756388714259,
      "tn" : 1756388714259050580,
      "q" : "14",
      "p" : "0.08766",
      "s" : "sell",
      "i" : "GOAT_USDT",
      "m" : "4611686018427663084"
    }, {
      "d" : "1756388714239042518",
      "t" : 1756388714239,
      "tn" : 1756388714239042518,
      "q" : "14",
      "p" : "0.08767",
      "s" : "sell",
      "i" : "GOAT_USDT",
      "m" : "4611686018427663083"
    }, {
      "d" : "1756388714229103388",
      "t" : 1756388714229,
      "tn" : 1756388714229103388,
      "q" : "14",
      "p" : "0.08767",
      "s" : "sell",
      "i" : "GOAT_USDT",
      "m" : "4611686018427663082"
    }, {
      "d" : "1756388714144358582",
      "t" : 1756388714144,
      "tn" : 1756388714144358582,
      "q" : "14",
      "p" : "0.08769",
      "s" : "sell",
      "i" : "GOAT_USDT",
      "m" : "4611686018427663081"
    }, {
      "d" : "1756388714038705851",
      "t" : 1756388714038,
      "tn" : 1756388714038705851,
      "q" : "14",
      "p" : "0.08769",
      "s" : "sell",
      "i" : "GOAT_USDT",
      "m" : "4611686018427663080"
    }, {
      "d" : "1756388713938545108",
      "t" : 1756388713938,
      "tn" : 1756388713938545108,
      "q" : "14",
      "p" : "0.08769",
      "s" : "sell",
      "i" : "GOAT_USDT",
      "m" : "4611686018427663079"
    }, {
      "d" : "1756388713842514444",
      "t" : 1756388713842,
      "tn" : 1756388713842514444,
      "q" : "14",
      "p" : "0.08769",
      "s" : "sell",
      "i" : "GOAT_USDT",
      "m" : "4611686018427663078"
    }, {
      "d" : "1756388713752354227",
      "t" : 1756388713752,
      "tn" : 1756388713752354227,
      "q" : "14",
      "p" : "0.08769",
      "s" : "sell",
      "i" : "GOAT_USDT",
      "m" : "4611686018427663077"
    }, {
      "d" : "1756388713742379854",
      "t" : 1756388713742,
      "tn" : 1756388713742379854,
      "q" : "14",
      "p" : "0.08769",
      "s" : "sell",
      "i" : "GOAT_USDT",
      "m" : "4611686018427663076"
    }, {
      "d" : "1756388713652258072",
      "t" : 1756388713652,
      "tn" : 1756388713652258072,
      "q" : "14",
      "p" : "0.08770",
      "s" : "sell",
      "i" : "GOAT_USDT",
      "m" : "4611686018427663075"
    }, {
      "d" : "1756388713637253459",
      "t" : 1756388713637,
      "tn" : 1756388713637253459,
      "q" : "14",
      "p" : "0.08769",
      "s" : "sell",
      "i" : "GOAT_USDT",
      "m" : "4611686018427663074"
    }, {
      "d" : "1756388713627306305",
      "t" : 1756388713627,
      "tn" : 1756388713627306305,
      "q" : "14",
      "p" : "0.08769",
      "s" : "sell",
      "i" : "GOAT_USDT",
      "m" : "4611686018427663073"
    }, {
      "d" : "1756388713536924321",
      "t" : 1756388713536,
      "tn" : 1756388713536924321,
      "q" : "14",
      "p" : "0.08769",
      "s" : "sell",
      "i" : "GOAT_USDT",
      "m" : "4611686018427663072"
    }, {
      "d" : "1756388713521922542",
      "t" : 1756388713521,
      "tn" : 1756388713521922542,
      "q" : "14",
      "p" : "0.08769",
      "s" : "sell",
      "i" : "GOAT_USDT",
      "m" : "4611686018427663071"
    }, {
      "d" : "1756388712945913056",
      "t" : 1756388712945,
      "tn" : 1756388712945913056,
      "q" : "14",
      "p" : "0.08768",
      "s" : "sell",
      "i" : "GOAT_USDT",
      "m" : "4611686018427663070"
    }, {
      "d" : "1756388712936000752",
      "t" : 1756388712936,
      "tn" : 1756388712936000752,
      "q" : "14",
      "p" : "0.08768",
      "s" : "sell",
      "i" : "GOAT_USDT",
      "m" : "4611686018427663069"
    }, {
      "d" : "1756388712739755917",
      "t" : 1756388712739,
      "tn" : 1756388712739755917,
      "q" : "14",
      "p" : "0.08768",
      "s" : "sell",
      "i" : "GOAT_USDT",
      "m" : "4611686018427663068"
    }, {
      "d" : "1756388712639637508",
      "t" : 1756388712639,
      "tn" : 1756388712639637508,
      "q" : "14",
      "p" : "0.08769",
      "s" : "sell",
      "i" : "GOAT_USDT",
      "m" : "4611686018427663067"
    }, {
      "d" : "1756388712524168991",
      "t" : 1756388712524,
      "tn" : 1756388712524168991,
      "q" : "14",
      "p" : "0.08769",
      "s" : "sell",
      "i" : "GOAT_USDT",
      "m" : "4611686018427663066"
    }, {
      "d" : "1756388712439007136",
      "t" : 1756388712439,
      "tn" : 1756388712439007136,
      "q" : "14",
      "p" : "0.08769",
      "s" : "sell",
      "i" : "GOAT_USDT",
      "m" : "4611686018427663065"
    }, {
      "d" : "1756388712338835591",
      "t" : 1756388712338,
      "tn" : 1756388712338835591,
      "q" : "14",
      "p" : "0.08769",
      "s" : "sell",
      "i" : "GOAT_USDT",
      "m" : "4611686018427663064"
    }, {
      "d" : "1756388712268811299",
      "t" : 1756388712268,
      "tn" : 1756388712268811299,
      "q" : "14",
      "p" : "0.08770",
      "s" : "sell",
      "i" : "GOAT_USDT",
      "m" : "4611686018427663063"
    }, {
      "d" : "1756388712258841948",
      "t" : 1756388712258,
      "tn" : 1756388712258841948,
      "q" : "14",
      "p" : "0.08770",
      "s" : "sell",
      "i" : "GOAT_USDT",
      "m" : "4611686018427663062"
    }, {
      "d" : "1756388712218760926",
      "t" : 1756388712218,
      "tn" : 1756388712218760926,
      "q" : "14",
      "p" : "0.08770",
      "s" : "sell",
      "i" : "GOAT_USDT",
      "m" : "4611686018427663061"
    }, {
      "d" : "1756388712138652646",
      "t" : 1756388712138,
      "tn" : 1756388712138652646,
      "q" : "14",
      "p" : "0.08771",
      "s" : "sell",
      "i" : "GOAT_USDT",
      "m" : "4611686018427663060"
    }, {
      "d" : "1756388712073531460",
      "t" : 1756388712073,
      "tn" : 1756388712073531460,
      "q" : "14",
      "p" : "0.08771",
      "s" : "sell",
      "i" : "GOAT_USDT",
      "m" : "4611686018427663059"
    }, {
      "d" : "1756388712038544101",
      "t" : 1756388712038,
      "tn" : 1756388712038544101,
      "q" : "14",
      "p" : "0.08771",
      "s" : "sell",
      "i" : "GOAT_USDT",
      "m" : "4611686018427663058"
    }, {
      "d" : "1756388711938354694",
      "t" : 1756388711938,
      "tn" : 1756388711938354694,
      "q" : "14",
      "p" : "0.08771",
      "s" : "sell",
      "i" : "GOAT_USDT",
      "m" : "4611686018427663057"
    }, {
      "d" : "1756388711893294922",
      "t" : 1756388711893,
      "tn" : 1756388711893294922,
      "q" : "14",
      "p" : "0.08771",
      "s" : "sell",
      "i" : "GOAT_USDT",
      "m" : "4611686018427663056"
    }, {
      "d" : "1756388711837278633",
      "t" : 1756388711837,
      "tn" : 1756388711837278633,
      "q" : "14",
      "p" : "0.08772",
      "s" : "sell",
      "i" : "GOAT_USDT",
      "m" : "4611686018427663055"
    }, {
      "d" : "1756388711812251447",
      "t" : 1756388711812,
      "tn" : 1756388711812251447,
      "q" : "14",
      "p" : "0.08772",
      "s" : "sell",
      "i" : "GOAT_USDT",
      "m" : "4611686018427663054"
    }, {
      "d" : "1756388711797247523",
      "t" : 1756388711797,
      "tn" : 1756388711797247523,
      "q" : "14",
      "p" : "0.08772",
      "s" : "sell",
      "i" : "GOAT_USDT",
      "m" : "4611686018427663053"
    }, {
      "d" : "1756388711757210085",
      "t" : 1756388711757,
      "tn" : 1756388711757210085,
      "q" : "14",
      "p" : "0.08773",
      "s" : "sell",
      "i" : "GOAT_USDT",
      "m" : "4611686018427663052"
    }, {
      "d" : "1756388711637028272",
      "t" : 1756388711637,
      "tn" : 1756388711637028272,
      "q" : "14",
      "p" : "0.08773",
      "s" : "sell",
      "i" : "GOAT_USDT",
      "m" : "4611686018427663051"
    }, {
      "d" : "1756388711536732706",
      "t" : 1756388711536,
      "tn" : 1756388711536732706,
      "q" : "14",
      "p" : "0.08773",
      "s" : "sell",
      "i" : "GOAT_USDT",
      "m" : "4611686018427663050"
    }, {
      "d" : "1756388711441428361",
      "t" : 1756388711441,
      "tn" : 1756388711441428361,
      "q" : "14",
      "p" : "0.08773",
      "s" : "sell",
      "i" : "GOAT_USDT",
      "m" : "4611686018427663049"
    }, {
      "d" : "1756388711396324999",
      "t" : 1756388711396,
      "tn" : 1756388711396324999,
      "q" : "14",
      "p" : "0.08773",
      "s" : "sell",
      "i" : "GOAT_USDT",
      "m" : "4611686018427663048"
    }, {
      "d" : "1756388711341259809",
      "t" : 1756388711341,
      "tn" : 1756388711341259809,
      "q" : "14",
      "p" : "0.08772",
      "s" : "sell",
      "i" : "GOAT_USDT",
      "m" : "4611686018427663047"
    }, {
      "d" : "1756388711236084017",
      "t" : 1756388711236,
      "tn" : 1756388711236084017,
      "q" : "14",
      "p" : "0.08772",
      "s" : "sell",
      "i" : "GOAT_USDT",
      "m" : "4611686018427663046"
    }, {
      "d" : "1756388711141040780",
      "t" : 1756388711141,
      "tn" : 1756388711141040780,
      "q" : "14",
      "p" : "0.08771",
      "s" : "sell",
      "i" : "GOAT_USDT",
      "m" : "4611686018427663045"
    }, {
      "d" : "1756388711035763242",
      "t" : 1756388711035,
      "tn" : 1756388711035763242,
      "q" : "14",
      "p" : "0.08771",
      "s" : "sell",
      "i" : "GOAT_USDT",
      "m" : "4611686018427663044"
    }, {
      "d" : "1756388710950674024",
      "t" : 1756388710950,
      "tn" : 1756388710950674024,
      "q" : "14",
      "p" : "0.08771",
      "s" : "sell",
      "i" : "GOAT_USDT",
      "m" : "4611686018427663043"
    }, {
      "d" : "1756388710739459362",
      "t" : 1756388710739,
      "tn" : 1756388710739459362,
      "q" : "14",
      "p" : "0.08771",
      "s" : "sell",
      "i" : "GOAT_USDT",
      "m" : "4611686018427663042"
    }, {
      "d" : "1756388710684422292",
      "t" : 1756388710684,
      "tn" : 1756388710684422292,
      "q" : "14",
      "p" : "0.08771",
      "s" : "sell",
      "i" : "GOAT_USDT",
      "m" : "4611686018427663041"
    }, {
      "d" : "1756388710649370854",
      "t" : 1756388710649,
      "tn" : 1756388710649370854,
      "q" : "14",
      "p" : "0.08771",
      "s" : "sell",
      "i" : "GOAT_USDT",
      "m" : "4611686018427663040"
    }, {
      "d" : "1756388710639364978",
      "t" : 1756388710639,
      "tn" : 1756388710639364978,
      "q" : "14",
      "p" : "0.08770",
      "s" : "sell",
      "i" : "GOAT_USDT",
      "m" : "4611686018427663039"
    }, {
      "d" : "1756388710604107688",
      "t" : 1756388710604,
      "tn" : 1756388710604107688,
      "q" : "14",
      "p" : "0.08770",
      "s" : "sell",
      "i" : "GOAT_USDT",
      "m" : "4611686018427663038"
    }, {
      "d" : "1756388710584049399",
      "t" : 1756388710584,
      "tn" : 1756388710584049399,
      "q" : "14",
      "p" : "0.08768",
      "s" : "sell",
      "i" : "GOAT_USDT",
      "m" : "4611686018427663037"
    }, {
      "d" : "1756388710539022804",
      "t" : 1756388710539,
      "tn" : 1756388710539022804,
      "q" : "14",
      "p" : "0.08768",
      "s" : "sell",
      "i" : "GOAT_USDT",
      "m" : "4611686018427663036"
    }, {
      "d" : "1756388710518908629",
      "t" : 1756388710518,
      "tn" : 1756388710518908629,
      "q" : "14",
      "p" : "0.08768",
      "s" : "sell",
      "i" : "GOAT_USDT",
      "m" : "4611686018427663035"
    }, {
      "d" : "1756388710458823720",
      "t" : 1756388710458,
      "tn" : 1756388710458823720,
      "q" : "14",
      "p" : "0.08767",
      "s" : "sell",
      "i" : "GOAT_USDT",
      "m" : "4611686018427663034"
    }, {
      "d" : "1756388710438820628",
      "t" : 1756388710438,
      "tn" : 1756388710438820628,
      "q" : "14",
      "p" : "0.08767",
      "s" : "sell",
      "i" : "GOAT_USDT",
      "m" : "4611686018427663033"
    }, {
      "d" : "1756388710338665914",
      "t" : 1756388710338,
      "tn" : 1756388710338665914,
      "q" : "14",
      "p" : "0.08767",
      "s" : "sell",
      "i" : "GOAT_USDT",
      "m" : "4611686018427663032"
    }, {
      "d" : "1756388710243567373",
      "t" : 1756388710243,
      "tn" : 1756388710243567373,
      "q" : "14",
      "p" : "0.08766",
      "s" : "sell",
      "i" : "GOAT_USDT",
      "m" : "4611686018427663031"
    }, {
      "d" : "1756388710138504818",
      "t" : 1756388710138,
      "tn" : 1756388710138504818,
      "q" : "14",
      "p" : "0.08766",
      "s" : "sell",
      "i" : "GOAT_USDT",
      "m" : "4611686018427663030"
    }, {
      "d" : "1756388709837228899",
      "t" : 1756388709837,
      "tn" : 1756388709837228899,
      "q" : "14",
      "p" : "0.08766",
      "s" : "sell",
      "i" : "GOAT_USDT",
      "m" : "4611686018427663029"
    }, {
      "d" : "1756388709536553488",
      "t" : 1756388709536,
      "tn" : 1756388709536553488,
      "q" : "14",
      "p" : "0.08766",
      "s" : "sell",
      "i" : "GOAT_USDT",
      "m" : "4611686018427663028"
    }, {
      "d" : "1756388709336210191",
      "t" : 1756388709336,
      "tn" : 1756388709336210191,
      "q" : "14",
      "p" : "0.08766",
      "s" : "sell",
      "i" : "GOAT_USDT",
      "m" : "4611686018427663027"
    }, {
      "d" : "1756388709291168599",
      "t" : 1756388709291,
      "tn" : 1756388709291168599,
      "q" : "14",
      "p" : "0.08766",
      "s" : "sell",
      "i" : "GOAT_USDT",
      "m" : "4611686018427663026"
    }, {
      "d" : "1756388709236366393",
      "t" : 1756388709236,
      "tn" : 1756388709236366393,
      "q" : "14",
      "p" : "0.08766",
      "s" : "sell",
      "i" : "GOAT_USDT",
      "m" : "4611686018427663025"
    }, {
      "d" : "1756388709216328138",
      "t" : 1756388709216,
      "tn" : 1756388709216328138,
      "q" : "14",
      "p" : "0.08766",
      "s" : "sell",
      "i" : "GOAT_USDT",
      "m" : "4611686018427663024"
    }, {
      "d" : "1756388709035756757",
      "t" : 1756388709035,
      "tn" : 1756388709035756757,
      "q" : "14",
      "p" : "0.08767",
      "s" : "sell",
      "i" : "GOAT_USDT",
      "m" : "4611686018427663023"
    }, {
      "d" : "1756388708839530699",
      "t" : 1756388708839,
      "tn" : 1756388708839530699,
      "q" : "14",
      "p" : "0.08767",
      "s" : "sell",
      "i" : "GOAT_USDT",
      "m" : "4611686018427663022"
    }, {
      "d" : "1756388708639337280",
      "t" : 1756388708639,
      "tn" : 1756388708639337280,
      "q" : "14",
      "p" : "0.08767",
      "s" : "sell",
      "i" : "GOAT_USDT",
      "m" : "4611686018427663021"
    }, {
      "d" : "1756388708523930590",
      "t" : 1756388708523,
      "tn" : 1756388708523930590,
      "q" : "14",
      "p" : "0.08767",
      "s" : "sell",
      "i" : "GOAT_USDT",
      "m" : "4611686018427663020"
    }, {
      "d" : "1756388708448738450",
      "t" : 1756388708448,
      "tn" : 1756388708448738450,
      "q" : "14",
      "p" : "0.08766",
      "s" : "sell",
      "i" : "GOAT_USDT",
      "m" : "4611686018427663019"
    }, {
      "d" : "1756388708428794707",
      "t" : 1756388708428,
      "tn" : 1756388708428794707,
      "q" : "14",
      "p" : "0.08766",
      "s" : "sell",
      "i" : "GOAT_USDT",
      "m" : "4611686018427663018"
    }, {
      "d" : "1756388708398652720",
      "t" : 1756388708398,
      "tn" : 1756388708398652720,
      "q" : "14",
      "p" : "0.08767",
      "s" : "sell",
      "i" : "GOAT_USDT",
      "m" : "4611686018427663017"
    }, {
      "d" : "1756388708378685441",
      "t" : 1756388708378,
      "tn" : 1756388708378685441,
      "q" : "14",
      "p" : "0.08767",
      "s" : "sell",
      "i" : "GOAT_USDT",
      "m" : "4611686018427663016"
    }, {
      "d" : "1756388117694859335",
      "t" : 1756388117694,
      "tn" : 1756388117694859335,
      "q" : "1135",
      "p" : "0.08809",
      "s" : "buy",
      "i" : "GOAT_USDT",
      "m" : "4611686018427663015"
    }, {
      "d" : "1756388096242275097",
      "t" : 1756388096242,
      "tn" : 1756388096242275097,
      "q" : "427",
      "p" : "0.08794",
      "s" : "sell",
      "i" : "GOAT_USDT",
      "m" : "4611686018427663014"
    }, {
      "d" : "1756388096242273554",
      "t" : 1756388096242,
      "tn" : 1756388096242273554,
      "q" : "682",
      "p" : "0.08796",
      "s" : "sell",
      "i" : "GOAT_USDT",
      "m" : "4611686018427663013"
    }, {
      "d" : "1756388096240765265",
      "t" : 1756388096240,
      "tn" : 1756388096240765265,
      "q" : "14",
      "p" : "0.08815",
      "s" : "sell",
      "i" : "GOAT_USDT",
      "m" : "4611686018427663012"
    }, {
      "d" : "1756387842306921816",
      "t" : 1756387842306,
      "tn" : 1756387842306921816,
      "q" : "8875",
      "p" : "0.08827",
      "s" : "buy",
      "i" : "GOAT_USDT",
      "m" : "4611686018427663011"
    }, {
      "d" : "1756387842085661902",
      "t" : 1756387842085,
      "tn" : 1756387842085661902,
      "q" : "2293",
      "p" : "0.08827",
      "s" : "buy",
      "i" : "GOAT_USDT",
      "m" : "4611686018427663010"
    }, {
      "d" : "1756380663507500413",
      "t" : 1756380663507,
      "tn" : 1756380663507500413,
      "q" : "9",
      "p" : "0.08714",
      "s" : "buy",
      "i" : "GOAT_USDT",
      "m" : "4611686018427663009"
    }, {
      "d" : "1756380576981213727",
      "t" : 1756380576981,
      "tn" : 1756380576981213727,
      "q" : "23",
      "p" : "0.08714",
      "s" : "buy",
      "i" : "GOAT_USDT",
      "m" : "4611686018427663008"
    }, {
      "d" : "1756380566982625156",
      "t" : 1756380566982,
      "tn" : 1756380566982625156,
      "q" : "83",
      "p" : "0.08714",
      "s" : "buy",
      "i" : "GOAT_USDT",
      "m" : "4611686018427663007"
    }, {
      "d" : "1756376617073876893",
      "t" : 1756376617073,
      "tn" : 1756376617073876893,
      "q" : "14",
      "p" : "0.08646",
      "s" : "sell",
      "i" : "GOAT_USDT",
      "m" : "4611686018427663006"
    }, {
      "d" : "1756374858816474640",
      "t" : 1756374858816,
      "tn" : 1756374858816474640,
      "q" : "1145",
      "p" : "0.08627",
      "s" : "buy",
      "i" : "GOAT_USDT",
      "m" : "4611686018427663005"
    }, {
      "d" : "1756374858816472649",
      "t" : 1756374858816,
      "tn" : 1756374858816472649,
      "q" : "1159",
      "p" : "0.08621",
      "s" : "buy",
      "i" : "GOAT_USDT",
      "m" : "4611686018427663004"
    }, {
      "d" : "1756374858816470318",
      "t" : 1756374858816,
      "tn" : 1756374858816470318,
      "q" : "14",
      "p" : "0.08615",
      "s" : "buy",
      "i" : "GOAT_USDT",
      "m" : "4611686018427663003"
    } ]
  }
}