{
  "id" : -1,
  "method" : "public/get-trades",
  "code" : 0,
  "result" : {
    "data" : [ {
      "d" : "1756460747674940648",
      "t" : 1756460747674,
      "tn" : 1756460747674940648,
      "q" : "1934",
      "p" : "0.08337",
      "s" : "buy",
      "i" : "GOATUSD-PERP",
      "m" : "4611686018427691797"
    }, {
      "d" : "1756460743976426025",
      "t" : 1756460743976,
      "tn" : 1756460743976426025,
      "q" : "2395",
      "p" : "0.08337",
      "s" : "buy",
      "i" : "GOATUSD-PERP",
      "m" : "4611686018427691796"
    }, {
      "d" : "1756460735517279972",
      "t" : 1756460735517,
      "tn" : 1756460735517279972,
      "q" : "2",
      "p" : "0.08337",
      "s" : "buy",
      "i" : "GOATUSD-PERP",
      "m" : "4611686018427691795"
    }, {
      "d" : "1756451764546532630",
      "t" : 1756451764546,
      "tn" : 1756451764546532630,
      "q" : "1",
      "p" : "0.08487",
      "s" : "buy",
      "i" : "GOATUSD-PERP",
      "m" : "4611686018427691794"
    }, {
      "d" : "1756451674303030610",
      "t" : 1756451674303,
      "tn" : 1756451674303030610,
      "q" : "1",
      "p" : "0.08481",
      "s" : "buy",
      "i" : "GOATUSD-PERP",
      "m" : "4611686018427691793"
    }, {
      "d" : "1756447027926553859",
      "t" : 1756447027926,
      "tn" : 1756447027926553858,
      "q" : "1",
      "p" : "0.08765",
      "s" : "sell",
      "i" : "GOATUSD-PERP",
      "m" : "4611686018427691792"
    }, {
      "d" : "1756447027926553858",
      "t" : 1756447027926,
      "tn" : 1756447027926553858,
      "q" : "1",
      "p" : "0.08765",
      "s" : "sell",
      "i" : "GOATUSD-PERP",
      "m" : "4611686018427691792"
    }, {
      "d" : "1756445561088639476",
      "t" : 1756445561088,
      "tn" : 1756445561088639476,
      "q" : "1",
      "p" : "0.08783",
      "s" : "buy",
      "i" : "GOATUSD-PERP",
      "m" : "4611686018427691791"
    }, {
      "d" : "1756445438700675826",
      "t" : 1756445438700,
      "tn" : 1756445438700675826,
      "q" : "1",
      "p" : "0.08770",
      "s" : "buy",
      "i" : "GOATUSD-PERP",
      "m" : "4611686018427691790"
    }, {
      "d" : "1756443301257129121",
      "t" : 1756443301257,
      "tn" : 1756443301257129120,
      "q" : "1",
      "p" : "0.08821",
      "s" : "sell",
      "i" : "GOATUSD-PERP",
      "m" : "4611686018427691789"
    }, {
      "d" : "1756443301257129120",
      "t" : 1756443301257,
      "tn" : 1756443301257129120,
      "q" : "1",
      "p" : "0.08821",
      "s" : "sell",
      "i" : "GOATUSD-PERP",
      "m" : "4611686018427691789"
    }, {
      "d" : "1756443300362858165",
      "t" : 1756443300362,
      "tn" : 1756443300362858164,
      "q" : "1",
      "p" : "0.08821",
      "s" : "sell",
      "i" : "GOATUSD-PERP",
      "m" : "4611686018427691788"
    }, {
      "d" : "1756443300362858164",
      "t" : 1756443300362,
      "tn" : 1756443300362858164,
      "q" : "1",
      "p" : "0.08821",
      "s" : "sell",
      "i" : "GOATUSD-PERP",
      "m" : "4611686018427691788"
    }, {
      "d" : "1756443162741952315",
      "t" : 1756443162741,
      "tn" : 1756443162741952314,
      "q" : "1",
      "p" : "0.08833",
      "s" : "sell",
      "i" : "GOATUSD-PERP",
      "m" : "4611686018427691787"
    }, {
      "d" : "1756443162741952314",
      "t" : 1756443162741,
      "tn" : 1756443162741952314,
      "q" : "1",
      "p" : "0.08833",
      "s" : "sell",
      "i" : "GOATUSD-PERP",
      "m" : "4611686018427691787"
    }, {
      "d" : "1756443162609069766",
      "t" : 1756443162609,
      "tn" : 1756443162609069765,
      "q" : "1",
      "p" : "0.08833",
      "s" : "sell",
      "i" : "GOATUSD-PERP",
      "m" : "4611686018427691786"
    }, {
      "d" : "1756443162609069765",
      "t" : 1756443162609,
      "tn" : 1756443162609069765,
      "q" : "1",
      "p" : "0.08833",
      "s" : "sell",
      "i" : "GOATUSD-PERP",
      "m" : "4611686018427691786"
    }, {
      "d" : "1756443152722082905",
      "t" : 1756443152722,
      "tn" : 1756443152722082904,
      "q" : "1",
      "p" : "0.08832",
      "s" : "sell",
      "i" : "GOATUSD-PERP",
      "m" : "4611686018427691785"
    }, {
      "d" : "1756443152722082904",
      "t" : 1756443152722,
      "tn" : 1756443152722082904,
      "q" : "1",
      "p" : "0.08832",
      "s" : "sell",
      "i" : "GOATUSD-PERP",
      "m" : "4611686018427691785"
    }, {
      "d" : "1756443152602309244",
      "t" : 1756443152602,
      "tn" : 1756443152602309243,
      "q" : "1",
      "p" : "0.08832",
      "s" : "sell",
      "i" : "GOATUSD-PERP",
      "m" : "4611686018427691784"
    }, {
      "d" : "1756443152602309243",
      "t" : 1756443152602,
      "tn" : 1756443152602309243,
      "q" : "1",
      "p" : "0.08832",
      "s" : "sell",
      "i" : "GOATUSD-PERP",
      "m" : "4611686018427691784"
    }, {
      "d" : "1756443142647810612",
      "t" : 1756443142647,
      "tn" : 1756443142647810612,
      "q" : "1",
      "p" : "0.08832",
      "s" : "sell",
      "i" : "GOATUSD-PERP",
      "m" : "4611686018427691783"
    }, {
      "d" : "1756443142555341921",
      "t" : 1756443142555,
      "tn" : 1756443142555341920,
      "q" : "1",
      "p" : "0.08832",
      "s" : "sell",
      "i" : "GOATUSD-PERP",
      "m" : "4611686018427691782"
    }, {
      "d" : "1756443142555341920",
      "t" : 1756443142555,
      "tn" : 1756443142555341920,
      "q" : "1",
      "p" : "0.08832",
      "s" : "sell",
      "i" : "GOATUSD-PERP",
      "m" : "4611686018427691782"
    }, {
      "d" : "1756443132627656390",
      "t" : 1756443132627,
      "tn" : 1756443132627656390,
      "q" : "1",
      "p" : "0.08835",
      "s" : "sell",
      "i" : "GOATUSD-PERP",
      "m" : "4611686018427691781"
    }, {
      "d" : "1756443132537812215",
      "t" : 1756443132537,
      "tn" : 1756443132537812214,
      "q" : "1",
      "p" : "0.08836",
      "s" : "sell",
      "i" : "GOATUSD-PERP",
      "m" : "4611686018427691780"
    }, {
      "d" : "1756443132537812214",
      "t" : 1756443132537,
      "tn" : 1756443132537812214,
      "q" : "1",
      "p" : "0.08836",
      "s" : "sell",
      "i" : "GOATUSD-PERP",
      "m" : "4611686018427691780"
    }, {
      "d" : "1756443072246443986",
      "t" : 1756443072246,
      "tn" : 1756443072246443985,
      "q" : "1",
      "p" : "0.08837",
      "s" : "sell",
      "i" : "GOATUSD-PERP",
      "m" : "4611686018427691779"
    }, {
      "d" : "1756443072246443985",
      "t" : 1756443072246,
      "tn" : 1756443072246443985,
      "q" : "1",
      "p" : "0.08837",
      "s" : "sell",
      "i" : "GOATUSD-PERP",
      "m" : "4611686018427691779"
    }, {
      "d" : "1756443003984392047",
      "t" : 1756443003984,
      "tn" : 1756443003984392046,
      "q" : "1",
      "p" : "0.08836",
      "s" : "sell",
      "i" : "GOATUSD-PERP",
      "m" : "4611686018427691778"
    }, {
      "d" : "1756443003984392046",
      "t" : 1756443003984,
      "tn" : 1756443003984392046,
      "q" : "1",
      "p" : "0.08836",
      "s" : "sell",
      "i" : "GOATUSD-PERP",
      "m" : "4611686018427691778"
    }, {
      "d" : "1756442986740287631",
      "t" : 1756442986740,
      "tn" : 1756442986740287631,
      "q" : "1",
      "p" : "0.08835",
      "s" : "sell",
      "i" : "GOATUSD-PERP",
      "m" : "4611686018427691777"
    }, {
      "d" : "1756442986697283617",
      "t" : 1756442986697,
      "tn" : 1756442986697283617,
      "q" : "1",
      "p" : "0.08835",
      "s" : "sell",
      "i" : "GOATUSD-PERP",
      "m" : "4611686018427691776"
    }, {
      "d" : "1756442976218839111",
      "t" : 1756442976218,
      "tn" : 1756442976218839110,
      "q" : "1",
      "p" : "0.08836",
      "s" : "sell",
      "i" : "GOATUSD-PERP",
      "m" : "4611686018427691775"
    }, {
      "d" : "1756442976218839110",
      "t" : 1756442976218,
      "tn" : 1756442976218839110,
      "q" : "1",
      "p" : "0.08836",
      "s" : "sell",
      "i" : "GOATUSD-PERP",
      "m" : "4611686018427691775"
    }, {
      "d" : "1756442943686084524",
      "t" : 1756442943686,
      "tn" : 1756442943686084523,
      "q" : "1",
      "p" : "0.08834",
      "s" : "sell",
      "i" : "GOATUSD-PERP",
      "m" : "4611686018427691774"
    }, {
      "d" : "1756442943686084523",
      "t" : 1756442943686,
      "tn" : 1756442943686084523,
      "q" : "1",
      "p" : "0.08834",
      "s" : "sell",
      "i" : "GOATUSD-PERP",
      "m" : "4611686018427691774"
    }, {
      "d" : "1756442785173925349",
      "t" : 1756442785173,
      "tn" : 1756442785173925348,
      "q" : "1",
      "p" : "0.08850",
      "s" : "sell",
      "i" : "GOATUSD-PERP",
      "m" : "4611686018427691773"
    }, {
      "d" : "1756442785173925348",
      "t" : 1756442785173,
      "tn" : 1756442785173925348,
      "q" : "1",
      "p" : "0.08850",
      "s" : "sell",
      "i" : "GOATUSD-PERP",
      "m" : "4611686018427691773"
    }, {
      "d" : "1756442631385262993",
      "t" : 1756442631385,
      "tn" : 1756442631385262992,
      "q" : "1",
      "p" : "0.08863",
      "s" : "sell",
      "i" : "GOATUSD-PERP",
      "m" : "4611686018427691772"
    }, {
      "d" : "1756442631385262992",
      "t" : 1756442631385,
      "tn" : 1756442631385262992,
      "q" : "1",
      "p" : "0.08863",
      "s" : "sell",
      "i" : "GOATUSD-PERP",
      "m" : "4611686018427691772"
    }, {
      "d" : "1756442543153153554",
      "t" : 1756442543153,
      "tn" : 1756442543153153553,
      "q" : "1",
      "p" : "0.08855",
      "s" : "sell",
      "i" : "GOATUSD-PERP",
      "m" : "4611686018427691771"
    }, {
      "d" : "1756442543153153553",
      "t" : 1756442543153,
      "tn" : 1756442543153153553,
      "q" : "1",
      "p" : "0.08855",
      "s" : "sell",
      "i" : "GOATUSD-PERP",
      "m" : "4611686018427691771"
    }, {
      "d" : "1756442537600121708",
      "t" : 1756442537600,
      "tn" : 1756442537600121707,
      "q" : "1",
      "p" : "0.08854",
      "s" : "sell",
      "i" : "GOATUSD-PERP",
      "m" : "4611686018427691770"
    }, {
      "d" : "1756442537600121707",
      "t" : 1756442537600,
      "tn" : 1756442537600121707,
      "q" : "1",
      "p" : "0.08854",
      "s" : "sell",
      "i" : "GOATUSD-PERP",
      "m" : "4611686018427691770"
    }, {
      "d" : "1756442506757897510",
      "t" : 1756442506757,
      "tn" : 1756442506757897509,
      "q" : "1",
      "p" : "0.08856",
      "s" : "sell",
      "i" : "GOATUSD-PERP",
      "m" : "4611686018427691769"
    }, {
      "d" : "1756442506757897509",
      "t" : 1756442506757,
      "tn" : 1756442506757897509,
      "q" : "1",
      "p" : "0.08856",
      "s" : "sell",
      "i" : "GOATUSD-PERP",
      "m" : "4611686018427691769"
    }, {
      "d" : "1756442491287187649",
      "t" : 1756442491287,
      "tn" : 1756442491287187648,
      "q" : "1",
      "p" : "0.08855",
      "s" : "sell",
      "i" : "GOATUSD-PERP",
      "m" : "4611686018427691768"
    }, {
      "d" : "1756442491287187648",
      "t" : 1756442491287,
      "tn" : 1756442491287187648,
      "q" : "1",
      "p" : "0.08855",
      "s" : "sell",
      "i" : "GOATUSD-PERP",
      "m" : "4611686018427691768"
    }, {
      "d" : "1756441980643545608",
      "t" : 1756441980643,
      "tn" : 1756441980643545607,
      "q" : "1",
      "p" : "0.08860",
      "s" : "sell",
      "i" : "GOATUSD-PERP",
      "m" : "4611686018427691767"
    }, {
      "d" : "1756441980525123217",
      "t" : 1756441980525,
      "tn" : 1756441980525123216,
      "q" : "1",
      "p" : "0.08859",
      "s" : "sell",
      "i" : "GOATUSD-PERP",
      "m" : "4611686018427691766"
    }, {
      "d" : "1756441980525123216",
      "t" : 1756441980525,
      "tn" : 1756441980525123216,
      "q" : "1",
      "p" : "0.08859",
      "s" : "sell",
      "i" : "GOATUSD-PERP",
      "m" : "4611686018427691766"
    }, {
      "d" : "1756441412139372624",
      "t" : 1756441412139,
      "tn" : 1756441412139372623,
      "q" : "1",
      "p" : "0.08851",
      "s" : "sell",
      "i" : "GOATUSD-PERP",
      "m" : "4611686018427691765"
    }, {
      "d" : "1756441412139372623",
      "t" : 1756441412139,
      "tn" : 1756441412139372623,
      "q" : "1",
      "p" : "0.08851",
      "s" : "sell",
      "i" : "GOATUSD-PERP",
      "m" : "4611686018427691765"
    }, {
      "d" : "1756441411963388605",
      "t" : 1756441411963,
      "tn" : 1756441411963388604,
      "q" : "1",
      "p" : "0.08851",
      "s" : "sell",
      "i" : "GOATUSD-PERP",
      "m" : "4611686018427691764"
    }, {
      "d" : "1756441411963388604",
      "t" : 1756441411963,
      "tn" : 1756441411963388604,
      "q" : "1",
      "p" : "0.08851",
      "s" : "sell",
      "i" : "GOATUSD-PERP",
      "m" : "4611686018427691764"
    }, {
      "d" : "1756441154580543287",
      "t" : 1756441154580,
      "tn" : 1756441154580543286,
      "q" : "1",
      "p" : "0.08836",
      "s" : "sell",
      "i" : "GOATUSD-PERP",
      "m" : "4611686018427691763"
    }, {
      "d" : "1756441154580543286",
      "t" : 1756441154580,
      "tn" : 1756441154580543286,
      "q" : "1",
      "p" : "0.08836",
      "s" : "sell",
      "i" : "GOATUSD-PERP",
      "m" : "4611686018427691763"
    }, {
      "d" : "1756441146449965283",
      "t" : 1756441146449,
      "tn" : 1756441146449965282,
      "q" : "1",
      "p" : "0.08832",
      "s" : "sell",
      "i" : "GOATUSD-PERP",
      "m" : "4611686018427691762"
    }, {
      "d" : "1756441146449965282",
      "t" : 1756441146449,
      "tn" : 1756441146449965282,
      "q" : "1",
      "p" : "0.08832",
      "s" : "sell",
      "i" : "GOATUSD-PERP",
      "m" : "4611686018427691762"
    }, {
      "d" : "1756441143503423184",
      "t" : 1756441143503,
      "tn" : 1756441143503423183,
      "q" : "1",
      "p" : "0.08832",
      "s" : "sell",
      "i" : "GOATUSD-PERP",
      "m" : "4611686018427691761"
    }, {
      "d" : "1756441143503423183",
      "t" : 1756441143503,
      "tn" : 1756441143503423183,
      "q" : "1",
      "p" : "0.08832",
      "s" : "sell",
      "i" : "GOATUSD-PERP",
      "m" : "4611686018427691761"
    }, {
      "d" : "1756441131730062818",
      "t" : 1756441131730,
      "tn" : 1756441131730062817,
      "q" : "1",
      "p" : "0.08832",
      "s" : "sell",
      "i" : "GOATUSD-PERP",
      "m" : "4611686018427691760"
    }, {
      "d" : "1756441131730062817",
      "t" : 1756441131730,
      "tn" : 1756441131730062817,
      "q" : "1",
      "p" : "0.08832",
      "s" : "sell",
      "i" : "GOATUSD-PERP",
      "m" : "4611686018427691760"
    }, {
      "d" : "1756441120311185179",
      "t" : 1756441120311,
      "tn" : 1756441120311185178,
      "q" : "1",
      "p" : "0.08833",
      "s" : "sell",
      "i" : "GOATUSD-PERP",
      "m" : "4611686018427691759"
    }, {
      "d" : "1756441120311185178",
      "t" : 1756441120311,
      "tn" : 1756441120311185178,
      "q" : "1",
      "p" : "0.08833",
      "s" : "sell",
      "i" : "GOATUSD-PERP",
      "m" : "4611686018427691759"
    }, {
      "d" : "1756441110766658247",
      "t" : 1756441110766,
      "tn" : 1756441110766658246,
      "q" : "1",
      "p" : "0.08824",
      "s" : "sell",
      "i" : "GOATUSD-PERP",
      "m" : "4611686018427691758"
    }, {
      "d" : "1756441110766658246",
      "t" : 1756441110766,
      "tn" : 1756441110766658246,
      "q" : "1",
      "p" : "0.08824",
      "s" : "sell",
      "i" : "GOATUSD-PERP",
      "m" : "4611686018427691758"
    }, {
      "d" : "1756441108512451297",
      "t" : 1756441108512,
      "tn" : 1756441108512451297,
      "q" : "1",
      "p" : "0.08827",
      "s" : "sell",
      "i" : "GOATUSD-PERP",
      "m" : "4611686018427691757"
    }, {
      "d" : "1756441099437763937",
      "t" : 1756441099437,
      "tn" : 1756441099437763936,
      "q" : "1",
      "p" : "0.08832",
      "s" : "sell",
      "i" : "GOATUSD-PERP",
      "m" : "4611686018427691756"
    }, {
      "d" : "1756441099437763936",
      "t" : 1756441099437,
      "tn" : 1756441099437763936,
      "q" : "1",
      "p" : "0.08832",
      "s" : "sell",
      "i" : "GOATUSD-PERP",
      "m" : "4611686018427691756"
    }, {
      "d" : "1756441098460167990",
      "t" : 1756441098460,
      "tn" : 1756441098460167989,
      "q" : "1",
      "p" : "0.08832",
      "s" : "sell",
      "i" : "GOATUSD-PERP",
      "m" : "4611686018427691755"
    }, {
      "d" : "1756441098460167989",
      "t" : 1756441098460,
      "tn" : 1756441098460167989,
      "q" : "1",
      "p" : "0.08832",
      "s" : "sell",
      "i" : "GOATUSD-PERP",
      "m" : "4611686018427691755"
    }, {
      "d" : "1756441089397655822",
      "t" : 1756441089397,
      "tn" : 1756441089397655822,
      "q" : "1",
      "p" : "0.08834",
      "s" : "sell",
      "i" : "GOATUSD-PERP",
      "m" : "4611686018427691754"
    }, {
      "d" : "1756441088400868907",
      "t" : 1756441088400,
      "tn" : 1756441088400868906,
      "q" : "1",
      "p" : "0.08834",
      "s" : "sell",
      "i" : "GOATUSD-PERP",
      "m" : "4611686018427691753"
    }, {
      "d" : "1756441088400868906",
      "t" : 1756441088400,
      "tn" : 1756441088400868906,
      "q" : "1",
      "p" : "0.08834",
      "s" : "sell",
      "i" : "GOATUSD-PERP",
      "m" : "4611686018427691753"
    }, {
      "d" : "1756440486495097460",
      "t" : 1756440486495,
      "tn" : 1756440486495097459,
      "q" : "1",
      "p" : "0.08828",
      "s" : "sell",
      "i" : "GOATUSD-PERP",
      "m" : "4611686018427691752"
    }, {
      "d" : "1756440486495097459",
      "t" : 1756440486495,
      "tn" : 1756440486495097459,
      "q" : "1",
      "p" : "0.08828",
      "s" : "sell",
      "i" : "GOATUSD-PERP",
      "m" : "4611686018427691752"
    }, {
      "d" : "1756440237111851166",
      "t" : 1756440237111,
      "tn" : 1756440237111851165,
      "q" : "1",
      "p" : "0.08854",
      "s" : "sell",
      "i" : "GOATUSD-PERP",
      "m" : "4611686018427691751"
    }, {
      "d" : "1756440237111851165",
      "t" : 1756440237111,
      "tn" : 1756440237111851165,
      "q" : "1",
      "p" : "0.08854",
      "s" : "sell",
      "i" : "GOATUSD-PERP",
      "m" : "4611686018427691751"
    }, {
      "d" : "1756440164817118776",
      "t" : 1756440164817,
      "tn" : 1756440164817118775,
      "q" : "1",
      "p" : "0.08864",
      "s" : "sell",
      "i" : "GOATUSD-PERP",
      "m" : "4611686018427691750"
    }, {
      "d" : "1756440164817118775",
      "t" : 1756440164817,
      "tn" : 1756440164817118775,
      "q" : "1",
      "p" : "0.08864",
      "s" : "sell",
      "i" : "GOATUSD-PERP",
      "m" : "4611686018427691750"
    }, {
      "d" : "1756440164008211590",
      "t" : 1756440164008,
      "tn" : 1756440164008211589,
      "q" : "1",
      "p" : "0.08865",
      "s" : "sell",
      "i" : "GOATUSD-PERP",
      "m" : "4611686018427691749"
    }, {
      "d" : "1756440164008211589",
      "t" : 1756440164008,
      "tn" : 1756440164008211589,
      "q" : "1",
      "p" : "0.08865",
      "s" : "sell",
      "i" : "GOATUSD-PERP",
      "m" : "4611686018427691749"
    }, {
      "d" : "1756440154763961422",
      "t" : 1756440154763,
      "tn" : 1756440154763961422,
      "q" : "1",
      "p" : "0.08866",
      "s" : "sell",
      "i" : "GOATUSD-PERP",
      "m" : "4611686018427691748"
    }, {
      "d" : "1756440153984792833",
      "t" : 1756440153984,
      "tn" : 1756440153984792832,
      "q" : "1",
      "p" : "0.08866",
      "s" : "sell",
      "i" : "GOATUSD-PERP",
      "m" : "4611686018427691747"
    }, {
      "d" : "1756440153984792832",
      "t" : 1756440153984,
      "tn" : 1756440153984792832,
      "q" : "1",
      "p" : "0.08866",
      "s" : "sell",
      "i" : "GOATUSD-PERP",
      "m" : "4611686018427691747"
    }, {
      "d" : "1756440144221419166",
      "t" : 1756440144221,
      "tn" : 1756440144221419165,
      "q" : "1",
      "p" : "0.08873",
      "s" : "sell",
      "i" : "GOATUSD-PERP",
      "m" : "4611686018427691746"
    }, {
      "d" : "1756440144221419165",
      "t" : 1756440144221,
      "tn" : 1756440144221419165,
      "q" : "1",
      "p" : "0.08873",
      "s" : "sell",
      "i" : "GOATUSD-PERP",
      "m" : "4611686018427691746"
    }, {
      "d" : "1756440143950356803",
      "t" : 1756440143950,
      "tn" : 1756440143950356802,
      "q" : "1",
      "p" : "0.08873",
      "s" : "sell",
      "i" : "GOATUSD-PERP",
      "m" : "4611686018427691745"
    }, {
      "d" : "1756440143950356802",
      "t" : 1756440143950,
      "tn" : 1756440143950356802,
      "q" : "1",
      "p" : "0.08873",
      "s" : "sell",
      "i" : "GOATUSD-PERP",
      "m" : "4611686018427691745"
    }, {
      "d" : "1756440134193027496",
      "t" : 1756440134193,
      "tn" : 1756440134193027495,
      "q" : "1",
      "p" : "0.08877",
      "s" : "sell",
      "i" : "GOATUSD-PERP",
      "m" : "4611686018427691744"
    }, {
      "d" : "1756440134193027495",
      "t" : 1756440134193,
      "tn" : 1756440134193027495,
      "q" : "1",
      "p" : "0.08877",
      "s" : "sell",
      "i" : "GOATUSD-PERP",
      "m" : "4611686018427691744"
    }, {
      "d" : "1756440133915286222",
      "t" : 1756440133915,
      "tn" : 1756440133915286221,
      "q" : "1",
      "p" : "0.08877",
      "s" : "sell",
      "i" : "GOATUSD-PERP",
      "m" : "4611686018427691743"
    }, {
      "d" : "1756440133915286221",
      "t" : 1756440133915,
      "tn" : 1756440133915286221,
      "q" : "1",
      "p" : "0.08877",
      "s" : "sell",
      "i" : "GOATUSD-PERP",
      "m" : "4611686018427691743"
    }, {
      "d" : "1756440124174382461",
      "t" : 1756440124174,
      "tn" : 1756440124174382461,
      "q" : "1",
      "p" : "0.08877",
      "s" : "sell",
      "i" : "GOATUSD-PERP",
      "m" : "4611686018427691742"
    }, {
      "d" : "1756440123885745837",
      "t" : 1756440123885,
      "tn" : 1756440123885745836,
      "q" : "1",
      "p" : "0.08877",
      "s" : "sell",
      "i" : "GOATUSD-PERP",
      "m" : "4611686018427691741"
    }, {
      "d" : "1756440123885745836",
      "t" : 1756440123885,
      "tn" : 1756440123885745836,
      "q" : "1",
      "p" : "0.08877",
      "s" : "sell",
      "i" : "GOATUSD-PERP",
      "m" : "4611686018427691741"
    }, {
      "d" : "1756440113875133257",
      "t" : 1756440113875,
      "tn" : 1756440113875133256,
      "q" : "1",
      "p" : "0.08876",
      "s" : "sell",
      "i" : "GOATUSD-PERP",
      "m" : "4611686018427691740"
    }, {
      "d" : "1756440113875133256",
      "t" : 1756440113875,
      "tn" : 1756440113875133256,
      "q" : "1",
      "p" : "0.08876",
      "s" : "sell",
      "i" : "GOATUSD-PERP",
      "m" : "4611686018427691740"
    }, {
      "d" : "1756439851349740914",
      "t" : 1756439851349,
      "tn" : 1756439851349740914,
      "q" : "1",
      "p" : "0.08871",
      "s" : "sell",
      "i" : "GOATUSD-PERP",
      "m" : "4611686018427691739"
    }, {
      "d" : "1756439851246266561",
      "t" : 1756439851246,
      "tn" : 1756439851246266560,
      "q" : "1",
      "p" : "0.08871",
      "s" : "sell",
      "i" : "GOATUSD-PERP",
      "m" : "4611686018427691738"
    }, {
      "d" : "1756439851246266560",
      "t" : 1756439851246,
      "tn" : 1756439851246266560,
      "q" : "1",
      "p" : "0.08871",
      "s" : "sell",
      "i" : "GOATUSD-PERP",
      "m" : "4611686018427691738"
    }, {
      "d" : "1756439672605003559",
      "t" : 1756439672605,
      "tn" : 1756439672605003559,
      "q" : "1",
      "p" : "0.08885",
      "s" : "sell",
      "i" : "GOATUSD-PERP",
      "m" : "4611686018427691737"
    }, {
      "d" : "1756439425449662968",
      "t" : 1756439425449,
      "tn" : 1756439425449662968,
      "q" : "1",
      "p" : "0.08841",
      "s" : "buy",
      "i" : "GOATUSD-PERP",
      "m" : "4611686018427691736"
    }, {
      "d" : "1756438991379557184",
      "t" : 1756438991379,
      "tn" : 1756438991379557184,
      "q" : "1",
      "p" : "0.08835",
      "s" : "sell",
      "i" : "GOATUSD-PERP",
      "m" : "4611686018427691735"
    }, {
      "d" : "1756438978293710939",
      "t" : 1756438978293,
      "tn" : 1756438978293710939,
      "q" : "1",
      "p" : "0.08830",
      "s" : "sell",
      "i" : "GOATUSD-PERP",
      "m" : "4611686018427691734"
    }, {
      "d" : "1756438977782129658",
      "t" : 1756438977782,
      "tn" : 1756438977782129658,
      "q" : "1",
      "p" : "0.08831",
      "s" : "sell",
      "i" : "GOATUSD-PERP",
      "m" : "4611686018427691733"
    }, {
      "d" : "1756438672270773542",
      "t" : 1756438672270,
      "tn" : 1756438672270773542,
      "q" : "1",
      "p" : "0.08817",
      "s" : "sell",
      "i" : "GOATUSD-PERP",
      "m" : "4611686018427691732"
    }, {
      "d" : "1756438459812224223",
      "t" : 1756438459812,
      "tn" : 1756438459812224223,
      "q" : "1",
      "p" : "0.08799",
      "s" : "sell",
      "i" : "GOATUSD-PERP",
      "m" : "4611686018427691731"
    }, {
      "d" : "1756438191260716545",
      "t" : 1756438191260,
      "tn" : 1756438191260716545,
      "q" : "1",
      "p" : "0.08817",
      "s" : "sell",
      "i" : "GOATUSD-PERP",
      "m" : "4611686018427691730"
    }, {
      "d" : "1756436032668549877",
      "t" : 1756436032668,
      "tn" : 1756436032668549877,
      "q" : "1",
      "p" : "0.08835",
      "s" : "sell",
      "i" : "GOATUSD-PERP",
      "m" : "4611686018427691729"
    }, {
      "d" : "1756436026347795332",
      "t" : 1756436026347,
      "tn" : 1756436026347795332,
      "q" : "1",
      "p" : "0.08836",
      "s" : "sell",
      "i" : "GOATUSD-PERP",
      "m" : "4611686018427691728"
    }, {
      "d" : "1756436020307186499",
      "t" : 1756436020307,
      "tn" : 1756436020307186499,
      "q" : "1",
      "p" : "0.08834",
      "s" : "sell",
      "i" : "GOATUSD-PERP",
      "m" : "4611686018427691727"
    }, {
      "d" : "1756435988254828083",
      "t" : 1756435988254,
      "tn" : 1756435988254828083,
      "q" : "1",
      "p" : "0.08835",
      "s" : "sell",
      "i" : "GOATUSD-PERP",
      "m" : "4611686018427691726"
    }, {
      "d" : "1756435988121278234",
      "t" : 1756435988121,
      "tn" : 1756435988121278234,
      "q" : "1",
      "p" : "0.08835",
      "s" : "sell",
      "i" : "GOATUSD-PERP",
      "m" : "4611686018427691725"
    }, {
      "d" : "1756432824970732094",
      "t" : 1756432824970,
      "tn" : 1756432824970732094,
      "q" : "1",
      "p" : "0.08783",
      "s" : "sell",
      "i" : "GOATUSD-PERP",
      "m" : "4611686018427691724"
    }, {
      "d" : "1756420532651738011",
      "t" : 1756420532651,
      "tn" : 1756420532651738011,
      "q" : "1",
      "p" : "0.08938",
      "s" : "buy",
      "i" : "GOATUSD-PERP",
      "m" : "4611686018427691723"
    }, {
      "d" : "1756420318642608699",
      "t" : 1756420318642,
      "tn" : 1756420318642608699,
      "q" : "1",
      "p" : "0.08930",
      "s" : "buy",
      "i" : "GOATUSD-PERP",
      "m" : "4611686018427691722"
    }, {
      "d" : "1756418707110473696",
      "t" : 1756418707110,
      "tn" : 1756418707110473696,
      "q" : "1",
      "p" : "0.08814",
      "s" : "sell",
      "i" : "GOATUSD-PERP",
      "m" : "4611686018427691721"
    }, {
      "d" : "1756418047575755953",
      "t" : 1756418047575,
      "tn" : 1756418047575755953,
      "q" : "1",
      "p" : "0.08780",
      "s" : "buy",
      "i" : "GOATUSD-PERP",
      "m" : "4611686018427691720"
    }, {
      "d" : "1756417922773262325",
      "t" : 1756417922773,
      "tn" : 1756417922773262324,
      "q" : "1",
      "p" : "0.08772",
      "s" : "sell",
      "i" : "GOATUSD-PERP",
      "m" : "4611686018427691719"
    }, {
      "d" : "1756417922773262324",
      "t" : 1756417922773,
      "tn" : 1756417922773262324,
      "q" : "1",
      "p" : "0.08772",
      "s" : "sell",
      "i" : "GOATUSD-PERP",
      "m" : "4611686018427691719"
    }, {
      "d" : "1756417912754332724",
      "t" : 1756417912754,
      "tn" : 1756417912754332724,
      "q" : "1",
      "p" : "0.08772",
      "s" : "sell",
      "i" : "GOATUSD-PERP",
      "m" : "4611686018427691718"
    }, {
      "d" : "1756410322386389822",
      "t" : 1756410322386,
      "tn" : 1756410322386389822,
      "q" : "1",
      "p" : "0.08654",
      "s" : "buy",
      "i" : "GOATUSD-PERP",
      "m" : "4611686018427691717"
    }, {
      "d" : "1756407473799950034",
      "t" : 1756407473799,
      "tn" : 1756407473799950034,
      "q" : "1",
      "p" : "0.08736",
      "s" : "buy",
      "i" : "GOATUSD-PERP",
      "m" : "4611686018427691716"
    }, {
      "d" : "1756396156344206870",
      "t" : 1756396156344,
      "tn" : 1756396156344206870,
      "q" : "1",
      "p" : "0.08730",
      "s" : "buy",
      "i" : "GOATUSD-PERP",
      "m" : "4611686018427691715"
    }, {
      "d" : "1756396156344204868",
      "t" : 1756396156344,
      "tn" : 1756396156344204868,
      "q" : "1",
      "p" : "0.08727",
      "s" : "buy",
      "i" : "GOATUSD-PERP",
      "m" : "4611686018427691714"
    }, {
      "d" : "1756395124977243006",
      "t" : 1756395124977,
      "tn" : 1756395124977243006,
      "q" : "1",
      "p" : "0.08823",
      "s" : "buy",
      "i" : "GOATUSD-PERP",
      "m" : "4611686018427691713"
    }, {
      "d" : "1756393915233503994",
      "t" : 1756393915233,
      "tn" : 1756393915233503994,
      "q" : "1",
      "p" : "0.08837",
      "s" : "sell",
      "i" : "GOATUSD-PERP",
      "m" : "4611686018427691712"
    }, {
      "d" : "1756393118402374502",
      "t" : 1756393118402,
      "tn" : 1756393118402374502,
      "q" : "1",
      "p" : "0.08854",
      "s" : "buy",
      "i" : "GOATUSD-PERP",
      "m" : "4611686018427691711"
    }, {
      "d" : "1756392636504043649",
      "t" : 1756392636504,
      "tn" : 1756392636504043649,
      "q" : "1",
      "p" : "0.08832",
      "s" : "buy",
      "i" : "GOATUSD-PERP",
      "m" : "4611686018427691710"
    }, {
      "d" : "1756392424522158770",
      "t" : 1756392424522,
      "tn" : 1756392424522158770,
      "q" : "1",
      "p" : "0.08802",
      "s" : "buy",
      "i" : "GOATUSD-PERP",
      "m" : "4611686018427691709"
    }, {
      "d" : "1756389601362234178",
      "t" : 1756389601362,
      "tn" : 1756389601362234178,
      "q" : "1",
      "p" : "0.08771",
      "s" : "sell",
      "i" : "GOATUSD-PERP",
      "m" : "4611686018427691708"
    }, {
      "d" : "1756388711048793750",
      "t" : 1756388711048,
      "tn" : 1756388711048793750,
      "q" : "2282",
      "p" : "0.08763",
      "s" : "buy",
      "i" : "GOATUSD-PERP",
      "m" : "4611686018427691707"
    }, {
      "d" : "1756388711045816066",
      "t" : 1756388711045,
      "tn" : 1756388711045816066,
      "q" : "1",
      "p" : "0.08768",
      "s" : "sell",
      "i" : "GOATUSD-PERP",
      "m" : "4611686018427691706"
    }, {
      "d" : "1756388711045814325",
      "t" : 1756388711045,
      "tn" : 1756388711045814325,
      "q" : "1",
      "p" : "0.08769",
      "s" : "sell",
      "i" : "GOATUSD-PERP",
      "m" : "4611686018427691705"
    }, {
      "d" : "1756388701804924608",
      "t" : 1756388701804,
      "tn" : 1756388701804924607,
      "q" : "2",
      "p" : "0.08760",
      "s" : "buy",
      "i" : "GOATUSD-PERP",
      "m" : "4611686018427691704"
    }, {
      "d" : "1756388701804924607",
      "t" : 1756388701804,
      "tn" : 1756388701804924607,
      "q" : "2",
      "p" : "0.08760",
      "s" : "buy",
      "i" : "GOATUSD-PERP",
      "m" : "4611686018427691704"
    }, {
      "d" : "1756388207788138034",
      "t" : 1756388207788,
      "tn" : 1756388207788138034,
      "q" : "1",
      "p" : "0.08773",
      "s" : "buy",
      "i" : "GOATUSD-PERP",
      "m" : "4611686018427691703"
    }, {
      "d" : "1756388206873766895",
      "t" : 1756388206873,
      "tn" : 1756388206873766895,
      "q" : "1",
      "p" : "0.08766",
      "s" : "buy",
      "i" : "GOATUSD-PERP",
      "m" : "4611686018427691702"
    }, {
      "d" : "1756388205284641289",
      "t" : 1756388205284,
      "tn" : 1756388205284641289,
      "q" : "1",
      "p" : "0.08767",
      "s" : "sell",
      "i" : "GOATUSD-PERP",
      "m" : "4611686018427691701"
    }, {
      "d" : "1756388173308739477",
      "t" : 1756388173308,
      "tn" : 1756388173308739477,
      "q" : "1",
      "p" : "0.08775",
      "s" : "buy",
      "i" : "GOATUSD-PERP",
      "m" : "4611686018427691700"
    }, {
      "d" : "1756388141637311311",
      "t" : 1756388141637,
      "tn" : 1756388141637311311,
      "q" : "1",
      "p" : "0.08772",
      "s" : "buy",
      "i" : "GOATUSD-PERP",
      "m" : "4611686018427691699"
    }, {
      "d" : "1756388126464029280",
      "t" : 1756388126464,
      "tn" : 1756388126464029280,
      "q" : "1",
      "p" : "0.08793",
      "s" : "buy",
      "i" : "GOATUSD-PERP",
      "m" : "4611686018427691698"
    }, {
      "d" : "1756388096242168057",
      "t" : 1756388096242,
      "tn" : 1756388096242168057,
      "q" : "1",
      "p" : "0.08806",
      "s" : "sell",
      "i" : "GOATUSD-PERP",
      "m" : "4611686018427691697"
    }, {
      "d" : "1756388025393884352",
      "t" : 1756388025393,
      "tn" : 1756388025393884352,
      "q" : "1",
      "p" : "0.08833",
      "s" : "buy",
      "i" : "GOATUSD-PERP",
      "m" : "4611686018427691696"
    }, {
      "d" : "1756385964096400891",
      "t" : 1756385964096,
      "tn" : 1756385964096400890,
      "q" : "1",
      "p" : "0.08756",
      "s" : "sell",
      "i" : "GOATUSD-PERP",
      "m" : "4611686018427691695"
    }, {
      "d" : "1756385964096400890",
      "t" : 1756385964096,
      "tn" : 1756385964096400890,
      "q" : "1",
      "p" : "0.08756",
      "s" : "sell",
      "i" : "GOATUSD-PERP",
      "m" : "4611686018427691695"
    }, {
      "d" : "1756385881795466702",
      "t" : 1756385881795,
      "tn" : 1756385881795466702,
      "q" : "1",
      "p" : "0.08767",
      "s" : "sell",
      "i" : "GOATUSD-PERP",
      "m" : "4611686018427691694"
    } ]
  }
}