{
  "id" : -1,
  "method" : "public/get-trades",
  "code" : 0,
  "result" : {
    "data" : [ {
      "d" : "1756457493511608281",
      "t" : 1756457493511,
      "tn" : 1756457493511608281,
      "q" : "259",
      "p" : "0.08355",
      "s" : "sell",
      "i" : "GOAT_USD",
      "m" : "4611686018427813049"
    }, {
      "d" : "1756455971236203250",
      "t" : 1756455971236,
      "tn" : 1756455971236203250,
      "q" : "14",
      "p" : "0.08385",
      "s" : "sell",
      "i" : "GOAT_USD",
      "m" : "4611686018427813048"
    }, {
      "d" : "1756455971131055400",
      "t" : 1756455971131,
      "tn" : 1756455971131055400,
      "q" : "14",
      "p" : "0.08385",
      "s" : "sell",
      "i" : "GOAT_USD",
      "m" : "4611686018427813047"
    }, {
      "d" : "1756455971035874418",
      "t" : 1756455971035,
      "tn" : 1756455971035874418,
      "q" : "14",
      "p" : "0.08385",
      "s" : "sell",
      "i" : "GOAT_USD",
      "m" : "4611686018427813046"
    }, {
      "d" : "1756455971001168088",
      "t" : 1756455971001,
      "tn" : 1756455971001168088,
      "q" : "14",
      "p" : "0.08384",
      "s" : "sell",
      "i" : "GOAT_USD",
      "m" : "4611686018427813045"
    }, {
      "d" : "1756455970955705290",
      "t" : 1756455970955,
      "tn" : 1756455970955705290,
      "q" : "14",
      "p" : "0.08384",
      "s" : "sell",
      "i" : "GOAT_USD",
      "m" : "4611686018427813044"
    }, {
      "d" : "1756455970940811446",
      "t" : 1756455970940,
      "tn" : 1756455970940811446,
      "q" : "14",
      "p" : "0.08384",
      "s" : "sell",
      "i" : "GOAT_USD",
      "m" : "4611686018427813043"
    }, {
      "d" : "1756455966294604387",
      "t" : 1756455966294,
      "tn" : 1756455966294604387,
      "q" : "14",
      "p" : "0.08384",
      "s" : "sell",
      "i" : "GOAT_USD",
      "m" : "4611686018427813042"
    }, {
      "d" : "1756449569227882444",
      "t" : 1756449569227,
      "tn" : 1756449569227882444,
      "q" : "88",
      "p" : "0.08695",
      "s" : "sell",
      "i" : "GOAT_USD",
      "m" : "4611686018427813041"
    }, {
      "d" : "1756449569227880424",
      "t" : 1756449569227,
      "tn" : 1756449569227880424,
      "q" : "12",
      "p" : "0.08705",
      "s" : "sell",
      "i" : "GOAT_USD",
      "m" : "4611686018427813040"
    }, {
      "d" : "1756449082374203698",
      "t" : 1756449082374,
      "tn" : 1756449082374203698,
      "q" : "636",
      "p" : "0.08702",
      "s" : "sell",
      "i" : "GOAT_USD",
      "m" : "4611686018427813039"
    }, {
      "d" : "1756449082374201565",
      "t" : 1756449082374,
      "tn" : 1756449082374201565,
      "q" : "14",
      "p" : "0.08706",
      "s" : "sell",
      "i" : "GOAT_USD",
      "m" : "4611686018427813038"
    }, {
      "d" : "1756448525796447752",
      "t" : 1756448525796,
      "tn" : 1756448525796447752,
      "q" : "656",
      "p" : "0.08737",
      "s" : "buy",
      "i" : "GOAT_USD",
      "m" : "4611686018427813037"
    }, {
      "d" : "1756448525774889140",
      "t" : 1756448525774,
      "tn" : 1756448525774889140,
      "q" : "12",
      "p" : "0.08777",
      "s" : "sell",
      "i" : "GOAT_USD",
      "m" : "4611686018427813036"
    }, {
      "d" : "1756445965922729398",
      "t" : 1756445965922,
      "tn" : 1756445965922729398,
      "q" : "14",
      "p" : "0.08808",
      "s" : "sell",
      "i" : "GOAT_USD",
      "m" : "4611686018427813035"
    }, {
      "d" : "1756444872148788866",
      "t" : 1756444872148,
      "tn" : 1756444872148788866,
      "q" : "1753",
      "p" : "0.08777",
      "s" : "sell",
      "i" : "GOAT_USD",
      "m" : "4611686018427813034"
    }, {
      "d" : "1756444872148787095",
      "t" : 1756444872148,
      "tn" : 1756444872148787095,
      "q" : "500",
      "p" : "0.08778",
      "s" : "sell",
      "i" : "GOAT_USD",
      "m" : "4611686018427813033"
    }, {
      "d" : "1756444872147621441",
      "t" : 1756444872147,
      "tn" : 1756444872147621441,
      "q" : "12",
      "p" : "0.08818",
      "s" : "sell",
      "i" : "GOAT_USD",
      "m" : "4611686018427813032"
    }, {
      "d" : "1756441755700607775",
      "t" : 1756441755700,
      "tn" : 1756441755700607774,
      "q" : "4",
      "p" : "0.08872",
      "s" : "buy",
      "i" : "GOAT_USD",
      "m" : "4611686018427813031"
    }, {
      "d" : "1756441755700607774",
      "t" : 1756441755700,
      "tn" : 1756441755700607774,
      "q" : "10",
      "p" : "0.08872",
      "s" : "buy",
      "i" : "GOAT_USD",
      "m" : "4611686018427813031"
    }, {
      "d" : "1756441591524682493",
      "t" : 1756441591524,
      "tn" : 1756441591524682493,
      "q" : "2",
      "p" : "0.08872",
      "s" : "buy",
      "i" : "GOAT_USD",
      "m" : "4611686018427813030"
    }, {
      "d" : "1756441591524680484",
      "t" : 1756441591524,
      "tn" : 1756441591524680484,
      "q" : "12",
      "p" : "0.08871",
      "s" : "buy",
      "i" : "GOAT_USD",
      "m" : "4611686018427813029"
    }, {
      "d" : "1756439791372902599",
      "t" : 1756439791372,
      "tn" : 1756439791372902599,
      "q" : "1008",
      "p" : "0.08855",
      "s" : "sell",
      "i" : "GOAT_USD",
      "m" : "4611686018427813028"
    }, {
      "d" : "1756439791372900910",
      "t" : 1756439791372,
      "tn" : 1756439791372900910,
      "q" : "114",
      "p" : "0.08856",
      "s" : "sell",
      "i" : "GOAT_USD",
      "m" : "4611686018427813027"
    }, {
      "d" : "1756439791372898238",
      "t" : 1756439791372,
      "tn" : 1756439791372898237,
      "q" : "14",
      "p" : "0.08871",
      "s" : "sell",
      "i" : "GOAT_USD",
      "m" : "4611686018427813026"
    }, {
      "d" : "1756439791372898237",
      "t" : 1756439791372,
      "tn" : 1756439791372898237,
      "q" : "12",
      "p" : "0.08871",
      "s" : "sell",
      "i" : "GOAT_USD",
      "m" : "4611686018427813026"
    }, {
      "d" : "1756439530832128809",
      "t" : 1756439530832,
      "tn" : 1756439530832128809,
      "q" : "13",
      "p" : "0.08861",
      "s" : "sell",
      "i" : "GOAT_USD",
      "m" : "4611686018427813025"
    }, {
      "d" : "1756439504362746041",
      "t" : 1756439504362,
      "tn" : 1756439504362746041,
      "q" : "12",
      "p" : "0.08839",
      "s" : "buy",
      "i" : "GOAT_USD",
      "m" : "4611686018427813024"
    }, {
      "d" : "1756439431687220722",
      "t" : 1756439431687,
      "tn" : 1756439431687220718,
      "q" : "12",
      "p" : "0.08838",
      "s" : "buy",
      "i" : "GOAT_USD",
      "m" : "4611686018427813023"
    }, {
      "d" : "1756439431687220721",
      "t" : 1756439431687,
      "tn" : 1756439431687220718,
      "q" : "12",
      "p" : "0.08838",
      "s" : "buy",
      "i" : "GOAT_USD",
      "m" : "4611686018427813023"
    }, {
      "d" : "1756439431687220720",
      "t" : 1756439431687,
      "tn" : 1756439431687220718,
      "q" : "12",
      "p" : "0.08838",
      "s" : "buy",
      "i" : "GOAT_USD",
      "m" : "4611686018427813023"
    }, {
      "d" : "1756439431687220719",
      "t" : 1756439431687,
      "tn" : 1756439431687220718,
      "q" : "12",
      "p" : "0.08838",
      "s" : "buy",
      "i" : "GOAT_USD",
      "m" : "4611686018427813023"
    }, {
      "d" : "1756439431687220718",
      "t" : 1756439431687,
      "tn" : 1756439431687220718,
      "q" : "12",
      "p" : "0.08838",
      "s" : "buy",
      "i" : "GOAT_USD",
      "m" : "4611686018427813023"
    }, {
      "d" : "1756439431687213214",
      "t" : 1756439431687,
      "tn" : 1756439431687213214,
      "q" : "12",
      "p" : "0.08821",
      "s" : "buy",
      "i" : "GOAT_USD",
      "m" : "4611686018427813022"
    }, {
      "d" : "1756439224242323240",
      "t" : 1756439224242,
      "tn" : 1756439224242323240,
      "q" : "2",
      "p" : "0.08811",
      "s" : "sell",
      "i" : "GOAT_USD",
      "m" : "4611686018427813021"
    }, {
      "d" : "1756439224242321406",
      "t" : 1756439224242,
      "tn" : 1756439224242321406,
      "q" : "12",
      "p" : "0.08820",
      "s" : "sell",
      "i" : "GOAT_USD",
      "m" : "4611686018427813020"
    }, {
      "d" : "1756438673109067129",
      "t" : 1756438673109,
      "tn" : 1756438673109067129,
      "q" : "122",
      "p" : "0.08834",
      "s" : "buy",
      "i" : "GOAT_USD",
      "m" : "4611686018427813019"
    }, {
      "d" : "1756438461609367112",
      "t" : 1756438461609,
      "tn" : 1756438461609367111,
      "q" : "2",
      "p" : "0.08811",
      "s" : "sell",
      "i" : "GOAT_USD",
      "m" : "4611686018427813018"
    }, {
      "d" : "1756438461609367111",
      "t" : 1756438461609,
      "tn" : 1756438461609367111,
      "q" : "12",
      "p" : "0.08811",
      "s" : "sell",
      "i" : "GOAT_USD",
      "m" : "4611686018427813018"
    }, {
      "d" : "1756436856388048735",
      "t" : 1756436856388,
      "tn" : 1756436856388048734,
      "q" : "12",
      "p" : "0.08838",
      "s" : "sell",
      "i" : "GOAT_USD",
      "m" : "4611686018427813017"
    }, {
      "d" : "1756436856388048734",
      "t" : 1756436856388,
      "tn" : 1756436856388048734,
      "q" : "10",
      "p" : "0.08838",
      "s" : "sell",
      "i" : "GOAT_USD",
      "m" : "4611686018427813017"
    }, {
      "d" : "1756434966037131760",
      "t" : 1756434966037,
      "tn" : 1756434966037131759,
      "q" : "2",
      "p" : "0.08838",
      "s" : "sell",
      "i" : "GOAT_USD",
      "m" : "4611686018427813016"
    }, {
      "d" : "1756434966037131759",
      "t" : 1756434966037,
      "tn" : 1756434966037131759,
      "q" : "12",
      "p" : "0.08838",
      "s" : "sell",
      "i" : "GOAT_USD",
      "m" : "4611686018427813016"
    }, {
      "d" : "1756433013401152282",
      "t" : 1756433013401,
      "tn" : 1756433013401152282,
      "q" : "136",
      "p" : "0.08773",
      "s" : "buy",
      "i" : "GOAT_USD",
      "m" : "4611686018427813015"
    }, {
      "d" : "1756433013390177095",
      "t" : 1756433013390,
      "tn" : 1756433013390177095,
      "q" : "14",
      "p" : "0.08782",
      "s" : "sell",
      "i" : "GOAT_USD",
      "m" : "4611686018427813014"
    }, {
      "d" : "1756431154756728493",
      "t" : 1756431154756,
      "tn" : 1756431154756728493,
      "q" : "257",
      "p" : "0.08789",
      "s" : "sell",
      "i" : "GOAT_USD",
      "m" : "4611686018427813013"
    }, {
      "d" : "1756431154756726189",
      "t" : 1756431154756,
      "tn" : 1756431154756726189,
      "q" : "14",
      "p" : "0.08792",
      "s" : "sell",
      "i" : "GOAT_USD",
      "m" : "4611686018427813012"
    }, {
      "d" : "1756431154262768096",
      "t" : 1756431154262,
      "tn" : 1756431154262768095,
      "q" : "14",
      "p" : "0.08796",
      "s" : "sell",
      "i" : "GOAT_USD",
      "m" : "4611686018427813011"
    }, {
      "d" : "1756431154262768095",
      "t" : 1756431154262,
      "tn" : 1756431154262768095,
      "q" : "2880",
      "p" : "0.08796",
      "s" : "sell",
      "i" : "GOAT_USD",
      "m" : "4611686018427813011"
    }, {
      "d" : "1756431075166251402",
      "t" : 1756431075166,
      "tn" : 1756431075166251402,
      "q" : "2270",
      "p" : "0.08821",
      "s" : "buy",
      "i" : "GOAT_USD",
      "m" : "4611686018427813010"
    }, {
      "d" : "1756431075164360995",
      "t" : 1756431075164,
      "tn" : 1756431075164360995,
      "q" : "568",
      "p" : "0.08813",
      "s" : "buy",
      "i" : "GOAT_USD",
      "m" : "4611686018427813009"
    }, {
      "d" : "1756431075164359252",
      "t" : 1756431075164,
      "tn" : 1756431075164359252,
      "q" : "1135",
      "p" : "0.08808",
      "s" : "buy",
      "i" : "GOAT_USD",
      "m" : "4611686018427813008"
    }, {
      "d" : "1756431075164357807",
      "t" : 1756431075164,
      "tn" : 1756431075164357807,
      "q" : "14",
      "p" : "0.08802",
      "s" : "buy",
      "i" : "GOAT_USD",
      "m" : "4611686018427813007"
    }, {
      "d" : "1756429708027545951",
      "t" : 1756429708027,
      "tn" : 1756429708027545951,
      "q" : "2234",
      "p" : "0.08843",
      "s" : "sell",
      "i" : "GOAT_USD",
      "m" : "4611686018427813006"
    }, {
      "d" : "1756429708027544379",
      "t" : 1756429708027,
      "tn" : 1756429708027544379,
      "q" : "14",
      "p" : "0.08844",
      "s" : "sell",
      "i" : "GOAT_USD",
      "m" : "4611686018427813005"
    }, {
      "d" : "1756429705478620502",
      "t" : 1756429705478,
      "tn" : 1756429705478620502,
      "q" : "372",
      "p" : "0.08853",
      "s" : "sell",
      "i" : "GOAT_USD",
      "m" : "4611686018427813004"
    }, {
      "d" : "1756429705478168799",
      "t" : 1756429705478,
      "tn" : 1756429705478168799,
      "q" : "1572",
      "p" : "0.08853",
      "s" : "sell",
      "i" : "GOAT_USD",
      "m" : "4611686018427813003"
    }, {
      "d" : "1756429705333281222",
      "t" : 1756429705333,
      "tn" : 1756429705333281222,
      "q" : "312",
      "p" : "0.08853",
      "s" : "sell",
      "i" : "GOAT_USD",
      "m" : "4611686018427813002"
    }, {
      "d" : "1756429595787696615",
      "t" : 1756429595787,
      "tn" : 1756429595787696615,
      "q" : "500",
      "p" : "0.08874",
      "s" : "sell",
      "i" : "GOAT_USD",
      "m" : "4611686018427813001"
    }, {
      "d" : "1756429595787694373",
      "t" : 1756429595787,
      "tn" : 1756429595787694373,
      "q" : "12",
      "p" : "0.08921",
      "s" : "sell",
      "i" : "GOAT_USD",
      "m" : "4611686018427813000"
    }, {
      "d" : "1756429250206962928",
      "t" : 1756429250206,
      "tn" : 1756429250206962928,
      "q" : "118",
      "p" : "0.08924",
      "s" : "sell",
      "i" : "GOAT_USD",
      "m" : "4611686018427812999"
    }, {
      "d" : "1756429247626912202",
      "t" : 1756429247626,
      "tn" : 1756429247626912202,
      "q" : "154",
      "p" : "0.08927",
      "s" : "sell",
      "i" : "GOAT_USD",
      "m" : "4611686018427812998"
    }, {
      "d" : "1756429141626878904",
      "t" : 1756429141626,
      "tn" : 1756429141626878904,
      "q" : "236",
      "p" : "0.08912",
      "s" : "sell",
      "i" : "GOAT_USD",
      "m" : "4611686018427812997"
    }, {
      "d" : "1756429141626876553",
      "t" : 1756429141626,
      "tn" : 1756429141626876553,
      "q" : "12",
      "p" : "0.08924",
      "s" : "sell",
      "i" : "GOAT_USD",
      "m" : "4611686018427812996"
    }, {
      "d" : "1756426573439443040",
      "t" : 1756426573439,
      "tn" : 1756426573439443040,
      "q" : "990",
      "p" : "0.08930",
      "s" : "buy",
      "i" : "GOAT_USD",
      "m" : "4611686018427812995"
    }, {
      "d" : "1756426573439440951",
      "t" : 1756426573439,
      "tn" : 1756426573439440951,
      "q" : "14",
      "p" : "0.08923",
      "s" : "buy",
      "i" : "GOAT_USD",
      "m" : "4611686018427812994"
    }, {
      "d" : "1756426526460383030",
      "t" : 1756426526460,
      "tn" : 1756426526460383030,
      "q" : "2",
      "p" : "0.08914",
      "s" : "sell",
      "i" : "GOAT_USD",
      "m" : "4611686018427812993"
    }, {
      "d" : "1756426526460381465",
      "t" : 1756426526460,
      "tn" : 1756426526460381465,
      "q" : "12",
      "p" : "0.08924",
      "s" : "sell",
      "i" : "GOAT_USD",
      "m" : "4611686018427812992"
    }, {
      "d" : "1756422126519984356",
      "t" : 1756422126519,
      "tn" : 1756422126519984356,
      "q" : "149",
      "p" : "0.08958",
      "s" : "buy",
      "i" : "GOAT_USD",
      "m" : "4611686018427812991"
    }, {
      "d" : "1756420331474979450",
      "t" : 1756420331474,
      "tn" : 1756420331474979450,
      "q" : "88",
      "p" : "0.08928",
      "s" : "buy",
      "i" : "GOAT_USD",
      "m" : "4611686018427812990"
    }, {
      "d" : "1756407399505855831",
      "t" : 1756407399505,
      "tn" : 1756407399505855831,
      "q" : "217",
      "p" : "0.08748",
      "s" : "sell",
      "i" : "GOAT_USD",
      "m" : "4611686018427812989"
    }, {
      "d" : "1756405715696668538",
      "t" : 1756405715696,
      "tn" : 1756405715696668532,
      "q" : "12",
      "p" : "0.08722",
      "s" : "buy",
      "i" : "GOAT_USD",
      "m" : "4611686018427812988"
    }, {
      "d" : "1756405715696668537",
      "t" : 1756405715696,
      "tn" : 1756405715696668532,
      "q" : "12",
      "p" : "0.08722",
      "s" : "buy",
      "i" : "GOAT_USD",
      "m" : "4611686018427812988"
    }, {
      "d" : "1756405715696668536",
      "t" : 1756405715696,
      "tn" : 1756405715696668532,
      "q" : "12",
      "p" : "0.08722",
      "s" : "buy",
      "i" : "GOAT_USD",
      "m" : "4611686018427812988"
    }, {
      "d" : "1756405715696668535",
      "t" : 1756405715696,
      "tn" : 1756405715696668532,
      "q" : "12",
      "p" : "0.08722",
      "s" : "buy",
      "i" : "GOAT_USD",
      "m" : "4611686018427812988"
    }, {
      "d" : "1756405715696668534",
      "t" : 1756405715696,
      "tn" : 1756405715696668532,
      "q" : "12",
      "p" : "0.08722",
      "s" : "buy",
      "i" : "GOAT_USD",
      "m" : "4611686018427812988"
    }, {
      "d" : "1756405715696668533",
      "t" : 1756405715696,
      "tn" : 1756405715696668532,
      "q" : "12",
      "p" : "0.08722",
      "s" : "buy",
      "i" : "GOAT_USD",
      "m" : "4611686018427812988"
    }, {
      "d" : "1756405715696668532",
      "t" : 1756405715696,
      "tn" : 1756405715696668532,
      "q" : "12",
      "p" : "0.08722",
      "s" : "buy",
      "i" : "GOAT_USD",
      "m" : "4611686018427812988"
    }, {
      "d" : "1756405715696659750",
      "t" : 1756405715696,
      "tn" : 1756405715696659750,
      "q" : "12",
      "p" : "0.08721",
      "s" : "buy",
      "i" : "GOAT_USD",
      "m" : "4611686018427812987"
    }, {
      "d" : "1756404031771594899",
      "t" : 1756404031771,
      "tn" : 1756404031771594899,
      "q" : "1494",
      "p" : "0.08725",
      "s" : "buy",
      "i" : "GOAT_USD",
      "m" : "4611686018427812986"
    }, {
      "d" : "1756404031771593055",
      "t" : 1756404031771,
      "tn" : 1756404031771593055,
      "q" : "1146",
      "p" : "0.08722",
      "s" : "buy",
      "i" : "GOAT_USD",
      "m" : "4611686018427812985"
    }, {
      "d" : "1756404031771589987",
      "t" : 1756404031771,
      "tn" : 1756404031771589987,
      "q" : "14",
      "p" : "0.08712",
      "s" : "buy",
      "i" : "GOAT_USD",
      "m" : "4611686018427812984"
    }, {
      "d" : "1756400644551006326",
      "t" : 1756400644551,
      "tn" : 1756400644551006326,
      "q" : "14",
      "p" : "0.08645",
      "s" : "sell",
      "i" : "GOAT_USD",
      "m" : "4611686018427812983"
    }, {
      "d" : "1756400356728677045",
      "t" : 1756400356728,
      "tn" : 1756400356728677045,
      "q" : "1162",
      "p" : "0.08603",
      "s" : "sell",
      "i" : "GOAT_USD",
      "m" : "4611686018427812982"
    }, {
      "d" : "1756400355110081765",
      "t" : 1756400355110,
      "tn" : 1756400355110081765,
      "q" : "170",
      "p" : "0.08638",
      "s" : "sell",
      "i" : "GOAT_USD",
      "m" : "4611686018427812981"
    }, {
      "d" : "1756392924476124690",
      "t" : 1756392924476,
      "tn" : 1756392924476124690,
      "q" : "168",
      "p" : "0.08859",
      "s" : "buy",
      "i" : "GOAT_USD",
      "m" : "4611686018427812980"
    }, {
      "d" : "1756392117475193279",
      "t" : 1756392117475,
      "tn" : 1756392117475193279,
      "q" : "151",
      "p" : "0.08808",
      "s" : "buy",
      "i" : "GOAT_USD",
      "m" : "4611686018427812979"
    }, {
      "d" : "1756389600714414007",
      "t" : 1756389600714,
      "tn" : 1756389600714414007,
      "q" : "2314",
      "p" : "0.08758",
      "s" : "buy",
      "i" : "GOAT_USD",
      "m" : "4611686018427812978"
    }, {
      "d" : "1756389600674944788",
      "t" : 1756389600674,
      "tn" : 1756389600674944788,
      "q" : "14",
      "p" : "0.08758",
      "s" : "buy",
      "i" : "GOAT_USD",
      "m" : "4611686018427812977"
    }, {
      "d" : "1756389600582711113",
      "t" : 1756389600582,
      "tn" : 1756389600582711113,
      "q" : "1146",
      "p" : "0.08758",
      "s" : "buy",
      "i" : "GOAT_USD",
      "m" : "4611686018427812976"
    }, {
      "d" : "1756388714740000084",
      "t" : 1756388714740,
      "tn" : 1756388714740000084,
      "q" : "14",
      "p" : "0.08758",
      "s" : "buy",
      "i" : "GOAT_USD",
      "m" : "4611686018427812975"
    }, {
      "d" : "1756388714639892122",
      "t" : 1756388714639,
      "tn" : 1756388714639892122,
      "q" : "14",
      "p" : "0.08758",
      "s" : "buy",
      "i" : "GOAT_USD",
      "m" : "4611686018427812974"
    }, {
      "d" : "1756388714539621298",
      "t" : 1756388714539,
      "tn" : 1756388714539621298,
      "q" : "14",
      "p" : "0.08758",
      "s" : "buy",
      "i" : "GOAT_USD",
      "m" : "4611686018427812973"
    }, {
      "d" : "1756388714299110868",
      "t" : 1756388714299,
      "tn" : 1756388714299110868,
      "q" : "14",
      "p" : "0.08758",
      "s" : "buy",
      "i" : "GOAT_USD",
      "m" : "4611686018427812972"
    }, {
      "d" : "1756388714269091276",
      "t" : 1756388714269,
      "tn" : 1756388714269091276,
      "q" : "14",
      "p" : "0.08758",
      "s" : "buy",
      "i" : "GOAT_USD",
      "m" : "4611686018427812971"
    }, {
      "d" : "1756388714259055706",
      "t" : 1756388714259,
      "tn" : 1756388714259055706,
      "q" : "14",
      "p" : "0.08758",
      "s" : "buy",
      "i" : "GOAT_USD",
      "m" : "4611686018427812970"
    }, {
      "d" : "1756388714239044805",
      "t" : 1756388714239,
      "tn" : 1756388714239044805,
      "q" : "14",
      "p" : "0.08758",
      "s" : "buy",
      "i" : "GOAT_USD",
      "m" : "4611686018427812969"
    }, {
      "d" : "1756388714229125855",
      "t" : 1756388714229,
      "tn" : 1756388714229125855,
      "q" : "14",
      "p" : "0.08758",
      "s" : "buy",
      "i" : "GOAT_USD",
      "m" : "4611686018427812968"
    }, {
      "d" : "1756388714144362169",
      "t" : 1756388714144,
      "tn" : 1756388714144362169,
      "q" : "14",
      "p" : "0.08758",
      "s" : "buy",
      "i" : "GOAT_USD",
      "m" : "4611686018427812967"
    }, {
      "d" : "1756388714063459691",
      "t" : 1756388714063,
      "tn" : 1756388714063459691,
      "q" : "1412",
      "p" : "0.08758",
      "s" : "buy",
      "i" : "GOAT_USD",
      "m" : "4611686018427812966"
    }, {
      "d" : "1756388714038717726",
      "t" : 1756388714038,
      "tn" : 1756388714038717726,
      "q" : "14",
      "p" : "0.08758",
      "s" : "buy",
      "i" : "GOAT_USD",
      "m" : "4611686018427812965"
    }, {
      "d" : "1756388713938549931",
      "t" : 1756388713938,
      "tn" : 1756388713938549931,
      "q" : "14",
      "p" : "0.08758",
      "s" : "buy",
      "i" : "GOAT_USD",
      "m" : "4611686018427812964"
    }, {
      "d" : "1756388713842523447",
      "t" : 1756388713842,
      "tn" : 1756388713842523447,
      "q" : "14",
      "p" : "0.08758",
      "s" : "buy",
      "i" : "GOAT_USD",
      "m" : "4611686018427812963"
    }, {
      "d" : "1756388713752365941",
      "t" : 1756388713752,
      "tn" : 1756388713752365941,
      "q" : "14",
      "p" : "0.08758",
      "s" : "buy",
      "i" : "GOAT_USD",
      "m" : "4611686018427812962"
    }, {
      "d" : "1756388713742391700",
      "t" : 1756388713742,
      "tn" : 1756388713742391700,
      "q" : "14",
      "p" : "0.08758",
      "s" : "buy",
      "i" : "GOAT_USD",
      "m" : "4611686018427812961"
    }, {
      "d" : "1756388713652273084",
      "t" : 1756388713652,
      "tn" : 1756388713652273084,
      "q" : "14",
      "p" : "0.08758",
      "s" : "buy",
      "i" : "GOAT_USD",
      "m" : "4611686018427812960"
    }, {
      "d" : "1756388713637259535",
      "t" : 1756388713637,
      "tn" : 1756388713637259535,
      "q" : "14",
      "p" : "0.08758",
      "s" : "buy",
      "i" : "GOAT_USD",
      "m" : "4611686018427812959"
    }, {
      "d" : "1756388713627331893",
      "t" : 1756388713627,
      "tn" : 1756388713627331893,
      "q" : "14",
      "p" : "0.08758",
      "s" : "buy",
      "i" : "GOAT_USD",
      "m" : "4611686018427812958"
    }, {
      "d" : "1756388713548214932",
      "t" : 1756388713548,
      "tn" : 1756388713548214932,
      "q" : "1688",
      "p" : "0.08758",
      "s" : "buy",
      "i" : "GOAT_USD",
      "m" : "4611686018427812957"
    }, {
      "d" : "1756388713536926783",
      "t" : 1756388713536,
      "tn" : 1756388713536926783,
      "q" : "14",
      "p" : "0.08758",
      "s" : "buy",
      "i" : "GOAT_USD",
      "m" : "4611686018427812956"
    }, {
      "d" : "1756388713521925890",
      "t" : 1756388713521,
      "tn" : 1756388713521925890,
      "q" : "14",
      "p" : "0.08758",
      "s" : "buy",
      "i" : "GOAT_USD",
      "m" : "4611686018427812955"
    }, {
      "d" : "1756388713062854475",
      "t" : 1756388713062,
      "tn" : 1756388713062854475,
      "q" : "1385",
      "p" : "0.08758",
      "s" : "buy",
      "i" : "GOAT_USD",
      "m" : "4611686018427812954"
    }, {
      "d" : "1756388712945950731",
      "t" : 1756388712945,
      "tn" : 1756388712945950731,
      "q" : "14",
      "p" : "0.08758",
      "s" : "buy",
      "i" : "GOAT_USD",
      "m" : "4611686018427812953"
    }, {
      "d" : "1756388712936026308",
      "t" : 1756388712936,
      "tn" : 1756388712936026308,
      "q" : "14",
      "p" : "0.08758",
      "s" : "buy",
      "i" : "GOAT_USD",
      "m" : "4611686018427812952"
    }, {
      "d" : "1756388712739834807",
      "t" : 1756388712739,
      "tn" : 1756388712739834807,
      "q" : "14",
      "p" : "0.08758",
      "s" : "buy",
      "i" : "GOAT_USD",
      "m" : "4611686018427812951"
    }, {
      "d" : "1756388712639660380",
      "t" : 1756388712639,
      "tn" : 1756388712639660380,
      "q" : "14",
      "p" : "0.08758",
      "s" : "buy",
      "i" : "GOAT_USD",
      "m" : "4611686018427812950"
    }, {
      "d" : "1756388712524171345",
      "t" : 1756388712524,
      "tn" : 1756388712524171345,
      "q" : "14",
      "p" : "0.08758",
      "s" : "buy",
      "i" : "GOAT_USD",
      "m" : "4611686018427812949"
    }, {
      "d" : "1756388712439014902",
      "t" : 1756388712439,
      "tn" : 1756388712439014902,
      "q" : "14",
      "p" : "0.08758",
      "s" : "buy",
      "i" : "GOAT_USD",
      "m" : "4611686018427812948"
    }, {
      "d" : "1756388712338889103",
      "t" : 1756388712338,
      "tn" : 1756388712338889103,
      "q" : "14",
      "p" : "0.08758",
      "s" : "buy",
      "i" : "GOAT_USD",
      "m" : "4611686018427812947"
    }, {
      "d" : "1756388712268813579",
      "t" : 1756388712268,
      "tn" : 1756388712268813579,
      "q" : "14",
      "p" : "0.08758",
      "s" : "buy",
      "i" : "GOAT_USD",
      "m" : "4611686018427812946"
    }, {
      "d" : "1756388712258844386",
      "t" : 1756388712258,
      "tn" : 1756388712258844386,
      "q" : "14",
      "p" : "0.08758",
      "s" : "buy",
      "i" : "GOAT_USD",
      "m" : "4611686018427812945"
    }, {
      "d" : "1756388712218768524",
      "t" : 1756388712218,
      "tn" : 1756388712218768524,
      "q" : "14",
      "p" : "0.08758",
      "s" : "buy",
      "i" : "GOAT_USD",
      "m" : "4611686018427812944"
    }, {
      "d" : "1756388712138654686",
      "t" : 1756388712138,
      "tn" : 1756388712138654686,
      "q" : "14",
      "p" : "0.08758",
      "s" : "buy",
      "i" : "GOAT_USD",
      "m" : "4611686018427812943"
    }, {
      "d" : "1756388712073533868",
      "t" : 1756388712073,
      "tn" : 1756388712073533868,
      "q" : "14",
      "p" : "0.08758",
      "s" : "buy",
      "i" : "GOAT_USD",
      "m" : "4611686018427812942"
    }, {
      "d" : "1756388712062705902",
      "t" : 1756388712062,
      "tn" : 1756388712062705902,
      "q" : "1757",
      "p" : "0.08758",
      "s" : "buy",
      "i" : "GOAT_USD",
      "m" : "4611686018427812941"
    }, {
      "d" : "1756388712038548843",
      "t" : 1756388712038,
      "tn" : 1756388712038548843,
      "q" : "14",
      "p" : "0.08758",
      "s" : "buy",
      "i" : "GOAT_USD",
      "m" : "4611686018427812940"
    }, {
      "d" : "1756388711938362084",
      "t" : 1756388711938,
      "tn" : 1756388711938362084,
      "q" : "14",
      "p" : "0.08758",
      "s" : "buy",
      "i" : "GOAT_USD",
      "m" : "4611686018427812939"
    }, {
      "d" : "1756388711893301142",
      "t" : 1756388711893,
      "tn" : 1756388711893301142,
      "q" : "14",
      "p" : "0.08758",
      "s" : "buy",
      "i" : "GOAT_USD",
      "m" : "4611686018427812938"
    }, {
      "d" : "1756388711837281210",
      "t" : 1756388711837,
      "tn" : 1756388711837281210,
      "q" : "14",
      "p" : "0.08758",
      "s" : "buy",
      "i" : "GOAT_USD",
      "m" : "4611686018427812937"
    }, {
      "d" : "1756388711812259091",
      "t" : 1756388711812,
      "tn" : 1756388711812259091,
      "q" : "14",
      "p" : "0.08758",
      "s" : "buy",
      "i" : "GOAT_USD",
      "m" : "4611686018427812936"
    }, {
      "d" : "1756388711797254352",
      "t" : 1756388711797,
      "tn" : 1756388711797254352,
      "q" : "14",
      "p" : "0.08758",
      "s" : "buy",
      "i" : "GOAT_USD",
      "m" : "4611686018427812935"
    }, {
      "d" : "1756388711757278561",
      "t" : 1756388711757,
      "tn" : 1756388711757278561,
      "q" : "14",
      "p" : "0.08758",
      "s" : "buy",
      "i" : "GOAT_USD",
      "m" : "4611686018427812934"
    }, {
      "d" : "1756388711637033233",
      "t" : 1756388711637,
      "tn" : 1756388711637033233,
      "q" : "14",
      "p" : "0.08758",
      "s" : "buy",
      "i" : "GOAT_USD",
      "m" : "4611686018427812933"
    }, {
      "d" : "1756388711536735205",
      "t" : 1756388711536,
      "tn" : 1756388711536735205,
      "q" : "14",
      "p" : "0.08758",
      "s" : "buy",
      "i" : "GOAT_USD",
      "m" : "4611686018427812932"
    }, {
      "d" : "1756388711441436007",
      "t" : 1756388711441,
      "tn" : 1756388711441436007,
      "q" : "14",
      "p" : "0.08758",
      "s" : "buy",
      "i" : "GOAT_USD",
      "m" : "4611686018427812931"
    }, {
      "d" : "1756388711396327533",
      "t" : 1756388711396,
      "tn" : 1756388711396327533,
      "q" : "14",
      "p" : "0.08758",
      "s" : "buy",
      "i" : "GOAT_USD",
      "m" : "4611686018427812930"
    }, {
      "d" : "1756388711341275081",
      "t" : 1756388711341,
      "tn" : 1756388711341275081,
      "q" : "14",
      "p" : "0.08758",
      "s" : "buy",
      "i" : "GOAT_USD",
      "m" : "4611686018427812929"
    }, {
      "d" : "1756388711236087463",
      "t" : 1756388711236,
      "tn" : 1756388711236087463,
      "q" : "14",
      "p" : "0.08758",
      "s" : "buy",
      "i" : "GOAT_USD",
      "m" : "4611686018427812928"
    }, {
      "d" : "1756388711141045867",
      "t" : 1756388711141,
      "tn" : 1756388711141045867,
      "q" : "14",
      "p" : "0.08758",
      "s" : "buy",
      "i" : "GOAT_USD",
      "m" : "4611686018427812927"
    }, {
      "d" : "1756388711062479855",
      "t" : 1756388711062,
      "tn" : 1756388711062479855,
      "q" : "1849",
      "p" : "0.08758",
      "s" : "buy",
      "i" : "GOAT_USD",
      "m" : "4611686018427812926"
    }, {
      "d" : "1756388711049736329",
      "t" : 1756388711049,
      "tn" : 1756388711049736329,
      "q" : "2285",
      "p" : "0.08758",
      "s" : "buy",
      "i" : "GOAT_USD",
      "m" : "4611686018427812925"
    }, {
      "d" : "1756388711035770015",
      "t" : 1756388711035,
      "tn" : 1756388711035770015,
      "q" : "14",
      "p" : "0.08758",
      "s" : "buy",
      "i" : "GOAT_USD",
      "m" : "4611686018427812924"
    }, {
      "d" : "1756388710970186687",
      "t" : 1756388710970,
      "tn" : 1756388710970186687,
      "q" : "2281",
      "p" : "0.08758",
      "s" : "buy",
      "i" : "GOAT_USD",
      "m" : "4611686018427812923"
    }, {
      "d" : "1756388710950684066",
      "t" : 1756388710950,
      "tn" : 1756388710950684066,
      "q" : "14",
      "p" : "0.08758",
      "s" : "buy",
      "i" : "GOAT_USD",
      "m" : "4611686018427812922"
    }, {
      "d" : "1756388710739461829",
      "t" : 1756388710739,
      "tn" : 1756388710739461829,
      "q" : "14",
      "p" : "0.08758",
      "s" : "buy",
      "i" : "GOAT_USD",
      "m" : "4611686018427812921"
    }, {
      "d" : "1756388710684424477",
      "t" : 1756388710684,
      "tn" : 1756388710684424477,
      "q" : "14",
      "p" : "0.08758",
      "s" : "buy",
      "i" : "GOAT_USD",
      "m" : "4611686018427812920"
    }, {
      "d" : "1756388710649377470",
      "t" : 1756388710649,
      "tn" : 1756388710649377470,
      "q" : "14",
      "p" : "0.08758",
      "s" : "buy",
      "i" : "GOAT_USD",
      "m" : "4611686018427812919"
    }, {
      "d" : "1756388710639370840",
      "t" : 1756388710639,
      "tn" : 1756388710639370840,
      "q" : "14",
      "p" : "0.08758",
      "s" : "buy",
      "i" : "GOAT_USD",
      "m" : "4611686018427812918"
    }, {
      "d" : "1756388710604110012",
      "t" : 1756388710604,
      "tn" : 1756388710604110012,
      "q" : "14",
      "p" : "0.08758",
      "s" : "buy",
      "i" : "GOAT_USD",
      "m" : "4611686018427812917"
    }, {
      "d" : "1756388710584044469",
      "t" : 1756388710584,
      "tn" : 1756388710584044469,
      "q" : "14",
      "p" : "0.08758",
      "s" : "buy",
      "i" : "GOAT_USD",
      "m" : "4611686018427812916"
    } ]
  }
}