{
  "id" : -1,
  "method" : "public/get-trades",
  "code" : 0,
  "result" : {
    "data" : [ {
      "d" : "1756461132190750513",
      "t" : 1756461132190,
      "tn" : 1756461132190750513,
      "q" : "13",
      "p" : "0.11841",
      "s" : "buy",
      "i" : "GODS_USDT",
      "m" : "4611686018431234022"
    }, {
      "d" : "1756460788970246037",
      "t" : 1756460788970,
      "tn" : 1756460788970246037,
      "q" : "19",
      "p" : "0.11840",
      "s" : "buy",
      "i" : "GODS_USDT",
      "m" : "4611686018431234021"
    }, {
      "d" : "1756460788970243122",
      "t" : 1756460788970,
      "tn" : 1756460788970243122,
      "q" : "13",
      "p" : "0.11837",
      "s" : "buy",
      "i" : "GODS_USDT",
      "m" : "4611686018431234020"
    }, {
      "d" : "1756460788970240811",
      "t" : 1756460788970,
      "tn" : 1756460788970240811,
      "q" : "13",
      "p" : "0.11833",
      "s" : "buy",
      "i" : "GODS_USDT",
      "m" : "4611686018431234019"
    }, {
      "d" : "1756460788970238651",
      "t" : 1756460788970,
      "tn" : 1756460788970238651,
      "q" : "13",
      "p" : "0.11829",
      "s" : "buy",
      "i" : "GODS_USDT",
      "m" : "4611686018431234018"
    }, {
      "d" : "1756460788970236458",
      "t" : 1756460788970,
      "tn" : 1756460788970236458,
      "q" : "13",
      "p" : "0.11825",
      "s" : "buy",
      "i" : "GODS_USDT",
      "m" : "4611686018431234017"
    }, {
      "d" : "1756460788970234118",
      "t" : 1756460788970,
      "tn" : 1756460788970234118,
      "q" : "13",
      "p" : "0.11821",
      "s" : "buy",
      "i" : "GODS_USDT",
      "m" : "4611686018431234016"
    }, {
      "d" : "1756460788970231691",
      "t" : 1756460788970,
      "tn" : 1756460788970231691,
      "q" : "13",
      "p" : "0.11817",
      "s" : "buy",
      "i" : "GODS_USDT",
      "m" : "4611686018431234015"
    }, {
      "d" : "1756460788970229401",
      "t" : 1756460788970,
      "tn" : 1756460788970229401,
      "q" : "13",
      "p" : "0.11813",
      "s" : "buy",
      "i" : "GODS_USDT",
      "m" : "4611686018431234014"
    }, {
      "d" : "1756460788970226671",
      "t" : 1756460788970,
      "tn" : 1756460788970226670,
      "q" : "598",
      "p" : "0.11812",
      "s" : "buy",
      "i" : "GODS_USDT",
      "m" : "4611686018431234013"
    }, {
      "d" : "1756460788970226670",
      "t" : 1756460788970,
      "tn" : 1756460788970226670,
      "q" : "52",
      "p" : "0.11812",
      "s" : "buy",
      "i" : "GODS_USDT",
      "m" : "4611686018431234013"
    }, {
      "d" : "1756459755528064140",
      "t" : 1756459755528,
      "tn" : 1756459755528064140,
      "q" : "13",
      "p" : "0.11809",
      "s" : "buy",
      "i" : "GODS_USDT",
      "m" : "4611686018431234012"
    }, {
      "d" : "1756459561583503389",
      "t" : 1756459561583,
      "tn" : 1756459561583503389,
      "q" : "13",
      "p" : "0.11805",
      "s" : "buy",
      "i" : "GODS_USDT",
      "m" : "4611686018431234011"
    }, {
      "d" : "1756459539066068672",
      "t" : 1756459539066,
      "tn" : 1756459539066068672,
      "q" : "13",
      "p" : "0.11801",
      "s" : "buy",
      "i" : "GODS_USDT",
      "m" : "4611686018431234010"
    }, {
      "d" : "1756459090292349988",
      "t" : 1756459090292,
      "tn" : 1756459090292349988,
      "q" : "12",
      "p" : "0.11797",
      "s" : "buy",
      "i" : "GODS_USDT",
      "m" : "4611686018431234009"
    }, {
      "d" : "1756459090292347811",
      "t" : 1756459090292,
      "tn" : 1756459090292347811,
      "q" : "13",
      "p" : "0.11793",
      "s" : "buy",
      "i" : "GODS_USDT",
      "m" : "4611686018431234008"
    }, {
      "d" : "1756458890168841477",
      "t" : 1756458890168,
      "tn" : 1756458890168841477,
      "q" : "13",
      "p" : "0.11789",
      "s" : "sell",
      "i" : "GODS_USDT",
      "m" : "4611686018431234007"
    }, {
      "d" : "1756458579401709723",
      "t" : 1756458579401,
      "tn" : 1756458579401709723,
      "q" : "13",
      "p" : "0.11793",
      "s" : "buy",
      "i" : "GODS_USDT",
      "m" : "4611686018431234006"
    }, {
      "d" : "1756458359190733684",
      "t" : 1756458359190,
      "tn" : 1756458359190733684,
      "q" : "12",
      "p" : "0.11789",
      "s" : "buy",
      "i" : "GODS_USDT",
      "m" : "4611686018431234005"
    }, {
      "d" : "1756458359190731745",
      "t" : 1756458359190,
      "tn" : 1756458359190731745,
      "q" : "13",
      "p" : "0.11785",
      "s" : "buy",
      "i" : "GODS_USDT",
      "m" : "4611686018431234004"
    }, {
      "d" : "1756458321475327283",
      "t" : 1756458321475,
      "tn" : 1756458321475327283,
      "q" : "13",
      "p" : "0.11782",
      "s" : "buy",
      "i" : "GODS_USDT",
      "m" : "4611686018431234003"
    }, {
      "d" : "1756458306693548168",
      "t" : 1756458306693,
      "tn" : 1756458306693548168,
      "q" : "13",
      "p" : "0.11779",
      "s" : "buy",
      "i" : "GODS_USDT",
      "m" : "4611686018431234002"
    }, {
      "d" : "1756458217989021183",
      "t" : 1756458217989,
      "tn" : 1756458217989021183,
      "q" : "13",
      "p" : "0.11776",
      "s" : "buy",
      "i" : "GODS_USDT",
      "m" : "4611686018431234001"
    }, {
      "d" : "1756458217755968631",
      "t" : 1756458217755,
      "tn" : 1756458217755968631,
      "q" : "13",
      "p" : "0.11776",
      "s" : "buy",
      "i" : "GODS_USDT",
      "m" : "4611686018431234000"
    }, {
      "d" : "1756458217604528323",
      "t" : 1756458217604,
      "tn" : 1756458217604528323,
      "q" : "13",
      "p" : "0.11776",
      "s" : "buy",
      "i" : "GODS_USDT",
      "m" : "4611686018431233999"
    }, {
      "d" : "1756458217477486638",
      "t" : 1756458217477,
      "tn" : 1756458217477486638,
      "q" : "13",
      "p" : "0.11776",
      "s" : "buy",
      "i" : "GODS_USDT",
      "m" : "4611686018431233998"
    }, {
      "d" : "1756458217441184951",
      "t" : 1756458217441,
      "tn" : 1756458217441184951,
      "q" : "13",
      "p" : "0.11776",
      "s" : "buy",
      "i" : "GODS_USDT",
      "m" : "4611686018431233997"
    }, {
      "d" : "1756458217283868097",
      "t" : 1756458217283,
      "tn" : 1756458217283868097,
      "q" : "13",
      "p" : "0.11776",
      "s" : "buy",
      "i" : "GODS_USDT",
      "m" : "4611686018431233996"
    }, {
      "d" : "1756458217157147297",
      "t" : 1756458217157,
      "tn" : 1756458217157147297,
      "q" : "13",
      "p" : "0.11776",
      "s" : "buy",
      "i" : "GODS_USDT",
      "m" : "4611686018431233995"
    }, {
      "d" : "1756458217084717247",
      "t" : 1756458217084,
      "tn" : 1756458217084717247,
      "q" : "13",
      "p" : "0.11776",
      "s" : "buy",
      "i" : "GODS_USDT",
      "m" : "4611686018431233994"
    }, {
      "d" : "1756458217012934138",
      "t" : 1756458217012,
      "tn" : 1756458217012934138,
      "q" : "13",
      "p" : "0.11776",
      "s" : "buy",
      "i" : "GODS_USDT",
      "m" : "4611686018431233993"
    }, {
      "d" : "1756458216790506092",
      "t" : 1756458216790,
      "tn" : 1756458216790506092,
      "q" : "13",
      "p" : "0.11776",
      "s" : "buy",
      "i" : "GODS_USDT",
      "m" : "4611686018431233992"
    }, {
      "d" : "1756458205235893510",
      "t" : 1756458205235,
      "tn" : 1756458205235893510,
      "q" : "304",
      "p" : "0.11814",
      "s" : "buy",
      "i" : "GODS_USDT",
      "m" : "4611686018431233991"
    }, {
      "d" : "1756458204848395902",
      "t" : 1756458204848,
      "tn" : 1756458204848395902,
      "q" : "1834",
      "p" : "0.11814",
      "s" : "buy",
      "i" : "GODS_USDT",
      "m" : "4611686018431233990"
    }, {
      "d" : "1756458204846782637",
      "t" : 1756458204846,
      "tn" : 1756458204846782636,
      "q" : "196",
      "p" : "0.11814",
      "s" : "buy",
      "i" : "GODS_USDT",
      "m" : "4611686018431233989"
    }, {
      "d" : "1756458204846782636",
      "t" : 1756458204846,
      "tn" : 1756458204846782636,
      "q" : "1637",
      "p" : "0.11814",
      "s" : "buy",
      "i" : "GODS_USDT",
      "m" : "4611686018431233989"
    }, {
      "d" : "1756458204845210666",
      "t" : 1756458204845,
      "tn" : 1756458204845210666,
      "q" : "1832",
      "p" : "0.11814",
      "s" : "buy",
      "i" : "GODS_USDT",
      "m" : "4611686018431233988"
    }, {
      "d" : "1756458204843541357",
      "t" : 1756458204843,
      "tn" : 1756458204843541357,
      "q" : "1831",
      "p" : "0.11814",
      "s" : "buy",
      "i" : "GODS_USDT",
      "m" : "4611686018431233987"
    }, {
      "d" : "1756458204841910300",
      "t" : 1756458204841,
      "tn" : 1756458204841910300,
      "q" : "1831",
      "p" : "0.11814",
      "s" : "buy",
      "i" : "GODS_USDT",
      "m" : "4611686018431233986"
    }, {
      "d" : "1756458202314865841",
      "t" : 1756458202314,
      "tn" : 1756458202314865841,
      "q" : "212",
      "p" : "0.11813",
      "s" : "sell",
      "i" : "GODS_USDT",
      "m" : "4611686018431233985"
    }, {
      "d" : "1756458202304078679",
      "t" : 1756458202304,
      "tn" : 1756458202304078679,
      "q" : "13",
      "p" : "0.11813",
      "s" : "buy",
      "i" : "GODS_USDT",
      "m" : "4611686018431233984"
    }, {
      "d" : "1756458202304076485",
      "t" : 1756458202304,
      "tn" : 1756458202304076485,
      "q" : "13",
      "p" : "0.11809",
      "s" : "buy",
      "i" : "GODS_USDT",
      "m" : "4611686018431233983"
    }, {
      "d" : "1756458202304073958",
      "t" : 1756458202304,
      "tn" : 1756458202304073958,
      "q" : "13",
      "p" : "0.11805",
      "s" : "buy",
      "i" : "GODS_USDT",
      "m" : "4611686018431233982"
    }, {
      "d" : "1756458202304071805",
      "t" : 1756458202304,
      "tn" : 1756458202304071805,
      "q" : "13",
      "p" : "0.11801",
      "s" : "buy",
      "i" : "GODS_USDT",
      "m" : "4611686018431233981"
    }, {
      "d" : "1756458202304069898",
      "t" : 1756458202304,
      "tn" : 1756458202304069898,
      "q" : "86",
      "p" : "0.11800",
      "s" : "buy",
      "i" : "GODS_USDT",
      "m" : "4611686018431233980"
    }, {
      "d" : "1756458202304067191",
      "t" : 1756458202304,
      "tn" : 1756458202304067191,
      "q" : "13",
      "p" : "0.11797",
      "s" : "buy",
      "i" : "GODS_USDT",
      "m" : "4611686018431233979"
    }, {
      "d" : "1756458202304064571",
      "t" : 1756458202304,
      "tn" : 1756458202304064571,
      "q" : "13",
      "p" : "0.11793",
      "s" : "buy",
      "i" : "GODS_USDT",
      "m" : "4611686018431233978"
    }, {
      "d" : "1756458202304062182",
      "t" : 1756458202304,
      "tn" : 1756458202304062182,
      "q" : "13",
      "p" : "0.11789",
      "s" : "buy",
      "i" : "GODS_USDT",
      "m" : "4611686018431233977"
    }, {
      "d" : "1756458202304059746",
      "t" : 1756458202304,
      "tn" : 1756458202304059746,
      "q" : "13",
      "p" : "0.11785",
      "s" : "buy",
      "i" : "GODS_USDT",
      "m" : "4611686018431233976"
    }, {
      "d" : "1756458202304056452",
      "t" : 1756458202304,
      "tn" : 1756458202304056452,
      "q" : "13",
      "p" : "0.11782",
      "s" : "buy",
      "i" : "GODS_USDT",
      "m" : "4611686018431233975"
    }, {
      "d" : "1756458202304054194",
      "t" : 1756458202304,
      "tn" : 1756458202304054194,
      "q" : "13",
      "p" : "0.11779",
      "s" : "buy",
      "i" : "GODS_USDT",
      "m" : "4611686018431233974"
    }, {
      "d" : "1756458202304052045",
      "t" : 1756458202304,
      "tn" : 1756458202304052045,
      "q" : "13",
      "p" : "0.11776",
      "s" : "buy",
      "i" : "GODS_USDT",
      "m" : "4611686018431233973"
    }, {
      "d" : "1756458202304049439",
      "t" : 1756458202304,
      "tn" : 1756458202304049439,
      "q" : "13",
      "p" : "0.11773",
      "s" : "buy",
      "i" : "GODS_USDT",
      "m" : "4611686018431233972"
    }, {
      "d" : "1756458202304047040",
      "t" : 1756458202304,
      "tn" : 1756458202304047040,
      "q" : "13",
      "p" : "0.11770",
      "s" : "buy",
      "i" : "GODS_USDT",
      "m" : "4611686018431233971"
    }, {
      "d" : "1756458202304044946",
      "t" : 1756458202304,
      "tn" : 1756458202304044946,
      "q" : "13",
      "p" : "0.11767",
      "s" : "buy",
      "i" : "GODS_USDT",
      "m" : "4611686018431233970"
    }, {
      "d" : "1756458202304042548",
      "t" : 1756458202304,
      "tn" : 1756458202304042548,
      "q" : "13",
      "p" : "0.11764",
      "s" : "buy",
      "i" : "GODS_USDT",
      "m" : "4611686018431233969"
    }, {
      "d" : "1756458186139188476",
      "t" : 1756458186139,
      "tn" : 1756458186139188476,
      "q" : "62",
      "p" : "0.11756",
      "s" : "buy",
      "i" : "GODS_USDT",
      "m" : "4611686018431233968"
    }, {
      "d" : "1756458184954952707",
      "t" : 1756458184954,
      "tn" : 1756458184954952707,
      "q" : "13",
      "p" : "0.11761",
      "s" : "buy",
      "i" : "GODS_USDT",
      "m" : "4611686018431233967"
    }, {
      "d" : "1756458158931173757",
      "t" : 1756458158931,
      "tn" : 1756458158931173757,
      "q" : "295",
      "p" : "0.11757",
      "s" : "sell",
      "i" : "GODS_USDT",
      "m" : "4611686018431233966"
    }, {
      "d" : "1756458158834016849",
      "t" : 1756458158834,
      "tn" : 1756458158834016849,
      "q" : "680",
      "p" : "0.11757",
      "s" : "sell",
      "i" : "GODS_USDT",
      "m" : "4611686018431233965"
    }, {
      "d" : "1756458158761316938",
      "t" : 1756458158761,
      "tn" : 1756458158761316938,
      "q" : "739",
      "p" : "0.11757",
      "s" : "sell",
      "i" : "GODS_USDT",
      "m" : "4611686018431233964"
    }, {
      "d" : "1756458158704229372",
      "t" : 1756458158704,
      "tn" : 1756458158704229372,
      "q" : "171",
      "p" : "0.11757",
      "s" : "sell",
      "i" : "GODS_USDT",
      "m" : "4611686018431233963"
    }, {
      "d" : "1756458158633018147",
      "t" : 1756458158633,
      "tn" : 1756458158633018147,
      "q" : "1701",
      "p" : "0.11757",
      "s" : "sell",
      "i" : "GODS_USDT",
      "m" : "4611686018431233962"
    }, {
      "d" : "1756458158562271791",
      "t" : 1756458158562,
      "tn" : 1756458158562271791,
      "q" : "448",
      "p" : "0.11756",
      "s" : "sell",
      "i" : "GODS_USDT",
      "m" : "4611686018431233961"
    }, {
      "d" : "1756458158562269825",
      "t" : 1756458158562,
      "tn" : 1756458158562269825,
      "q" : "9",
      "p" : "0.11758",
      "s" : "sell",
      "i" : "GODS_USDT",
      "m" : "4611686018431233960"
    }, {
      "d" : "1756458158562266547",
      "t" : 1756458158562,
      "tn" : 1756458158562266547,
      "q" : "25",
      "p" : "0.11759",
      "s" : "sell",
      "i" : "GODS_USDT",
      "m" : "4611686018431233959"
    }, {
      "d" : "1756458155932569681",
      "t" : 1756458155932,
      "tn" : 1756458155932569681,
      "q" : "272",
      "p" : "0.11759",
      "s" : "sell",
      "i" : "GODS_USDT",
      "m" : "4611686018431233958"
    }, {
      "d" : "1756458155860792608",
      "t" : 1756458155860,
      "tn" : 1756458155860792608,
      "q" : "4",
      "p" : "0.11758",
      "s" : "sell",
      "i" : "GODS_USDT",
      "m" : "4611686018431233957"
    }, {
      "d" : "1756458155860791006",
      "t" : 1756458155860,
      "tn" : 1756458155860791006,
      "q" : "13",
      "p" : "0.11761",
      "s" : "sell",
      "i" : "GODS_USDT",
      "m" : "4611686018431233956"
    }, {
      "d" : "1756458155860788819",
      "t" : 1756458155860,
      "tn" : 1756458155860788819,
      "q" : "13",
      "p" : "0.11764",
      "s" : "sell",
      "i" : "GODS_USDT",
      "m" : "4611686018431233955"
    }, {
      "d" : "1756458155860786558",
      "t" : 1756458155860,
      "tn" : 1756458155860786558,
      "q" : "13",
      "p" : "0.11767",
      "s" : "sell",
      "i" : "GODS_USDT",
      "m" : "4611686018431233954"
    }, {
      "d" : "1756458155860784329",
      "t" : 1756458155860,
      "tn" : 1756458155860784329,
      "q" : "13",
      "p" : "0.11770",
      "s" : "sell",
      "i" : "GODS_USDT",
      "m" : "4611686018431233953"
    }, {
      "d" : "1756458155860783770",
      "t" : 1756458155860,
      "tn" : 1756458155860783770,
      "q" : "13",
      "p" : "0.11773",
      "s" : "sell",
      "i" : "GODS_USDT",
      "m" : "4611686018431233952"
    }, {
      "d" : "1756458155860779472",
      "t" : 1756458155860,
      "tn" : 1756458155860779472,
      "q" : "13",
      "p" : "0.11776",
      "s" : "sell",
      "i" : "GODS_USDT",
      "m" : "4611686018431233951"
    }, {
      "d" : "1756458155860776584",
      "t" : 1756458155860,
      "tn" : 1756458155860776584,
      "q" : "13",
      "p" : "0.11779",
      "s" : "sell",
      "i" : "GODS_USDT",
      "m" : "4611686018431233950"
    }, {
      "d" : "1756458155860775194",
      "t" : 1756458155860,
      "tn" : 1756458155860775194,
      "q" : "13",
      "p" : "0.11782",
      "s" : "sell",
      "i" : "GODS_USDT",
      "m" : "4611686018431233949"
    }, {
      "d" : "1756458155860772071",
      "t" : 1756458155860,
      "tn" : 1756458155860772071,
      "q" : "13",
      "p" : "0.11785",
      "s" : "sell",
      "i" : "GODS_USDT",
      "m" : "4611686018431233948"
    }, {
      "d" : "1756458155860769822",
      "t" : 1756458155860,
      "tn" : 1756458155860769822,
      "q" : "13",
      "p" : "0.11789",
      "s" : "sell",
      "i" : "GODS_USDT",
      "m" : "4611686018431233947"
    }, {
      "d" : "1756458155860767656",
      "t" : 1756458155860,
      "tn" : 1756458155860767656,
      "q" : "13",
      "p" : "0.11793",
      "s" : "sell",
      "i" : "GODS_USDT",
      "m" : "4611686018431233946"
    }, {
      "d" : "1756458155860765027",
      "t" : 1756458155860,
      "tn" : 1756458155860765027,
      "q" : "23",
      "p" : "0.11794",
      "s" : "sell",
      "i" : "GODS_USDT",
      "m" : "4611686018431233945"
    }, {
      "d" : "1756458152646878410",
      "t" : 1756458152646,
      "tn" : 1756458152646878409,
      "q" : "210",
      "p" : "0.11794",
      "s" : "sell",
      "i" : "GODS_USDT",
      "m" : "4611686018431233944"
    }, {
      "d" : "1756458152646878409",
      "t" : 1756458152646,
      "tn" : 1756458152646878409,
      "q" : "2",
      "p" : "0.11794",
      "s" : "sell",
      "i" : "GODS_USDT",
      "m" : "4611686018431233944"
    }, {
      "d" : "1756458149836836546",
      "t" : 1756458149836,
      "tn" : 1756458149836836546,
      "q" : "678",
      "p" : "0.11794",
      "s" : "sell",
      "i" : "GODS_USDT",
      "m" : "4611686018431233943"
    }, {
      "d" : "1756458149704318466",
      "t" : 1756458149704,
      "tn" : 1756458149704318466,
      "q" : "263",
      "p" : "0.11794",
      "s" : "sell",
      "i" : "GODS_USDT",
      "m" : "4611686018431233942"
    }, {
      "d" : "1756458149502279526",
      "t" : 1756458149502,
      "tn" : 1756458149502279526,
      "q" : "237",
      "p" : "0.11794",
      "s" : "sell",
      "i" : "GODS_USDT",
      "m" : "4611686018431233941"
    }, {
      "d" : "1756458149502277433",
      "t" : 1756458149502,
      "tn" : 1756458149502277433,
      "q" : "123",
      "p" : "0.11797",
      "s" : "sell",
      "i" : "GODS_USDT",
      "m" : "4611686018431233940"
    }, {
      "d" : "1756458149434956483",
      "t" : 1756458149434,
      "tn" : 1756458149434956483,
      "q" : "359",
      "p" : "0.11795",
      "s" : "sell",
      "i" : "GODS_USDT",
      "m" : "4611686018431233939"
    }, {
      "d" : "1756458149304554637",
      "t" : 1756458149304,
      "tn" : 1756458149304554637,
      "q" : "227",
      "p" : "0.11795",
      "s" : "sell",
      "i" : "GODS_USDT",
      "m" : "4611686018431233938"
    }, {
      "d" : "1756458149234636325",
      "t" : 1756458149234,
      "tn" : 1756458149234636325,
      "q" : "80",
      "p" : "0.11794",
      "s" : "sell",
      "i" : "GODS_USDT",
      "m" : "4611686018431233937"
    }, {
      "d" : "1756458149234634646",
      "t" : 1756458149234,
      "tn" : 1756458149234634646,
      "q" : "279",
      "p" : "0.11795",
      "s" : "sell",
      "i" : "GODS_USDT",
      "m" : "4611686018431233936"
    }, {
      "d" : "1756458149151611440",
      "t" : 1756458149151,
      "tn" : 1756458149151611440,
      "q" : "4239",
      "p" : "0.11795",
      "s" : "sell",
      "i" : "GODS_USDT",
      "m" : "4611686018431233935"
    }, {
      "d" : "1756458149041800237",
      "t" : 1756458149041,
      "tn" : 1756458149041800237,
      "q" : "359",
      "p" : "0.11795",
      "s" : "sell",
      "i" : "GODS_USDT",
      "m" : "4611686018431233934"
    }, {
      "d" : "1756458148971589971",
      "t" : 1756458148971,
      "tn" : 1756458148971589971,
      "q" : "209",
      "p" : "0.11795",
      "s" : "sell",
      "i" : "GODS_USDT",
      "m" : "4611686018431233933"
    }, {
      "d" : "1756458148971588673",
      "t" : 1756458148971,
      "tn" : 1756458148971588673,
      "q" : "13",
      "p" : "0.11797",
      "s" : "sell",
      "i" : "GODS_USDT",
      "m" : "4611686018431233932"
    }, {
      "d" : "1756458148971586222",
      "t" : 1756458148971,
      "tn" : 1756458148971586222,
      "q" : "1",
      "p" : "0.11801",
      "s" : "sell",
      "i" : "GODS_USDT",
      "m" : "4611686018431233931"
    }, {
      "d" : "1756458148902832509",
      "t" : 1756458148902,
      "tn" : 1756458148902832509,
      "q" : "12",
      "p" : "0.11801",
      "s" : "sell",
      "i" : "GODS_USDT",
      "m" : "4611686018431233930"
    }, {
      "d" : "1756458148902830271",
      "t" : 1756458148902,
      "tn" : 1756458148902830271,
      "q" : "327",
      "p" : "0.11806",
      "s" : "sell",
      "i" : "GODS_USDT",
      "m" : "4611686018431233929"
    }, {
      "d" : "1756458148833917531",
      "t" : 1756458148833,
      "tn" : 1756458148833917531,
      "q" : "520",
      "p" : "0.11806",
      "s" : "sell",
      "i" : "GODS_USDT",
      "m" : "4611686018431233928"
    }, {
      "d" : "1756458148751867526",
      "t" : 1756458148751,
      "tn" : 1756458148751867526,
      "q" : "4235",
      "p" : "0.11806",
      "s" : "sell",
      "i" : "GODS_USDT",
      "m" : "4611686018431233927"
    }, {
      "d" : "1756458148539545665",
      "t" : 1756458148539,
      "tn" : 1756458148539545665,
      "q" : "2404",
      "p" : "0.11803",
      "s" : "sell",
      "i" : "GODS_USDT",
      "m" : "4611686018431233926"
    }, {
      "d" : "1756458148539543655",
      "t" : 1756458148539,
      "tn" : 1756458148539543655,
      "q" : "13",
      "p" : "0.11805",
      "s" : "sell",
      "i" : "GODS_USDT",
      "m" : "4611686018431233925"
    }, {
      "d" : "1756458148539541408",
      "t" : 1756458148539,
      "tn" : 1756458148539541408,
      "q" : "13",
      "p" : "0.11809",
      "s" : "sell",
      "i" : "GODS_USDT",
      "m" : "4611686018431233924"
    }, {
      "d" : "1756458148539540873",
      "t" : 1756458148539,
      "tn" : 1756458148539540873,
      "q" : "13",
      "p" : "0.11813",
      "s" : "sell",
      "i" : "GODS_USDT",
      "m" : "4611686018431233923"
    }, {
      "d" : "1756458148539536932",
      "t" : 1756458148539,
      "tn" : 1756458148539536932,
      "q" : "13",
      "p" : "0.11817",
      "s" : "sell",
      "i" : "GODS_USDT",
      "m" : "4611686018431233922"
    }, {
      "d" : "1756458148539534804",
      "t" : 1756458148539,
      "tn" : 1756458148539534804,
      "q" : "13",
      "p" : "0.11821",
      "s" : "sell",
      "i" : "GODS_USDT",
      "m" : "4611686018431233921"
    }, {
      "d" : "1756458148539532174",
      "t" : 1756458148539,
      "tn" : 1756458148539532174,
      "q" : "13",
      "p" : "0.11825",
      "s" : "sell",
      "i" : "GODS_USDT",
      "m" : "4611686018431233920"
    }, {
      "d" : "1756458148539529985",
      "t" : 1756458148539,
      "tn" : 1756458148539529985,
      "q" : "13",
      "p" : "0.11829",
      "s" : "sell",
      "i" : "GODS_USDT",
      "m" : "4611686018431233919"
    }, {
      "d" : "1756458148539528273",
      "t" : 1756458148539,
      "tn" : 1756458148539528273,
      "q" : "13",
      "p" : "0.11833",
      "s" : "sell",
      "i" : "GODS_USDT",
      "m" : "4611686018431233918"
    }, {
      "d" : "1756458148539525189",
      "t" : 1756458148539,
      "tn" : 1756458148539525189,
      "q" : "13",
      "p" : "0.11837",
      "s" : "sell",
      "i" : "GODS_USDT",
      "m" : "4611686018431233917"
    }, {
      "d" : "1756458148539522839",
      "t" : 1756458148539,
      "tn" : 1756458148539522839,
      "q" : "13",
      "p" : "0.11841",
      "s" : "sell",
      "i" : "GODS_USDT",
      "m" : "4611686018431233916"
    }, {
      "d" : "1756458148539520383",
      "t" : 1756458148539,
      "tn" : 1756458148539520383,
      "q" : "8",
      "p" : "0.11845",
      "s" : "sell",
      "i" : "GODS_USDT",
      "m" : "4611686018431233915"
    }, {
      "d" : "1756458137143236451",
      "t" : 1756458137143,
      "tn" : 1756458137143236451,
      "q" : "5",
      "p" : "0.11845",
      "s" : "sell",
      "i" : "GODS_USDT",
      "m" : "4611686018431233914"
    }, {
      "d" : "1756458137143235658",
      "t" : 1756458137143,
      "tn" : 1756458137143235658,
      "q" : "13",
      "p" : "0.11849",
      "s" : "sell",
      "i" : "GODS_USDT",
      "m" : "4611686018431233913"
    }, {
      "d" : "1756458137143233157",
      "t" : 1756458137143,
      "tn" : 1756458137143233157,
      "q" : "13",
      "p" : "0.11853",
      "s" : "sell",
      "i" : "GODS_USDT",
      "m" : "4611686018431233912"
    }, {
      "d" : "1756458137143232385",
      "t" : 1756458137143,
      "tn" : 1756458137143232385,
      "q" : "13",
      "p" : "0.11857",
      "s" : "sell",
      "i" : "GODS_USDT",
      "m" : "4611686018431233911"
    }, {
      "d" : "1756458137143227188",
      "t" : 1756458137143,
      "tn" : 1756458137143227188,
      "q" : "13",
      "p" : "0.11861",
      "s" : "sell",
      "i" : "GODS_USDT",
      "m" : "4611686018431233910"
    }, {
      "d" : "1756458137143224717",
      "t" : 1756458137143,
      "tn" : 1756458137143224717,
      "q" : "13",
      "p" : "0.11864",
      "s" : "sell",
      "i" : "GODS_USDT",
      "m" : "4611686018431233909"
    }, {
      "d" : "1756458137143222341",
      "t" : 1756458137143,
      "tn" : 1756458137143222341,
      "q" : "13",
      "p" : "0.11867",
      "s" : "sell",
      "i" : "GODS_USDT",
      "m" : "4611686018431233908"
    }, {
      "d" : "1756458137143220254",
      "t" : 1756458137143,
      "tn" : 1756458137143220254,
      "q" : "13",
      "p" : "0.11870",
      "s" : "sell",
      "i" : "GODS_USDT",
      "m" : "4611686018431233907"
    }, {
      "d" : "1756458137143217316",
      "t" : 1756458137143,
      "tn" : 1756458137143217316,
      "q" : "13",
      "p" : "0.11873",
      "s" : "sell",
      "i" : "GODS_USDT",
      "m" : "4611686018431233906"
    }, {
      "d" : "1756458137143215186",
      "t" : 1756458137143,
      "tn" : 1756458137143215186,
      "q" : "13",
      "p" : "0.11876",
      "s" : "sell",
      "i" : "GODS_USDT",
      "m" : "4611686018431233905"
    }, {
      "d" : "1756458137143212524",
      "t" : 1756458137143,
      "tn" : 1756458137143212524,
      "q" : "13",
      "p" : "0.11879",
      "s" : "sell",
      "i" : "GODS_USDT",
      "m" : "4611686018431233904"
    }, {
      "d" : "1756458137143208717",
      "t" : 1756458137143,
      "tn" : 1756458137143208717,
      "q" : "13",
      "p" : "0.11882",
      "s" : "sell",
      "i" : "GODS_USDT",
      "m" : "4611686018431233903"
    }, {
      "d" : "1756458137143206446",
      "t" : 1756458137143,
      "tn" : 1756458137143206446,
      "q" : "13",
      "p" : "0.11885",
      "s" : "sell",
      "i" : "GODS_USDT",
      "m" : "4611686018431233902"
    }, {
      "d" : "1756458137143204220",
      "t" : 1756458137143,
      "tn" : 1756458137143204220,
      "q" : "8",
      "p" : "0.11888",
      "s" : "sell",
      "i" : "GODS_USDT",
      "m" : "4611686018431233901"
    }, {
      "d" : "1756458095441744947",
      "t" : 1756458095441,
      "tn" : 1756458095441744947,
      "q" : "14",
      "p" : "0.11897",
      "s" : "buy",
      "i" : "GODS_USDT",
      "m" : "4611686018431233900"
    }, {
      "d" : "1756458088078384700",
      "t" : 1756458088078,
      "tn" : 1756458088078384700,
      "q" : "5",
      "p" : "0.11888",
      "s" : "sell",
      "i" : "GODS_USDT",
      "m" : "4611686018431233899"
    }, {
      "d" : "1756458088078382762",
      "t" : 1756458088078,
      "tn" : 1756458088078382762,
      "q" : "13",
      "p" : "0.11891",
      "s" : "sell",
      "i" : "GODS_USDT",
      "m" : "4611686018431233898"
    }, {
      "d" : "1756458088078381146",
      "t" : 1756458088078,
      "tn" : 1756458088078381146,
      "q" : "13",
      "p" : "0.11894",
      "s" : "sell",
      "i" : "GODS_USDT",
      "m" : "4611686018431233897"
    }, {
      "d" : "1756458088078379011",
      "t" : 1756458088078,
      "tn" : 1756458088078379011,
      "q" : "13",
      "p" : "0.11897",
      "s" : "sell",
      "i" : "GODS_USDT",
      "m" : "4611686018431233896"
    }, {
      "d" : "1756458088078376753",
      "t" : 1756458088078,
      "tn" : 1756458088078376753,
      "q" : "124",
      "p" : "0.11900",
      "s" : "sell",
      "i" : "GODS_USDT",
      "m" : "4611686018431233895"
    }, {
      "d" : "1756458072210457700",
      "t" : 1756458072210,
      "tn" : 1756458072210457700,
      "q" : "336",
      "p" : "0.11900",
      "s" : "sell",
      "i" : "GODS_USDT",
      "m" : "4611686018431233894"
    }, {
      "d" : "1756458072202169381",
      "t" : 1756458072202,
      "tn" : 1756458072202169381,
      "q" : "13",
      "p" : "0.11900",
      "s" : "buy",
      "i" : "GODS_USDT",
      "m" : "4611686018431233893"
    }, {
      "d" : "1756458072199165395",
      "t" : 1756458072199,
      "tn" : 1756458072199165395,
      "q" : "461",
      "p" : "0.11899",
      "s" : "buy",
      "i" : "GODS_USDT",
      "m" : "4611686018431233892"
    }, {
      "d" : "1756458062773384730",
      "t" : 1756458062773,
      "tn" : 1756458062773384730,
      "q" : "13",
      "p" : "0.11897",
      "s" : "buy",
      "i" : "GODS_USDT",
      "m" : "4611686018431233891"
    }, {
      "d" : "1756458062623086879",
      "t" : 1756458062623,
      "tn" : 1756458062623086879,
      "q" : "13",
      "p" : "0.11896",
      "s" : "buy",
      "i" : "GODS_USDT",
      "m" : "4611686018431233890"
    }, {
      "d" : "1756458050901169846",
      "t" : 1756458050901,
      "tn" : 1756458050901169846,
      "q" : "210",
      "p" : "0.11895",
      "s" : "sell",
      "i" : "GODS_USDT",
      "m" : "4611686018431233889"
    }, {
      "d" : "1756458050292367262",
      "t" : 1756458050292,
      "tn" : 1756458050292367262,
      "q" : "12",
      "p" : "0.11891",
      "s" : "sell",
      "i" : "GODS_USDT",
      "m" : "4611686018431233888"
    }, {
      "d" : "1756458050292365498",
      "t" : 1756458050292,
      "tn" : 1756458050292365498,
      "q" : "13",
      "p" : "0.11894",
      "s" : "sell",
      "i" : "GODS_USDT",
      "m" : "4611686018431233887"
    }, {
      "d" : "1756458050292362813",
      "t" : 1756458050292,
      "tn" : 1756458050292362813,
      "q" : "13",
      "p" : "0.11897",
      "s" : "sell",
      "i" : "GODS_USDT",
      "m" : "4611686018431233886"
    }, {
      "d" : "1756458050292359077",
      "t" : 1756458050292,
      "tn" : 1756458050292359077,
      "q" : "13",
      "p" : "0.11900",
      "s" : "sell",
      "i" : "GODS_USDT",
      "m" : "4611686018431233885"
    }, {
      "d" : "1756458050292356815",
      "t" : 1756458050292,
      "tn" : 1756458050292356815,
      "q" : "13",
      "p" : "0.11903",
      "s" : "sell",
      "i" : "GODS_USDT",
      "m" : "4611686018431233884"
    }, {
      "d" : "1756458050292354635",
      "t" : 1756458050292,
      "tn" : 1756458050292354635,
      "q" : "13",
      "p" : "0.11907",
      "s" : "sell",
      "i" : "GODS_USDT",
      "m" : "4611686018431233883"
    }, {
      "d" : "1756458050292352003",
      "t" : 1756458050292,
      "tn" : 1756458050292352003,
      "q" : "13",
      "p" : "0.11911",
      "s" : "sell",
      "i" : "GODS_USDT",
      "m" : "4611686018431233882"
    }, {
      "d" : "1756458050292349808",
      "t" : 1756458050292,
      "tn" : 1756458050292349808,
      "q" : "13",
      "p" : "0.11915",
      "s" : "sell",
      "i" : "GODS_USDT",
      "m" : "4611686018431233881"
    }, {
      "d" : "1756458050292347682",
      "t" : 1756458050292,
      "tn" : 1756458050292347682,
      "q" : "13",
      "p" : "0.11919",
      "s" : "sell",
      "i" : "GODS_USDT",
      "m" : "4611686018431233880"
    }, {
      "d" : "1756458050292345082",
      "t" : 1756458050292,
      "tn" : 1756458050292345082,
      "q" : "13",
      "p" : "0.11923",
      "s" : "sell",
      "i" : "GODS_USDT",
      "m" : "4611686018431233879"
    }, {
      "d" : "1756458050292342522",
      "t" : 1756458050292,
      "tn" : 1756458050292342522,
      "q" : "13",
      "p" : "0.11927",
      "s" : "sell",
      "i" : "GODS_USDT",
      "m" : "4611686018431233878"
    }, {
      "d" : "1756458050292339902",
      "t" : 1756458050292,
      "tn" : 1756458050292339902,
      "q" : "13",
      "p" : "0.11931",
      "s" : "sell",
      "i" : "GODS_USDT",
      "m" : "4611686018431233877"
    }, {
      "d" : "1756458050292336597",
      "t" : 1756458050292,
      "tn" : 1756458050292336597,
      "q" : "13",
      "p" : "0.11935",
      "s" : "sell",
      "i" : "GODS_USDT",
      "m" : "4611686018431233876"
    } ]
  }
}