{
  "id" : -1,
  "method" : "public/get-trades",
  "code" : 0,
  "result" : {
    "data" : [ {
      "d" : "1756461161949651669",
      "t" : 1756461161949,
      "tn" : 1756461161949651669,
      "q" : "25",
      "p" : "0.11840",
      "s" : "sell",
      "i" : "GODS_USD",
      "m" : "4611686018432397594"
    }, {
      "d" : "1756461161939957537",
      "t" : 1756461161939,
      "tn" : 1756461161939957537,
      "q" : "25",
      "p" : "0.11844",
      "s" : "sell",
      "i" : "GODS_USD",
      "m" : "4611686018432397593"
    }, {
      "d" : "1756461131753018772",
      "t" : 1756461131753,
      "tn" : 1756461131753018772,
      "q" : "25",
      "p" : "0.11848",
      "s" : "buy",
      "i" : "GODS_USD",
      "m" : "4611686018432397592"
    }, {
      "d" : "1756461131747460163",
      "t" : 1756461131747,
      "tn" : 1756461131747460163,
      "q" : "25",
      "p" : "0.11844",
      "s" : "buy",
      "i" : "GODS_USD",
      "m" : "4611686018432397591"
    }, {
      "d" : "1756461126118844986",
      "t" : 1756461126118,
      "tn" : 1756461126118844986,
      "q" : "25",
      "p" : "0.11840",
      "s" : "buy",
      "i" : "GODS_USD",
      "m" : "4611686018432397590"
    }, {
      "d" : "1756461126108646186",
      "t" : 1756461126108,
      "tn" : 1756461126108646186,
      "q" : "25",
      "p" : "0.11836",
      "s" : "buy",
      "i" : "GODS_USD",
      "m" : "4611686018432397589"
    }, {
      "d" : "1756461126099573405",
      "t" : 1756461126099,
      "tn" : 1756461126099573405,
      "q" : "25",
      "p" : "0.11832",
      "s" : "buy",
      "i" : "GODS_USD",
      "m" : "4611686018432397588"
    }, {
      "d" : "1756461030140873326",
      "t" : 1756461030140,
      "tn" : 1756461030140873326,
      "q" : "24",
      "p" : "0.11824",
      "s" : "sell",
      "i" : "GODS_USD",
      "m" : "4611686018432397587"
    }, {
      "d" : "1756461030140871713",
      "t" : 1756461030140,
      "tn" : 1756461030140871713,
      "q" : "487",
      "p" : "0.11825",
      "s" : "sell",
      "i" : "GODS_USD",
      "m" : "4611686018432397586"
    }, {
      "d" : "1756461030137657318",
      "t" : 1756461030137,
      "tn" : 1756461030137657318,
      "q" : "186",
      "p" : "0.11825",
      "s" : "sell",
      "i" : "GODS_USD",
      "m" : "4611686018432397585"
    }, {
      "d" : "1756461030137655407",
      "t" : 1756461030137,
      "tn" : 1756461030137655407,
      "q" : "25",
      "p" : "0.11828",
      "s" : "sell",
      "i" : "GODS_USD",
      "m" : "4611686018432397584"
    }, {
      "d" : "1756461014097773292",
      "t" : 1756461014097,
      "tn" : 1756461014097773292,
      "q" : "25",
      "p" : "0.11832",
      "s" : "sell",
      "i" : "GODS_USD",
      "m" : "4611686018432397583"
    }, {
      "d" : "1756461013973566068",
      "t" : 1756461013973,
      "tn" : 1756461013973566068,
      "q" : "25",
      "p" : "0.11836",
      "s" : "sell",
      "i" : "GODS_USD",
      "m" : "4611686018432397582"
    }, {
      "d" : "1756461013938809165",
      "t" : 1756461013938,
      "tn" : 1756461013938809165,
      "q" : "25",
      "p" : "0.11840",
      "s" : "sell",
      "i" : "GODS_USD",
      "m" : "4611686018432397581"
    }, {
      "d" : "1756460982804861316",
      "t" : 1756460982804,
      "tn" : 1756460982804861316,
      "q" : "25",
      "p" : "0.11844",
      "s" : "sell",
      "i" : "GODS_USD",
      "m" : "4611686018432397580"
    }, {
      "d" : "1756460982767236747",
      "t" : 1756460982767,
      "tn" : 1756460982767236747,
      "q" : "25",
      "p" : "0.11848",
      "s" : "sell",
      "i" : "GODS_USD",
      "m" : "4611686018432397579"
    }, {
      "d" : "1756460789288703775",
      "t" : 1756460789288,
      "tn" : 1756460789288703775,
      "q" : "25",
      "p" : "0.11852",
      "s" : "buy",
      "i" : "GODS_USD",
      "m" : "4611686018432397578"
    }, {
      "d" : "1756460789258637918",
      "t" : 1756460789258,
      "tn" : 1756460789258637918,
      "q" : "25",
      "p" : "0.11848",
      "s" : "buy",
      "i" : "GODS_USD",
      "m" : "4611686018432397577"
    }, {
      "d" : "1756460789145069709",
      "t" : 1756460789145,
      "tn" : 1756460789145069709,
      "q" : "25",
      "p" : "0.11844",
      "s" : "buy",
      "i" : "GODS_USD",
      "m" : "4611686018432397576"
    }, {
      "d" : "1756460788992421465",
      "t" : 1756460788992,
      "tn" : 1756460788992421465,
      "q" : "25",
      "p" : "0.11840",
      "s" : "buy",
      "i" : "GODS_USD",
      "m" : "4611686018432397575"
    }, {
      "d" : "1756460788980274596",
      "t" : 1756460788980,
      "tn" : 1756460788980274596,
      "q" : "25",
      "p" : "0.11836",
      "s" : "buy",
      "i" : "GODS_USD",
      "m" : "4611686018432397574"
    }, {
      "d" : "1756460788975160416",
      "t" : 1756460788975,
      "tn" : 1756460788975160416,
      "q" : "12",
      "p" : "0.11832",
      "s" : "buy",
      "i" : "GODS_USD",
      "m" : "4611686018432397573"
    }, {
      "d" : "1756460788965153192",
      "t" : 1756460788965,
      "tn" : 1756460788965153192,
      "q" : "13",
      "p" : "0.11832",
      "s" : "buy",
      "i" : "GODS_USD",
      "m" : "4611686018432397572"
    }, {
      "d" : "1756460788965151341",
      "t" : 1756460788965,
      "tn" : 1756460788965151341,
      "q" : "25",
      "p" : "0.11828",
      "s" : "buy",
      "i" : "GODS_USD",
      "m" : "4611686018432397571"
    }, {
      "d" : "1756460788965148538",
      "t" : 1756460788965,
      "tn" : 1756460788965148538,
      "q" : "698",
      "p" : "0.11827",
      "s" : "buy",
      "i" : "GODS_USD",
      "m" : "4611686018432397570"
    }, {
      "d" : "1756460788965147058",
      "t" : 1756460788965,
      "tn" : 1756460788965147058,
      "q" : "25",
      "p" : "0.11824",
      "s" : "buy",
      "i" : "GODS_USD",
      "m" : "4611686018432397569"
    }, {
      "d" : "1756460788948216702",
      "t" : 1756460788948,
      "tn" : 1756460788948216702,
      "q" : "25",
      "p" : "0.11820",
      "s" : "buy",
      "i" : "GODS_USD",
      "m" : "4611686018432397568"
    }, {
      "d" : "1756460788948214617",
      "t" : 1756460788948,
      "tn" : 1756460788948214617,
      "q" : "25",
      "p" : "0.11816",
      "s" : "buy",
      "i" : "GODS_USD",
      "m" : "4611686018432397567"
    }, {
      "d" : "1756460788942468972",
      "t" : 1756460788942,
      "tn" : 1756460788942468972,
      "q" : "25",
      "p" : "0.11812",
      "s" : "buy",
      "i" : "GODS_USD",
      "m" : "4611686018432397566"
    }, {
      "d" : "1756460740129389508",
      "t" : 1756460740129,
      "tn" : 1756460740129389508,
      "q" : "25",
      "p" : "0.11808",
      "s" : "buy",
      "i" : "GODS_USD",
      "m" : "4611686018432397565"
    }, {
      "d" : "1756460735829387916",
      "t" : 1756460735829,
      "tn" : 1756460735829387916,
      "q" : "25",
      "p" : "0.11804",
      "s" : "buy",
      "i" : "GODS_USD",
      "m" : "4611686018432397564"
    }, {
      "d" : "1756460568455879745",
      "t" : 1756460568455,
      "tn" : 1756460568455879745,
      "q" : "25",
      "p" : "0.11800",
      "s" : "sell",
      "i" : "GODS_USD",
      "m" : "4611686018432397563"
    }, {
      "d" : "1756460567848700903",
      "t" : 1756460567848,
      "tn" : 1756460567848700903,
      "q" : "25",
      "p" : "0.11804",
      "s" : "sell",
      "i" : "GODS_USD",
      "m" : "4611686018432397562"
    }, {
      "d" : "1756460567839289248",
      "t" : 1756460567839,
      "tn" : 1756460567839289248,
      "q" : "25",
      "p" : "0.11808",
      "s" : "sell",
      "i" : "GODS_USD",
      "m" : "4611686018432397561"
    }, {
      "d" : "1756460567615033604",
      "t" : 1756460567615,
      "tn" : 1756460567615033604,
      "q" : "25",
      "p" : "0.11812",
      "s" : "sell",
      "i" : "GODS_USD",
      "m" : "4611686018432397560"
    }, {
      "d" : "1756460458285107542",
      "t" : 1756460458285,
      "tn" : 1756460458285107542,
      "q" : "25",
      "p" : "0.11816",
      "s" : "buy",
      "i" : "GODS_USD",
      "m" : "4611686018432397559"
    }, {
      "d" : "1756460413339338838",
      "t" : 1756460413339,
      "tn" : 1756460413339338838,
      "q" : "25",
      "p" : "0.11812",
      "s" : "buy",
      "i" : "GODS_USD",
      "m" : "4611686018432397558"
    }, {
      "d" : "1756460235478996626",
      "t" : 1756460235478,
      "tn" : 1756460235478996626,
      "q" : "25",
      "p" : "0.11808",
      "s" : "buy",
      "i" : "GODS_USD",
      "m" : "4611686018432397557"
    }, {
      "d" : "1756460203585891073",
      "t" : 1756460203585,
      "tn" : 1756460203585891073,
      "q" : "25",
      "p" : "0.11804",
      "s" : "sell",
      "i" : "GODS_USD",
      "m" : "4611686018432397556"
    }, {
      "d" : "1756460203580734994",
      "t" : 1756460203580,
      "tn" : 1756460203580734994,
      "q" : "25",
      "p" : "0.11808",
      "s" : "sell",
      "i" : "GODS_USD",
      "m" : "4611686018432397555"
    }, {
      "d" : "1756460147638626587",
      "t" : 1756460147638,
      "tn" : 1756460147638626587,
      "q" : "25",
      "p" : "0.11812",
      "s" : "buy",
      "i" : "GODS_USD",
      "m" : "4611686018432397554"
    }, {
      "d" : "1756460030756841183",
      "t" : 1756460030756,
      "tn" : 1756460030756841183,
      "q" : "25",
      "p" : "0.11808",
      "s" : "buy",
      "i" : "GODS_USD",
      "m" : "4611686018432397553"
    }, {
      "d" : "1756460014233699255",
      "t" : 1756460014233,
      "tn" : 1756460014233699255,
      "q" : "25",
      "p" : "0.11804",
      "s" : "sell",
      "i" : "GODS_USD",
      "m" : "4611686018432397552"
    }, {
      "d" : "1756460014221765169",
      "t" : 1756460014221,
      "tn" : 1756460014221765169,
      "q" : "25",
      "p" : "0.11808",
      "s" : "sell",
      "i" : "GODS_USD",
      "m" : "4611686018432397551"
    }, {
      "d" : "1756459982600835890",
      "t" : 1756459982600,
      "tn" : 1756459982600835890,
      "q" : "25",
      "p" : "0.11812",
      "s" : "buy",
      "i" : "GODS_USD",
      "m" : "4611686018432397550"
    }, {
      "d" : "1756459982595397847",
      "t" : 1756459982595,
      "tn" : 1756459982595397847,
      "q" : "25",
      "p" : "0.11808",
      "s" : "buy",
      "i" : "GODS_USD",
      "m" : "4611686018432397549"
    }, {
      "d" : "1756459941794988894",
      "t" : 1756459941794,
      "tn" : 1756459941794988894,
      "q" : "25",
      "p" : "0.11804",
      "s" : "sell",
      "i" : "GODS_USD",
      "m" : "4611686018432397548"
    }, {
      "d" : "1756459941771675267",
      "t" : 1756459941771,
      "tn" : 1756459941771675267,
      "q" : "25",
      "p" : "0.11808",
      "s" : "sell",
      "i" : "GODS_USD",
      "m" : "4611686018432397547"
    }, {
      "d" : "1756459824506227721",
      "t" : 1756459824506,
      "tn" : 1756459824506227721,
      "q" : "25",
      "p" : "0.11812",
      "s" : "sell",
      "i" : "GODS_USD",
      "m" : "4611686018432397546"
    }, {
      "d" : "1756459824506225705",
      "t" : 1756459824506,
      "tn" : 1756459824506225705,
      "q" : "25",
      "p" : "0.11816",
      "s" : "sell",
      "i" : "GODS_USD",
      "m" : "4611686018432397545"
    }, {
      "d" : "1756459824506223310",
      "t" : 1756459824506,
      "tn" : 1756459824506223310,
      "q" : "25",
      "p" : "0.11820",
      "s" : "sell",
      "i" : "GODS_USD",
      "m" : "4611686018432397544"
    }, {
      "d" : "1756459824496799594",
      "t" : 1756459824496,
      "tn" : 1756459824496799594,
      "q" : "284",
      "p" : "0.11821",
      "s" : "sell",
      "i" : "GODS_USD",
      "m" : "4611686018432397543"
    }, {
      "d" : "1756459824496797223",
      "t" : 1756459824496,
      "tn" : 1756459824496797223,
      "q" : "25",
      "p" : "0.11824",
      "s" : "sell",
      "i" : "GODS_USD",
      "m" : "4611686018432397542"
    }, {
      "d" : "1756459755548652823",
      "t" : 1756459755548,
      "tn" : 1756459755548652823,
      "q" : "25",
      "p" : "0.11828",
      "s" : "buy",
      "i" : "GODS_USD",
      "m" : "4611686018432397541"
    }, {
      "d" : "1756459705660221890",
      "t" : 1756459705660,
      "tn" : 1756459705660221890,
      "q" : "25",
      "p" : "0.11824",
      "s" : "buy",
      "i" : "GODS_USD",
      "m" : "4611686018432397540"
    }, {
      "d" : "1756459688464438934",
      "t" : 1756459688464,
      "tn" : 1756459688464438934,
      "q" : "25",
      "p" : "0.11820",
      "s" : "buy",
      "i" : "GODS_USD",
      "m" : "4611686018432397539"
    }, {
      "d" : "1756459666417557068",
      "t" : 1756459666417,
      "tn" : 1756459666417557068,
      "q" : "25",
      "p" : "0.11816",
      "s" : "sell",
      "i" : "GODS_USD",
      "m" : "4611686018432397538"
    }, {
      "d" : "1756459538808863241",
      "t" : 1756459538808,
      "tn" : 1756459538808863241,
      "q" : "25",
      "p" : "0.11820",
      "s" : "buy",
      "i" : "GODS_USD",
      "m" : "4611686018432397537"
    }, {
      "d" : "1756459504109325533",
      "t" : 1756459504109,
      "tn" : 1756459504109325533,
      "q" : "339",
      "p" : "0.11809",
      "s" : "sell",
      "i" : "GODS_USD",
      "m" : "4611686018432397536"
    }, {
      "d" : "1756459504089443088",
      "t" : 1756459504089,
      "tn" : 1756459504089443088,
      "q" : "25",
      "p" : "0.11816",
      "s" : "buy",
      "i" : "GODS_USD",
      "m" : "4611686018432397535"
    }, {
      "d" : "1756459478791330165",
      "t" : 1756459478791,
      "tn" : 1756459478791330165,
      "q" : "25",
      "p" : "0.11812",
      "s" : "sell",
      "i" : "GODS_USD",
      "m" : "4611686018432397534"
    }, {
      "d" : "1756459106898769966",
      "t" : 1756459106898,
      "tn" : 1756459106898769966,
      "q" : "25",
      "p" : "0.11816",
      "s" : "buy",
      "i" : "GODS_USD",
      "m" : "4611686018432397533"
    }, {
      "d" : "1756459090291385179",
      "t" : 1756459090291,
      "tn" : 1756459090291385179,
      "q" : "25",
      "p" : "0.11812",
      "s" : "sell",
      "i" : "GODS_USD",
      "m" : "4611686018432397532"
    }, {
      "d" : "1756459077633732211",
      "t" : 1756459077633,
      "tn" : 1756459077633732211,
      "q" : "25",
      "p" : "0.11816",
      "s" : "buy",
      "i" : "GODS_USD",
      "m" : "4611686018432397531"
    }, {
      "d" : "1756459077633729757",
      "t" : 1756459077633,
      "tn" : 1756459077633729757,
      "q" : "25",
      "p" : "0.11812",
      "s" : "buy",
      "i" : "GODS_USD",
      "m" : "4611686018432397530"
    }, {
      "d" : "1756459077627061365",
      "t" : 1756459077627,
      "tn" : 1756459077627061365,
      "q" : "25",
      "p" : "0.11808",
      "s" : "buy",
      "i" : "GODS_USD",
      "m" : "4611686018432397529"
    }, {
      "d" : "1756459074698793096",
      "t" : 1756459074698,
      "tn" : 1756459074698793096,
      "q" : "25",
      "p" : "0.11804",
      "s" : "buy",
      "i" : "GODS_USD",
      "m" : "4611686018432397528"
    }, {
      "d" : "1756459074601746490",
      "t" : 1756459074601,
      "tn" : 1756459074601746490,
      "q" : "25",
      "p" : "0.11800",
      "s" : "buy",
      "i" : "GODS_USD",
      "m" : "4611686018432397527"
    }, {
      "d" : "1756459074149236698",
      "t" : 1756459074149,
      "tn" : 1756459074149236698,
      "q" : "25",
      "p" : "0.11796",
      "s" : "buy",
      "i" : "GODS_USD",
      "m" : "4611686018432397526"
    }, {
      "d" : "1756459070138899373",
      "t" : 1756459070138,
      "tn" : 1756459070138899373,
      "q" : "25",
      "p" : "0.11792",
      "s" : "buy",
      "i" : "GODS_USD",
      "m" : "4611686018432397525"
    }, {
      "d" : "1756459066541585854",
      "t" : 1756459066541,
      "tn" : 1756459066541585854,
      "q" : "25",
      "p" : "0.11788",
      "s" : "buy",
      "i" : "GODS_USD",
      "m" : "4611686018432397524"
    }, {
      "d" : "1756459066381003882",
      "t" : 1756459066381,
      "tn" : 1756459066381003882,
      "q" : "25",
      "p" : "0.11784",
      "s" : "buy",
      "i" : "GODS_USD",
      "m" : "4611686018432397523"
    }, {
      "d" : "1756459066381002273",
      "t" : 1756459066381,
      "tn" : 1756459066381002273,
      "q" : "25",
      "p" : "0.11782",
      "s" : "buy",
      "i" : "GODS_USD",
      "m" : "4611686018432397522"
    }, {
      "d" : "1756459066381000228",
      "t" : 1756459066381,
      "tn" : 1756459066381000228,
      "q" : "25",
      "p" : "0.11781",
      "s" : "buy",
      "i" : "GODS_USD",
      "m" : "4611686018432397521"
    }, {
      "d" : "1756459050765129869",
      "t" : 1756459050765,
      "tn" : 1756459050765129869,
      "q" : "25",
      "p" : "0.11778",
      "s" : "sell",
      "i" : "GODS_USD",
      "m" : "4611686018432397520"
    }, {
      "d" : "1756459050524969255",
      "t" : 1756459050524,
      "tn" : 1756459050524969255,
      "q" : "25",
      "p" : "0.11781",
      "s" : "sell",
      "i" : "GODS_USD",
      "m" : "4611686018432397519"
    }, {
      "d" : "1756459050524966932",
      "t" : 1756459050524,
      "tn" : 1756459050524966932,
      "q" : "25",
      "p" : "0.11782",
      "s" : "sell",
      "i" : "GODS_USD",
      "m" : "4611686018432397518"
    }, {
      "d" : "1756459050524964011",
      "t" : 1756459050524,
      "tn" : 1756459050524964011,
      "q" : "25",
      "p" : "0.11784",
      "s" : "sell",
      "i" : "GODS_USD",
      "m" : "4611686018432397517"
    }, {
      "d" : "1756459050495151780",
      "t" : 1756459050495,
      "tn" : 1756459050495151780,
      "q" : "25",
      "p" : "0.11788",
      "s" : "sell",
      "i" : "GODS_USD",
      "m" : "4611686018432397516"
    }, {
      "d" : "1756459010676625708",
      "t" : 1756459010676,
      "tn" : 1756459010676625708,
      "q" : "25",
      "p" : "0.11792",
      "s" : "buy",
      "i" : "GODS_USD",
      "m" : "4611686018432397515"
    }, {
      "d" : "1756459010553203082",
      "t" : 1756459010553,
      "tn" : 1756459010553203082,
      "q" : "25",
      "p" : "0.11788",
      "s" : "buy",
      "i" : "GODS_USD",
      "m" : "4611686018432397514"
    }, {
      "d" : "1756459010509818208",
      "t" : 1756459010509,
      "tn" : 1756459010509818208,
      "q" : "25",
      "p" : "0.11784",
      "s" : "buy",
      "i" : "GODS_USD",
      "m" : "4611686018432397513"
    }, {
      "d" : "1756459010509816135",
      "t" : 1756459010509,
      "tn" : 1756459010509816135,
      "q" : "25",
      "p" : "0.11782",
      "s" : "buy",
      "i" : "GODS_USD",
      "m" : "4611686018432397512"
    }, {
      "d" : "1756459010509813428",
      "t" : 1756459010509,
      "tn" : 1756459010509813428,
      "q" : "25",
      "p" : "0.11781",
      "s" : "buy",
      "i" : "GODS_USD",
      "m" : "4611686018432397511"
    }, {
      "d" : "1756458984638030857",
      "t" : 1756458984638,
      "tn" : 1756458984638030857,
      "q" : "25",
      "p" : "0.11778",
      "s" : "buy",
      "i" : "GODS_USD",
      "m" : "4611686018432397510"
    }, {
      "d" : "1756458890217995842",
      "t" : 1756458890217,
      "tn" : 1756458890217995842,
      "q" : "12",
      "p" : "0.11775",
      "s" : "buy",
      "i" : "GODS_USD",
      "m" : "4611686018432397509"
    }, {
      "d" : "1756458890167905490",
      "t" : 1756458890167,
      "tn" : 1756458890167905490,
      "q" : "13",
      "p" : "0.11775",
      "s" : "buy",
      "i" : "GODS_USD",
      "m" : "4611686018432397508"
    }, {
      "d" : "1756458874598724578",
      "t" : 1756458874598,
      "tn" : 1756458874598724578,
      "q" : "25",
      "p" : "0.11772",
      "s" : "sell",
      "i" : "GODS_USD",
      "m" : "4611686018432397507"
    }, {
      "d" : "1756458864848618455",
      "t" : 1756458864848,
      "tn" : 1756458864848618455,
      "q" : "25",
      "p" : "0.11775",
      "s" : "sell",
      "i" : "GODS_USD",
      "m" : "4611686018432397506"
    }, {
      "d" : "1756458864829383956",
      "t" : 1756458864829,
      "tn" : 1756458864829383956,
      "q" : "25",
      "p" : "0.11778",
      "s" : "sell",
      "i" : "GODS_USD",
      "m" : "4611686018432397505"
    }, {
      "d" : "1756458864829382032",
      "t" : 1756458864829,
      "tn" : 1756458864829382032,
      "q" : "25",
      "p" : "0.11781",
      "s" : "sell",
      "i" : "GODS_USD",
      "m" : "4611686018432397504"
    }, {
      "d" : "1756458864829379782",
      "t" : 1756458864829,
      "tn" : 1756458864829379782,
      "q" : "25",
      "p" : "0.11782",
      "s" : "sell",
      "i" : "GODS_USD",
      "m" : "4611686018432397503"
    }, {
      "d" : "1756458864795148675",
      "t" : 1756458864795,
      "tn" : 1756458864795148675,
      "q" : "25",
      "p" : "0.11784",
      "s" : "sell",
      "i" : "GODS_USD",
      "m" : "4611686018432397502"
    }, {
      "d" : "1756458830534536804",
      "t" : 1756458830534,
      "tn" : 1756458830534536804,
      "q" : "25",
      "p" : "0.11788",
      "s" : "sell",
      "i" : "GODS_USD",
      "m" : "4611686018432397501"
    }, {
      "d" : "1756458830040286629",
      "t" : 1756458830040,
      "tn" : 1756458830040286629,
      "q" : "25",
      "p" : "0.11792",
      "s" : "sell",
      "i" : "GODS_USD",
      "m" : "4611686018432397500"
    }, {
      "d" : "1756458830029771790",
      "t" : 1756458830029,
      "tn" : 1756458830029771790,
      "q" : "25",
      "p" : "0.11796",
      "s" : "sell",
      "i" : "GODS_USD",
      "m" : "4611686018432397499"
    }, {
      "d" : "1756458815422778235",
      "t" : 1756458815422,
      "tn" : 1756458815422778235,
      "q" : "25",
      "p" : "0.11800",
      "s" : "buy",
      "i" : "GODS_USD",
      "m" : "4611686018432397498"
    }, {
      "d" : "1756458815295643232",
      "t" : 1756458815295,
      "tn" : 1756458815295643232,
      "q" : "25",
      "p" : "0.11796",
      "s" : "buy",
      "i" : "GODS_USD",
      "m" : "4611686018432397497"
    }, {
      "d" : "1756458815295640569",
      "t" : 1756458815295,
      "tn" : 1756458815295640569,
      "q" : "25",
      "p" : "0.11792",
      "s" : "buy",
      "i" : "GODS_USD",
      "m" : "4611686018432397496"
    }, {
      "d" : "1756458815184060523",
      "t" : 1756458815184,
      "tn" : 1756458815184060523,
      "q" : "25",
      "p" : "0.11788",
      "s" : "buy",
      "i" : "GODS_USD",
      "m" : "4611686018432397495"
    }, {
      "d" : "1756458691009149532",
      "t" : 1756458691009,
      "tn" : 1756458691009149532,
      "q" : "25",
      "p" : "0.11784",
      "s" : "buy",
      "i" : "GODS_USD",
      "m" : "4611686018432397494"
    }, {
      "d" : "1756458690999129677",
      "t" : 1756458690999,
      "tn" : 1756458690999129677,
      "q" : "25",
      "p" : "0.11782",
      "s" : "buy",
      "i" : "GODS_USD",
      "m" : "4611686018432397493"
    }, {
      "d" : "1756458678425051557",
      "t" : 1756458678425,
      "tn" : 1756458678425051557,
      "q" : "25",
      "p" : "0.11781",
      "s" : "sell",
      "i" : "GODS_USD",
      "m" : "4611686018432397492"
    }, {
      "d" : "1756458678425048634",
      "t" : 1756458678425,
      "tn" : 1756458678425048634,
      "q" : "25",
      "p" : "0.11782",
      "s" : "sell",
      "i" : "GODS_USD",
      "m" : "4611686018432397491"
    }, {
      "d" : "1756458678398706974",
      "t" : 1756458678398,
      "tn" : 1756458678398706974,
      "q" : "25",
      "p" : "0.11784",
      "s" : "sell",
      "i" : "GODS_USD",
      "m" : "4611686018432397490"
    }, {
      "d" : "1756458678349170290",
      "t" : 1756458678349,
      "tn" : 1756458678349170290,
      "q" : "25",
      "p" : "0.11788",
      "s" : "sell",
      "i" : "GODS_USD",
      "m" : "4611686018432397489"
    }, {
      "d" : "1756458660498697645",
      "t" : 1756458660498,
      "tn" : 1756458660498697645,
      "q" : "25",
      "p" : "0.11792",
      "s" : "buy",
      "i" : "GODS_USD",
      "m" : "4611686018432397488"
    }, {
      "d" : "1756458660498695225",
      "t" : 1756458660498,
      "tn" : 1756458660498695225,
      "q" : "45",
      "p" : "0.11791",
      "s" : "buy",
      "i" : "GODS_USD",
      "m" : "4611686018432397487"
    }, {
      "d" : "1756458660449023963",
      "t" : 1756458660449,
      "tn" : 1756458660449023963,
      "q" : "25",
      "p" : "0.11788",
      "s" : "buy",
      "i" : "GODS_USD",
      "m" : "4611686018432397486"
    }, {
      "d" : "1756458642791906975",
      "t" : 1756458642791,
      "tn" : 1756458642791906975,
      "q" : "25",
      "p" : "0.11784",
      "s" : "sell",
      "i" : "GODS_USD",
      "m" : "4611686018432397485"
    }, {
      "d" : "1756458642775126732",
      "t" : 1756458642775,
      "tn" : 1756458642775126732,
      "q" : "25",
      "p" : "0.11788",
      "s" : "sell",
      "i" : "GODS_USD",
      "m" : "4611686018432397484"
    }, {
      "d" : "1756458642602194082",
      "t" : 1756458642602,
      "tn" : 1756458642602194082,
      "q" : "25",
      "p" : "0.11792",
      "s" : "sell",
      "i" : "GODS_USD",
      "m" : "4611686018432397483"
    }, {
      "d" : "1756458635195331251",
      "t" : 1756458635195,
      "tn" : 1756458635195331251,
      "q" : "25",
      "p" : "0.11796",
      "s" : "sell",
      "i" : "GODS_USD",
      "m" : "4611686018432397482"
    }, {
      "d" : "1756458635184600906",
      "t" : 1756458635184,
      "tn" : 1756458635184600906,
      "q" : "25",
      "p" : "0.11800",
      "s" : "sell",
      "i" : "GODS_USD",
      "m" : "4611686018432397481"
    }, {
      "d" : "1756458603837260706",
      "t" : 1756458603837,
      "tn" : 1756458603837260706,
      "q" : "25",
      "p" : "0.11804",
      "s" : "sell",
      "i" : "GODS_USD",
      "m" : "4611686018432397480"
    }, {
      "d" : "1756458603699521639",
      "t" : 1756458603699,
      "tn" : 1756458603699521639,
      "q" : "12",
      "p" : "0.11808",
      "s" : "sell",
      "i" : "GODS_USD",
      "m" : "4611686018432397479"
    }, {
      "d" : "1756458579400869911",
      "t" : 1756458579400,
      "tn" : 1756458579400869911,
      "q" : "13",
      "p" : "0.11808",
      "s" : "sell",
      "i" : "GODS_USD",
      "m" : "4611686018432397478"
    }, {
      "d" : "1756458563891038192",
      "t" : 1756458563891,
      "tn" : 1756458563891038192,
      "q" : "25",
      "p" : "0.11812",
      "s" : "buy",
      "i" : "GODS_USD",
      "m" : "4611686018432397477"
    }, {
      "d" : "1756458563707808145",
      "t" : 1756458563707,
      "tn" : 1756458563707808145,
      "q" : "25",
      "p" : "0.11808",
      "s" : "buy",
      "i" : "GODS_USD",
      "m" : "4611686018432397476"
    }, {
      "d" : "1756458563678853265",
      "t" : 1756458563678,
      "tn" : 1756458563678853265,
      "q" : "25",
      "p" : "0.11804",
      "s" : "buy",
      "i" : "GODS_USD",
      "m" : "4611686018432397475"
    }, {
      "d" : "1756458563670893140",
      "t" : 1756458563670,
      "tn" : 1756458563670893140,
      "q" : "25",
      "p" : "0.11800",
      "s" : "buy",
      "i" : "GODS_USD",
      "m" : "4611686018432397474"
    }, {
      "d" : "1756458523309004692",
      "t" : 1756458523309,
      "tn" : 1756458523309004692,
      "q" : "25",
      "p" : "0.11796",
      "s" : "buy",
      "i" : "GODS_USD",
      "m" : "4611686018432397473"
    }, {
      "d" : "1756458523303814350",
      "t" : 1756458523303,
      "tn" : 1756458523303814350,
      "q" : "25",
      "p" : "0.11792",
      "s" : "buy",
      "i" : "GODS_USD",
      "m" : "4611686018432397472"
    }, {
      "d" : "1756458480329255178",
      "t" : 1756458480329,
      "tn" : 1756458480329255178,
      "q" : "25",
      "p" : "0.11788",
      "s" : "sell",
      "i" : "GODS_USD",
      "m" : "4611686018432397471"
    }, {
      "d" : "1756458480320194338",
      "t" : 1756458480320,
      "tn" : 1756458480320194338,
      "q" : "25",
      "p" : "0.11792",
      "s" : "sell",
      "i" : "GODS_USD",
      "m" : "4611686018432397470"
    }, {
      "d" : "1756458466728707020",
      "t" : 1756458466728,
      "tn" : 1756458466728707020,
      "q" : "25",
      "p" : "0.11796",
      "s" : "sell",
      "i" : "GODS_USD",
      "m" : "4611686018432397469"
    }, {
      "d" : "1756458464517563853",
      "t" : 1756458464517,
      "tn" : 1756458464517563853,
      "q" : "25",
      "p" : "0.11800",
      "s" : "sell",
      "i" : "GODS_USD",
      "m" : "4611686018432397468"
    }, {
      "d" : "1756458460765048777",
      "t" : 1756458460765,
      "tn" : 1756458460765048777,
      "q" : "25",
      "p" : "0.11804",
      "s" : "sell",
      "i" : "GODS_USD",
      "m" : "4611686018432397467"
    }, {
      "d" : "1756458359189708347",
      "t" : 1756458359189,
      "tn" : 1756458359189708347,
      "q" : "25",
      "p" : "0.11808",
      "s" : "sell",
      "i" : "GODS_USD",
      "m" : "4611686018432397466"
    }, {
      "d" : "1756458348084947758",
      "t" : 1756458348084,
      "tn" : 1756458348084947758,
      "q" : "25",
      "p" : "0.11812",
      "s" : "buy",
      "i" : "GODS_USD",
      "m" : "4611686018432397465"
    }, {
      "d" : "1756458348066081974",
      "t" : 1756458348066,
      "tn" : 1756458348066081974,
      "q" : "25",
      "p" : "0.11808",
      "s" : "buy",
      "i" : "GODS_USD",
      "m" : "4611686018432397464"
    }, {
      "d" : "1756458347981533319",
      "t" : 1756458347981,
      "tn" : 1756458347981533319,
      "q" : "25",
      "p" : "0.11804",
      "s" : "buy",
      "i" : "GODS_USD",
      "m" : "4611686018432397463"
    }, {
      "d" : "1756458345440412575",
      "t" : 1756458345440,
      "tn" : 1756458345440412575,
      "q" : "25",
      "p" : "0.11800",
      "s" : "buy",
      "i" : "GODS_USD",
      "m" : "4611686018432397462"
    }, {
      "d" : "1756458321474349100",
      "t" : 1756458321474,
      "tn" : 1756458321474349100,
      "q" : "13",
      "p" : "0.11796",
      "s" : "sell",
      "i" : "GODS_USD",
      "m" : "4611686018432397461"
    }, {
      "d" : "1756458304169357779",
      "t" : 1756458304169,
      "tn" : 1756458304169357779,
      "q" : "25",
      "p" : "0.11804",
      "s" : "buy",
      "i" : "GODS_USD",
      "m" : "4611686018432397460"
    }, {
      "d" : "1756458304169355456",
      "t" : 1756458304169,
      "tn" : 1756458304169355456,
      "q" : "25",
      "p" : "0.11800",
      "s" : "buy",
      "i" : "GODS_USD",
      "m" : "4611686018432397459"
    }, {
      "d" : "1756458304169352931",
      "t" : 1756458304169,
      "tn" : 1756458304169352931,
      "q" : "25",
      "p" : "0.11796",
      "s" : "buy",
      "i" : "GODS_USD",
      "m" : "4611686018432397458"
    }, {
      "d" : "1756458304169349923",
      "t" : 1756458304169,
      "tn" : 1756458304169349923,
      "q" : "7",
      "p" : "0.11792",
      "s" : "buy",
      "i" : "GODS_USD",
      "m" : "4611686018432397457"
    }, {
      "d" : "1756458304166246131",
      "t" : 1756458304166,
      "tn" : 1756458304166246131,
      "q" : "25",
      "p" : "0.11788",
      "s" : "buy",
      "i" : "GODS_USD",
      "m" : "4611686018432397456"
    }, {
      "d" : "1756458281154592495",
      "t" : 1756458281154,
      "tn" : 1756458281154592495,
      "q" : "20",
      "p" : "0.11783",
      "s" : "sell",
      "i" : "GODS_USD",
      "m" : "4611686018432397455"
    }, {
      "d" : "1756458251154013365",
      "t" : 1756458251154,
      "tn" : 1756458251154013365,
      "q" : "18",
      "p" : "0.11792",
      "s" : "buy",
      "i" : "GODS_USD",
      "m" : "4611686018432397454"
    }, {
      "d" : "1756458245834894196",
      "t" : 1756458245834,
      "tn" : 1756458245834894196,
      "q" : "25",
      "p" : "0.11788",
      "s" : "buy",
      "i" : "GODS_USD",
      "m" : "4611686018432397453"
    }, {
      "d" : "1756458245824822240",
      "t" : 1756458245824,
      "tn" : 1756458245824822240,
      "q" : "25",
      "p" : "0.11784",
      "s" : "buy",
      "i" : "GODS_USD",
      "m" : "4611686018432397452"
    }, {
      "d" : "1756458245824819649",
      "t" : 1756458245824,
      "tn" : 1756458245824819649,
      "q" : "25",
      "p" : "0.11782",
      "s" : "buy",
      "i" : "GODS_USD",
      "m" : "4611686018432397451"
    }, {
      "d" : "1756458245824817249",
      "t" : 1756458245824,
      "tn" : 1756458245824817249,
      "q" : "25",
      "p" : "0.11781",
      "s" : "buy",
      "i" : "GODS_USD",
      "m" : "4611686018432397450"
    }, {
      "d" : "1756458245824814534",
      "t" : 1756458245824,
      "tn" : 1756458245824814534,
      "q" : "25",
      "p" : "0.11778",
      "s" : "buy",
      "i" : "GODS_USD",
      "m" : "4611686018432397449"
    }, {
      "d" : "1756458245817171114",
      "t" : 1756458245817,
      "tn" : 1756458245817171114,
      "q" : "25",
      "p" : "0.11775",
      "s" : "buy",
      "i" : "GODS_USD",
      "m" : "4611686018432397448"
    }, {
      "d" : "1756458245817168871",
      "t" : 1756458245817,
      "tn" : 1756458245817168871,
      "q" : "25",
      "p" : "0.11772",
      "s" : "buy",
      "i" : "GODS_USD",
      "m" : "4611686018432397447"
    }, {
      "d" : "1756458236634762553",
      "t" : 1756458236634,
      "tn" : 1756458236634762553,
      "q" : "26",
      "p" : "0.11763",
      "s" : "sell",
      "i" : "GODS_USD",
      "m" : "4611686018432397446"
    }, {
      "d" : "1756458236518599828",
      "t" : 1756458236518,
      "tn" : 1756458236518599828,
      "q" : "25",
      "p" : "0.11766",
      "s" : "sell",
      "i" : "GODS_USD",
      "m" : "4611686018432397445"
    } ]
  }
}