{
  "id" : -1,
  "method" : "public/get-trades",
  "code" : 0,
  "result" : {
    "data" : [ {
      "d" : "1756449801960896550",
      "t" : 1756449801960,
      "tn" : 1756449801960896550,
      "q" : "263",
      "p" : "0.75383",
      "s" : "sell",
      "i" : "GRASSUSD-PERP",
      "m" : "4611686018427417330"
    }, {
      "d" : "1756449801959988774",
      "t" : 1756449801959,
      "tn" : 1756449801959988774,
      "q" : "264",
      "p" : "0.75712",
      "s" : "sell",
      "i" : "GRASSUSD-PERP",
      "m" : "4611686018427417329"
    }, {
      "d" : "1756418088956341842",
      "t" : 1756418088956,
      "tn" : 1756418088956341842,
      "q" : "149",
      "p" : "0.76711",
      "s" : "buy",
      "i" : "GRASSUSD-PERP",
      "m" : "4611686018427417328"
    }, {
      "d" : "1756418084953600593",
      "t" : 1756418084953,
      "tn" : 1756418084953600593,
      "q" : "1",
      "p" : "0.76720",
      "s" : "sell",
      "i" : "GRASSUSD-PERP",
      "m" : "4611686018427417327"
    }, {
      "d" : "1756418084953597840",
      "t" : 1756418084953,
      "tn" : 1756418084953597840,
      "q" : "1",
      "p" : "0.76728",
      "s" : "sell",
      "i" : "GRASSUSD-PERP",
      "m" : "4611686018427417326"
    }, {
      "d" : "1756417969629985886",
      "t" : 1756417969629,
      "tn" : 1756417969629985886,
      "q" : "1",
      "p" : "0.76670",
      "s" : "sell",
      "i" : "GRASSUSD-PERP",
      "m" : "4611686018427417325"
    }, {
      "d" : "1756417925577403695",
      "t" : 1756417925577,
      "tn" : 1756417925577403695,
      "q" : "1",
      "p" : "0.76671",
      "s" : "sell",
      "i" : "GRASSUSD-PERP",
      "m" : "4611686018427417324"
    }, {
      "d" : "1756397199436516304",
      "t" : 1756397199436,
      "tn" : 1756397199436516304,
      "q" : "64",
      "p" : "0.77250",
      "s" : "buy",
      "i" : "GRASSUSD-PERP",
      "m" : "4611686018427417323"
    }, {
      "d" : "1756397197762519838",
      "t" : 1756397197762,
      "tn" : 1756397197762519838,
      "q" : "64",
      "p" : "0.77285",
      "s" : "buy",
      "i" : "GRASSUSD-PERP",
      "m" : "4611686018427417322"
    }, {
      "d" : "1756397197761713808",
      "t" : 1756397197761,
      "tn" : 1756397197761713808,
      "q" : "128",
      "p" : "0.77285",
      "s" : "buy",
      "i" : "GRASSUSD-PERP",
      "m" : "4611686018427417321"
    }, {
      "d" : "1756397197756156983",
      "t" : 1756397197756,
      "tn" : 1756397197756156983,
      "q" : "64",
      "p" : "0.77160",
      "s" : "buy",
      "i" : "GRASSUSD-PERP",
      "m" : "4611686018427417320"
    }, {
      "d" : "1756397197753908738",
      "t" : 1756397197753,
      "tn" : 1756397197753908738,
      "q" : "64",
      "p" : "0.77145",
      "s" : "buy",
      "i" : "GRASSUSD-PERP",
      "m" : "4611686018427417319"
    }, {
      "d" : "1756397197753906578",
      "t" : 1756397197753,
      "tn" : 1756397197753906578,
      "q" : "136",
      "p" : "0.77136",
      "s" : "buy",
      "i" : "GRASSUSD-PERP",
      "m" : "4611686018427417318"
    }, {
      "d" : "1756397197753659412",
      "t" : 1756397197753,
      "tn" : 1756397197753659412,
      "q" : "123",
      "p" : "0.77136",
      "s" : "buy",
      "i" : "GRASSUSD-PERP",
      "m" : "4611686018427417317"
    }, {
      "d" : "1756397197753656882",
      "t" : 1756397197753,
      "tn" : 1756397197753656882,
      "q" : "129",
      "p" : "0.77085",
      "s" : "buy",
      "i" : "GRASSUSD-PERP",
      "m" : "4611686018427417316"
    }, {
      "d" : "1756397197753654377",
      "t" : 1756397197753,
      "tn" : 1756397197753654377,
      "q" : "1",
      "p" : "0.76960",
      "s" : "buy",
      "i" : "GRASSUSD-PERP",
      "m" : "4611686018427417315"
    }, {
      "d" : "1756397197753651337",
      "t" : 1756397197753,
      "tn" : 1756397197753651337,
      "q" : "1",
      "p" : "0.76923",
      "s" : "buy",
      "i" : "GRASSUSD-PERP",
      "m" : "4611686018427417314"
    }, {
      "d" : "1756391019553561419",
      "t" : 1756391019553,
      "tn" : 1756391019553561419,
      "q" : "1",
      "p" : "0.76872",
      "s" : "sell",
      "i" : "GRASSUSD-PERP",
      "m" : "4611686018427417313"
    }, {
      "d" : "1756391019548527815",
      "t" : 1756391019548,
      "tn" : 1756391019548527815,
      "q" : "141",
      "p" : "0.76993",
      "s" : "sell",
      "i" : "GRASSUSD-PERP",
      "m" : "4611686018427417312"
    }, {
      "d" : "1756391019548163966",
      "t" : 1756391019548,
      "tn" : 1756391019548163966,
      "q" : "132",
      "p" : "0.77032",
      "s" : "sell",
      "i" : "GRASSUSD-PERP",
      "m" : "4611686018427417311"
    }, {
      "d" : "1756391019548162447",
      "t" : 1756391019548,
      "tn" : 1756391019548162447,
      "q" : "64",
      "p" : "0.77100",
      "s" : "sell",
      "i" : "GRASSUSD-PERP",
      "m" : "4611686018427417310"
    }, {
      "d" : "1756391019548160460",
      "t" : 1756391019548,
      "tn" : 1756391019548160460,
      "q" : "64",
      "p" : "0.77115",
      "s" : "sell",
      "i" : "GRASSUSD-PERP",
      "m" : "4611686018427417309"
    }, {
      "d" : "1756391019545022033",
      "t" : 1756391019545,
      "tn" : 1756391019545022033,
      "q" : "64",
      "p" : "0.77130",
      "s" : "sell",
      "i" : "GRASSUSD-PERP",
      "m" : "4611686018427417308"
    }, {
      "d" : "1756391019545019797",
      "t" : 1756391019545,
      "tn" : 1756391019545019797,
      "q" : "64",
      "p" : "0.77145",
      "s" : "sell",
      "i" : "GRASSUSD-PERP",
      "m" : "4611686018427417307"
    }, {
      "d" : "1756391019545017179",
      "t" : 1756391019545,
      "tn" : 1756391019545017179,
      "q" : "141",
      "p" : "0.77225",
      "s" : "sell",
      "i" : "GRASSUSD-PERP",
      "m" : "4611686018427417306"
    }, {
      "d" : "1756391019545013860",
      "t" : 1756391019545,
      "tn" : 1756391019545013860,
      "q" : "115",
      "p" : "0.77232",
      "s" : "sell",
      "i" : "GRASSUSD-PERP",
      "m" : "4611686018427417305"
    }, {
      "d" : "1756391019544291138",
      "t" : 1756391019544,
      "tn" : 1756391019544291138,
      "q" : "143",
      "p" : "0.77232",
      "s" : "sell",
      "i" : "GRASSUSD-PERP",
      "m" : "4611686018427417304"
    }, {
      "d" : "1756391019544289553",
      "t" : 1756391019544,
      "tn" : 1756391019544289553,
      "q" : "1",
      "p" : "0.77296",
      "s" : "sell",
      "i" : "GRASSUSD-PERP",
      "m" : "4611686018427417303"
    }, {
      "d" : "1756389790498440698",
      "t" : 1756389790498,
      "tn" : 1756389790498440698,
      "q" : "64",
      "p" : "0.77565",
      "s" : "buy",
      "i" : "GRASSUSD-PERP",
      "m" : "4611686018427417302"
    }, {
      "d" : "1756389790498438436",
      "t" : 1756389790498,
      "tn" : 1756389790498438436,
      "q" : "64",
      "p" : "0.77550",
      "s" : "buy",
      "i" : "GRASSUSD-PERP",
      "m" : "4611686018427417301"
    }, {
      "d" : "1756389790498435898",
      "t" : 1756389790498,
      "tn" : 1756389790498435898,
      "q" : "128",
      "p" : "0.77490",
      "s" : "buy",
      "i" : "GRASSUSD-PERP",
      "m" : "4611686018427417300"
    }, {
      "d" : "1756389790496812659",
      "t" : 1756389790496,
      "tn" : 1756389790496812659,
      "q" : "1",
      "p" : "0.77304",
      "s" : "buy",
      "i" : "GRASSUSD-PERP",
      "m" : "4611686018427417299"
    }, {
      "d" : "1756389790496810272",
      "t" : 1756389790496,
      "tn" : 1756389790496810272,
      "q" : "1",
      "p" : "0.77263",
      "s" : "buy",
      "i" : "GRASSUSD-PERP",
      "m" : "4611686018427417298"
    } ]
  }
}