{
  "id" : -1,
  "method" : "public/get-trades",
  "code" : 0,
  "result" : {
    "data" : [ {
      "d" : "1756458147662138331",
      "t" : 1756458147662,
      "tn" : 1756458147662138331,
      "q" : "18.1",
      "p" : "0.74136",
      "s" : "sell",
      "i" : "GRASS_USD",
      "m" : "4611686018427425067"
    }, {
      "d" : "1756456575271214705",
      "t" : 1756456575271,
      "tn" : 1756456575271214705,
      "q" : "269.6",
      "p" : "0.74256",
      "s" : "sell",
      "i" : "GRASS_USD",
      "m" : "4611686018427425066"
    }, {
      "d" : "1756451380987728873",
      "t" : 1756451380987,
      "tn" : 1756451380987728873,
      "q" : "267.9",
      "p" : "0.74997",
      "s" : "sell",
      "i" : "GRASS_USD",
      "m" : "4611686018427425065"
    }, {
      "d" : "1756451380985996253",
      "t" : 1756451380985,
      "tn" : 1756451380985996253,
      "q" : "159.7",
      "p" : "0.74997",
      "s" : "sell",
      "i" : "GRASS_USD",
      "m" : "4611686018427425064"
    }, {
      "d" : "1756451380985993213",
      "t" : 1756451380985,
      "tn" : 1756451380985993213,
      "q" : "248.0",
      "p" : "0.74997",
      "s" : "sell",
      "i" : "GRASS_USD",
      "m" : "4611686018427425063"
    }, {
      "d" : "1756451247724280354",
      "t" : 1756451247724,
      "tn" : 1756451247724280354,
      "q" : "326.0",
      "p" : "0.75107",
      "s" : "sell",
      "i" : "GRASS_USD",
      "m" : "4611686018427425062"
    }, {
      "d" : "1756450947703829715",
      "t" : 1756450947703,
      "tn" : 1756450947703829715,
      "q" : "184.6",
      "p" : "0.74836",
      "s" : "sell",
      "i" : "GRASS_USD",
      "m" : "4611686018427425061"
    }, {
      "d" : "1756450947703798816",
      "t" : 1756450947703,
      "tn" : 1756450947703798816,
      "q" : "141.4",
      "p" : "0.74836",
      "s" : "sell",
      "i" : "GRASS_USD",
      "m" : "4611686018427425060"
    }, {
      "d" : "1756450947703796925",
      "t" : 1756450947703,
      "tn" : 1756450947703796925,
      "q" : "17.9",
      "p" : "0.74837",
      "s" : "sell",
      "i" : "GRASS_USD",
      "m" : "4611686018427425059"
    }, {
      "d" : "1756450946870504217",
      "t" : 1756450946870,
      "tn" : 1756450946870504217,
      "q" : "21.0",
      "p" : "0.75182",
      "s" : "sell",
      "i" : "GRASS_USD",
      "m" : "4611686018427425058"
    }, {
      "d" : "1756450937710601991",
      "t" : 1756450937710,
      "tn" : 1756450937710601991,
      "q" : "2.1",
      "p" : "0.75241",
      "s" : "sell",
      "i" : "GRASS_USD",
      "m" : "4611686018427425057"
    }, {
      "d" : "1756450937460572448",
      "t" : 1756450937460,
      "tn" : 1756450937460572448,
      "q" : "323.9",
      "p" : "0.75241",
      "s" : "sell",
      "i" : "GRASS_USD",
      "m" : "4611686018427425056"
    }, {
      "d" : "1756450937460570306",
      "t" : 1756450937460,
      "tn" : 1756450937460570306,
      "q" : "34.4",
      "p" : "0.75242",
      "s" : "sell",
      "i" : "GRASS_USD",
      "m" : "4611686018427425055"
    }, {
      "d" : "1756450742464362423",
      "t" : 1756450742464,
      "tn" : 1756450742464362423,
      "q" : "356.9",
      "p" : "0.75280",
      "s" : "sell",
      "i" : "GRASS_USD",
      "m" : "4611686018427425054"
    }, {
      "d" : "1756450742464359963",
      "t" : 1756450742464,
      "tn" : 1756450742464359963,
      "q" : "120.9",
      "p" : "0.75280",
      "s" : "sell",
      "i" : "GRASS_USD",
      "m" : "4611686018427425053"
    }, {
      "d" : "1756450742464358100",
      "t" : 1756450742464,
      "tn" : 1756450742464358100,
      "q" : "37.7",
      "p" : "0.75282",
      "s" : "sell",
      "i" : "GRASS_USD",
      "m" : "4611686018427425052"
    }, {
      "d" : "1756450729084408381",
      "t" : 1756450729084,
      "tn" : 1756450729084408381,
      "q" : "356.8",
      "p" : "0.75432",
      "s" : "sell",
      "i" : "GRASS_USD",
      "m" : "4611686018427425051"
    }, {
      "d" : "1756450729084406132",
      "t" : 1756450729084,
      "tn" : 1756450729084406132,
      "q" : "158.5",
      "p" : "0.75432",
      "s" : "sell",
      "i" : "GRASS_USD",
      "m" : "4611686018427425050"
    }, {
      "d" : "1756450729084311592",
      "t" : 1756450729084,
      "tn" : 1756450729084311592,
      "q" : "39.8",
      "p" : "0.75432",
      "s" : "sell",
      "i" : "GRASS_USD",
      "m" : "4611686018427425049"
    }, {
      "d" : "1756450729084308793",
      "t" : 1756450729084,
      "tn" : 1756450729084308793,
      "q" : "917.9",
      "p" : "0.75449",
      "s" : "sell",
      "i" : "GRASS_USD",
      "m" : "4611686018427425048"
    }, {
      "d" : "1756450729084305808",
      "t" : 1756450729084,
      "tn" : 1756450729084305808,
      "q" : "41.7",
      "p" : "0.75450",
      "s" : "sell",
      "i" : "GRASS_USD",
      "m" : "4611686018427425047"
    }, {
      "d" : "1756450380933660108",
      "t" : 1756450380933,
      "tn" : 1756450380933660108,
      "q" : "326.0",
      "p" : "0.75659",
      "s" : "sell",
      "i" : "GRASS_USD",
      "m" : "4611686018427425046"
    }, {
      "d" : "1756450377836831942",
      "t" : 1756450377836,
      "tn" : 1756450377836831942,
      "q" : "102.2",
      "p" : "0.75668",
      "s" : "sell",
      "i" : "GRASS_USD",
      "m" : "4611686018427425045"
    }, {
      "d" : "1756450377836830357",
      "t" : 1756450377836,
      "tn" : 1756450377836830357,
      "q" : "42.8",
      "p" : "0.75714",
      "s" : "sell",
      "i" : "GRASS_USD",
      "m" : "4611686018427425044"
    }, {
      "d" : "1756450377836825963",
      "t" : 1756450377836,
      "tn" : 1756450377836825963,
      "q" : "283.2",
      "p" : "0.75714",
      "s" : "sell",
      "i" : "GRASS_USD",
      "m" : "4611686018427425043"
    }, {
      "d" : "1756450377836823986",
      "t" : 1756450377836,
      "tn" : 1756450377836823986,
      "q" : "43.1",
      "p" : "0.75715",
      "s" : "sell",
      "i" : "GRASS_USD",
      "m" : "4611686018427425042"
    }, {
      "d" : "1756450211311330478",
      "t" : 1756450211311,
      "tn" : 1756450211311330478,
      "q" : "0.1",
      "p" : "0.75854",
      "s" : "sell",
      "i" : "GRASS_USD",
      "m" : "4611686018427425041"
    }, {
      "d" : "1756450211061431579",
      "t" : 1756450211061,
      "tn" : 1756450211061431579,
      "q" : "325.9",
      "p" : "0.75854",
      "s" : "sell",
      "i" : "GRASS_USD",
      "m" : "4611686018427425040"
    }, {
      "d" : "1756450194698418535",
      "t" : 1756450194698,
      "tn" : 1756450194698418535,
      "q" : "0.3",
      "p" : "0.75941",
      "s" : "sell",
      "i" : "GRASS_USD",
      "m" : "4611686018427425039"
    }, {
      "d" : "1756450194448446312",
      "t" : 1756450194448,
      "tn" : 1756450194448446312,
      "q" : "325.7",
      "p" : "0.75941",
      "s" : "sell",
      "i" : "GRASS_USD",
      "m" : "4611686018427425038"
    }, {
      "d" : "1756449801959981223",
      "t" : 1756449801959,
      "tn" : 1756449801959981222,
      "q" : "660.9",
      "p" : "0.75759",
      "s" : "sell",
      "i" : "GRASS_USD",
      "m" : "4611686018427425037"
    }, {
      "d" : "1756449801959981222",
      "t" : 1756449801959,
      "tn" : 1756449801959981222,
      "q" : "659.6",
      "p" : "0.75759",
      "s" : "sell",
      "i" : "GRASS_USD",
      "m" : "4611686018427425037"
    }, {
      "d" : "1756430718527985794",
      "t" : 1756430718527,
      "tn" : 1756430718527985794,
      "q" : "157.0",
      "p" : "0.76339",
      "s" : "sell",
      "i" : "GRASS_USD",
      "m" : "4611686018427425036"
    }, {
      "d" : "1756430510031705751",
      "t" : 1756430510031,
      "tn" : 1756430510031705751,
      "q" : "353.0",
      "p" : "0.76330",
      "s" : "sell",
      "i" : "GRASS_USD",
      "m" : "4611686018427425035"
    }, {
      "d" : "1756430510029283896",
      "t" : 1756430510029,
      "tn" : 1756430510029283896,
      "q" : "156.9",
      "p" : "0.76330",
      "s" : "sell",
      "i" : "GRASS_USD",
      "m" : "4611686018427425034"
    }, {
      "d" : "1756430488077350254",
      "t" : 1756430488077,
      "tn" : 1756430488077350254,
      "q" : "156.8",
      "p" : "0.76339",
      "s" : "sell",
      "i" : "GRASS_USD",
      "m" : "4611686018427425033"
    }, {
      "d" : "1756430478882958662",
      "t" : 1756430478882,
      "tn" : 1756430478882958662,
      "q" : "113.7",
      "p" : "0.76379",
      "s" : "sell",
      "i" : "GRASS_USD",
      "m" : "4611686018427425032"
    }, {
      "d" : "1756430478882956468",
      "t" : 1756430478882,
      "tn" : 1756430478882956468,
      "q" : "43.0",
      "p" : "0.76380",
      "s" : "sell",
      "i" : "GRASS_USD",
      "m" : "4611686018427425031"
    }, {
      "d" : "1756429456377513036",
      "t" : 1756429456377,
      "tn" : 1756429456377513036,
      "q" : "321.1",
      "p" : "0.77128",
      "s" : "sell",
      "i" : "GRASS_USD",
      "m" : "4611686018427425030"
    }, {
      "d" : "1756429456377510688",
      "t" : 1756429456377,
      "tn" : 1756429456377510688,
      "q" : "28.3",
      "p" : "0.77129",
      "s" : "sell",
      "i" : "GRASS_USD",
      "m" : "4611686018427425029"
    }, {
      "d" : "1756428086242634601",
      "t" : 1756428086242,
      "tn" : 1756428086242634601,
      "q" : "349.5",
      "p" : "0.77098",
      "s" : "sell",
      "i" : "GRASS_USD",
      "m" : "4611686018427425028"
    }, {
      "d" : "1756428086242631631",
      "t" : 1756428086242,
      "tn" : 1756428086242631631,
      "q" : "155.3",
      "p" : "0.77098",
      "s" : "sell",
      "i" : "GRASS_USD",
      "m" : "4611686018427425027"
    }, {
      "d" : "1756428072118349686",
      "t" : 1756428072118,
      "tn" : 1756428072118349686,
      "q" : "155.3",
      "p" : "0.77138",
      "s" : "sell",
      "i" : "GRASS_USD",
      "m" : "4611686018427425026"
    }, {
      "d" : "1756428072118326637",
      "t" : 1756428072118,
      "tn" : 1756428072118326637,
      "q" : "349.5",
      "p" : "0.77138",
      "s" : "sell",
      "i" : "GRASS_USD",
      "m" : "4611686018427425025"
    }, {
      "d" : "1756427440094909674",
      "t" : 1756427440094,
      "tn" : 1756427440094909674,
      "q" : "348.2",
      "p" : "0.77358",
      "s" : "sell",
      "i" : "GRASS_USD",
      "m" : "4611686018427425024"
    }, {
      "d" : "1756427440094907905",
      "t" : 1756427440094,
      "tn" : 1756427440094907905,
      "q" : "154.7",
      "p" : "0.77358",
      "s" : "sell",
      "i" : "GRASS_USD",
      "m" : "4611686018427425023"
    }, {
      "d" : "1756400400713580915",
      "t" : 1756400400713,
      "tn" : 1756400400713580915,
      "q" : "194.3",
      "p" : "0.75289",
      "s" : "sell",
      "i" : "GRASS_USD",
      "m" : "4611686018427425022"
    }, {
      "d" : "1756400394720253638",
      "t" : 1756400394720,
      "tn" : 1756400394720253638,
      "q" : "148.6",
      "p" : "0.75379",
      "s" : "sell",
      "i" : "GRASS_USD",
      "m" : "4611686018427425021"
    }, {
      "d" : "1756400345893847928",
      "t" : 1756400345893,
      "tn" : 1756400345893847928,
      "q" : "17.7",
      "p" : "0.75902",
      "s" : "sell",
      "i" : "GRASS_USD",
      "m" : "4611686018427425020"
    }, {
      "d" : "1756399326428421991",
      "t" : 1756399326428,
      "tn" : 1756399326428421991,
      "q" : "155.9",
      "p" : "0.76797",
      "s" : "sell",
      "i" : "GRASS_USD",
      "m" : "4611686018427425019"
    }, {
      "d" : "1756397197759251293",
      "t" : 1756397197759,
      "tn" : 1756397197759251293,
      "q" : "64.0",
      "p" : "0.77182",
      "s" : "buy",
      "i" : "GRASS_USD",
      "m" : "4611686018427425018"
    }, {
      "d" : "1756397197758216507",
      "t" : 1756397197758,
      "tn" : 1756397197758216507,
      "q" : "136.0",
      "p" : "0.77182",
      "s" : "buy",
      "i" : "GRASS_USD",
      "m" : "4611686018427425017"
    }, {
      "d" : "1756397197758053544",
      "t" : 1756397197758,
      "tn" : 1756397197758053544,
      "q" : "122.9",
      "p" : "0.77182",
      "s" : "buy",
      "i" : "GRASS_USD",
      "m" : "4611686018427425016"
    }, {
      "d" : "1756397197757319409",
      "t" : 1756397197757,
      "tn" : 1756397197757319409,
      "q" : "128.0",
      "p" : "0.77182",
      "s" : "buy",
      "i" : "GRASS_USD",
      "m" : "4611686018427425015"
    }, {
      "d" : "1756397197756703615",
      "t" : 1756397197756,
      "tn" : 1756397197756703615,
      "q" : "131.3",
      "p" : "0.77182",
      "s" : "buy",
      "i" : "GRASS_USD",
      "m" : "4611686018427425014"
    }, {
      "d" : "1756397197756044381",
      "t" : 1756397197756,
      "tn" : 1756397197756044381,
      "q" : "244.3",
      "p" : "0.77182",
      "s" : "buy",
      "i" : "GRASS_USD",
      "m" : "4611686018427425013"
    }, {
      "d" : "1756397197754329102",
      "t" : 1756397197754,
      "tn" : 1756397197754329102,
      "q" : "324.8",
      "p" : "0.77162",
      "s" : "buy",
      "i" : "GRASS_USD",
      "m" : "4611686018427425012"
    }, {
      "d" : "1756397197753743056",
      "t" : 1756397197753,
      "tn" : 1756397197753743056,
      "q" : "212.0",
      "p" : "0.77162",
      "s" : "buy",
      "i" : "GRASS_USD",
      "m" : "4611686018427425011"
    }, {
      "d" : "1756394449432877960",
      "t" : 1756394449432,
      "tn" : 1756394449432877960,
      "q" : "154.0",
      "p" : "0.77754",
      "s" : "sell",
      "i" : "GRASS_USD",
      "m" : "4611686018427425010"
    }, {
      "d" : "1756393339494728594",
      "t" : 1756393339494,
      "tn" : 1756393339494728594,
      "q" : "17.6",
      "p" : "0.77669",
      "s" : "buy",
      "i" : "GRASS_USD",
      "m" : "4611686018427425009"
    }, {
      "d" : "1756391817395354166",
      "t" : 1756391817395,
      "tn" : 1756391817395354166,
      "q" : "155.9",
      "p" : "0.76799",
      "s" : "sell",
      "i" : "GRASS_USD",
      "m" : "4611686018427425008"
    }, {
      "d" : "1756391231690163033",
      "t" : 1756391231690,
      "tn" : 1756391231690163033,
      "q" : "155.7",
      "p" : "0.76892",
      "s" : "sell",
      "i" : "GRASS_USD",
      "m" : "4611686018427425007"
    }, {
      "d" : "1756391019551159946",
      "t" : 1756391019551,
      "tn" : 1756391019551159946,
      "q" : "63.9",
      "p" : "0.77085",
      "s" : "sell",
      "i" : "GRASS_USD",
      "m" : "4611686018427425006"
    }, {
      "d" : "1756391019544960676",
      "t" : 1756391019544,
      "tn" : 1756391019544960676,
      "q" : "413.8",
      "p" : "0.77178",
      "s" : "sell",
      "i" : "GRASS_USD",
      "m" : "4611686018427425005"
    }, {
      "d" : "1756391019544296006",
      "t" : 1756391019544,
      "tn" : 1756391019544296006,
      "q" : "349.0",
      "p" : "0.77178",
      "s" : "sell",
      "i" : "GRASS_USD",
      "m" : "4611686018427425004"
    }, {
      "d" : "1756391019544124944",
      "t" : 1756391019544,
      "tn" : 1756391019544124944,
      "q" : "155.1",
      "p" : "0.77178",
      "s" : "sell",
      "i" : "GRASS_USD",
      "m" : "4611686018427425003"
    }, {
      "d" : "1756389818924313155",
      "t" : 1756389818924,
      "tn" : 1756389818924313155,
      "q" : "154.8",
      "p" : "0.77408",
      "s" : "sell",
      "i" : "GRASS_USD",
      "m" : "4611686018427425002"
    }, {
      "d" : "1756387929767237428",
      "t" : 1756387929767,
      "tn" : 1756387929767237428,
      "q" : "37.6",
      "p" : "0.76900",
      "s" : "sell",
      "i" : "GRASS_USD",
      "m" : "4611686018427425001"
    } ]
  }
}