{
  "id" : -1,
  "method" : "public/get-trades",
  "code" : 0,
  "result" : {
    "data" : [ {
      "d" : "1756460141513029671",
      "t" : 1756460141513,
      "tn" : 1756460141513029671,
      "q" : "14",
      "p" : "0.08813",
      "s" : "buy",
      "i" : "GRT_USDT",
      "m" : "4611686018431660619"
    }, {
      "d" : "1756460082039534104",
      "t" : 1756460082039,
      "tn" : 1756460082039534104,
      "q" : "2990",
      "p" : "0.08793",
      "s" : "sell",
      "i" : "GRT_USDT",
      "m" : "4611686018431660618"
    }, {
      "d" : "1756459901842926702",
      "t" : 1756459901842,
      "tn" : 1756459901842926702,
      "q" : "4736",
      "p" : "0.08818",
      "s" : "buy",
      "i" : "GRT_USDT",
      "m" : "4611686018431660617"
    }, {
      "d" : "1756459875675447240",
      "t" : 1756459875675,
      "tn" : 1756459875675447239,
      "q" : "1543",
      "p" : "0.08839",
      "s" : "buy",
      "i" : "GRT_USDT",
      "m" : "4611686018431660616"
    }, {
      "d" : "1756459875675447239",
      "t" : 1756459875675,
      "tn" : 1756459875675447239,
      "q" : "3195",
      "p" : "0.08839",
      "s" : "buy",
      "i" : "GRT_USDT",
      "m" : "4611686018431660616"
    }, {
      "d" : "1756459457908985931",
      "t" : 1756459457908,
      "tn" : 1756459457908985931,
      "q" : "407",
      "p" : "0.08809",
      "s" : "sell",
      "i" : "GRT_USDT",
      "m" : "4611686018431660615"
    }, {
      "d" : "1756459093716417609",
      "t" : 1756459093716,
      "tn" : 1756459093716417609,
      "q" : "1096",
      "p" : "0.08781",
      "s" : "buy",
      "i" : "GRT_USDT",
      "m" : "4611686018431660614"
    }, {
      "d" : "1756459005803789866",
      "t" : 1756459005803,
      "tn" : 1756459005803789866,
      "q" : "1023",
      "p" : "0.08795",
      "s" : "buy",
      "i" : "GRT_USDT",
      "m" : "4611686018431660613"
    }, {
      "d" : "1756459005803146343",
      "t" : 1756459005803,
      "tn" : 1756459005803146343,
      "q" : "1097",
      "p" : "0.08795",
      "s" : "buy",
      "i" : "GRT_USDT",
      "m" : "4611686018431660612"
    }, {
      "d" : "1756457799650095093",
      "t" : 1756457799650,
      "tn" : 1756457799650095093,
      "q" : "79",
      "p" : "0.08802",
      "s" : "buy",
      "i" : "GRT_USDT",
      "m" : "4611686018431660611"
    }, {
      "d" : "1756457574054739580",
      "t" : 1756457574054,
      "tn" : 1756457574054739580,
      "q" : "170",
      "p" : "0.08797",
      "s" : "sell",
      "i" : "GRT_USDT",
      "m" : "4611686018431660610"
    }, {
      "d" : "1756457574054736718",
      "t" : 1756457574054,
      "tn" : 1756457574054736718,
      "q" : "2407",
      "p" : "0.08798",
      "s" : "sell",
      "i" : "GRT_USDT",
      "m" : "4611686018431660609"
    }, {
      "d" : "1756456347483541845",
      "t" : 1756456347483,
      "tn" : 1756456347483541845,
      "q" : "1182",
      "p" : "0.08883",
      "s" : "buy",
      "i" : "GRT_USDT",
      "m" : "4611686018431660608"
    }, {
      "d" : "1756456347479099721",
      "t" : 1756456347479,
      "tn" : 1756456347479099721,
      "q" : "1194",
      "p" : "0.08883",
      "s" : "buy",
      "i" : "GRT_USDT",
      "m" : "4611686018431660607"
    }, {
      "d" : "1756455394157247456",
      "t" : 1756455394157,
      "tn" : 1756455394157247456,
      "q" : "375",
      "p" : "0.08882",
      "s" : "buy",
      "i" : "GRT_USDT",
      "m" : "4611686018431660606"
    }, {
      "d" : "1756455392058997974",
      "t" : 1756455392058,
      "tn" : 1756455392058997974,
      "q" : "24",
      "p" : "0.08879",
      "s" : "buy",
      "i" : "GRT_USDT",
      "m" : "4611686018431660605"
    }, {
      "d" : "1756455163900480121",
      "t" : 1756455163900,
      "tn" : 1756455163900480121,
      "q" : "190",
      "p" : "0.08862",
      "s" : "buy",
      "i" : "GRT_USDT",
      "m" : "4611686018431660604"
    }, {
      "d" : "1756455015422424521",
      "t" : 1756455015422,
      "tn" : 1756455015422424521,
      "q" : "32",
      "p" : "0.08879",
      "s" : "buy",
      "i" : "GRT_USDT",
      "m" : "4611686018431660603"
    }, {
      "d" : "1756454926731213747",
      "t" : 1756454926731,
      "tn" : 1756454926731213747,
      "q" : "168",
      "p" : "0.08896",
      "s" : "sell",
      "i" : "GRT_USDT",
      "m" : "4611686018431660602"
    }, {
      "d" : "1756454895539124263",
      "t" : 1756454895539,
      "tn" : 1756454895539124263,
      "q" : "2478",
      "p" : "0.08897",
      "s" : "sell",
      "i" : "GRT_USDT",
      "m" : "4611686018431660601"
    }, {
      "d" : "1756454766883431354",
      "t" : 1756454766883,
      "tn" : 1756454766883431354,
      "q" : "2278",
      "p" : "0.08913",
      "s" : "buy",
      "i" : "GRT_USDT",
      "m" : "4611686018431660600"
    }, {
      "d" : "1756451843019870990",
      "t" : 1756451843019,
      "tn" : 1756451843019870990,
      "q" : "200",
      "p" : "0.08975",
      "s" : "buy",
      "i" : "GRT_USDT",
      "m" : "4611686018431660599"
    }, {
      "d" : "1756451392159897464",
      "t" : 1756451392159,
      "tn" : 1756451392159897463,
      "q" : "1236",
      "p" : "0.08995",
      "s" : "sell",
      "i" : "GRT_USDT",
      "m" : "4611686018431660598"
    }, {
      "d" : "1756451392159897463",
      "t" : 1756451392159,
      "tn" : 1756451392159897463,
      "q" : "166",
      "p" : "0.08995",
      "s" : "sell",
      "i" : "GRT_USDT",
      "m" : "4611686018431660598"
    }, {
      "d" : "1756449548556398331",
      "t" : 1756449548556,
      "tn" : 1756449548556398331,
      "q" : "164",
      "p" : "0.09095",
      "s" : "sell",
      "i" : "GRT_USDT",
      "m" : "4611686018431660597"
    }, {
      "d" : "1756447861097460999",
      "t" : 1756447861097,
      "tn" : 1756447861097460999,
      "q" : "3371",
      "p" : "0.09132",
      "s" : "sell",
      "i" : "GRT_USDT",
      "m" : "4611686018431660596"
    }, {
      "d" : "1756447400415146360",
      "t" : 1756447400415,
      "tn" : 1756447400415146360,
      "q" : "474",
      "p" : "0.09155",
      "s" : "sell",
      "i" : "GRT_USDT",
      "m" : "4611686018431660595"
    }, {
      "d" : "1756447289147074331",
      "t" : 1756447289147,
      "tn" : 1756447289147074331,
      "q" : "1772",
      "p" : "0.09177",
      "s" : "buy",
      "i" : "GRT_USDT",
      "m" : "4611686018431660594"
    }, {
      "d" : "1756447259565000206",
      "t" : 1756447259565,
      "tn" : 1756447259565000206,
      "q" : "1773",
      "p" : "0.09181",
      "s" : "buy",
      "i" : "GRT_USDT",
      "m" : "4611686018431660593"
    }, {
      "d" : "1756447259564876138",
      "t" : 1756447259564,
      "tn" : 1756447259564876138,
      "q" : "1776",
      "p" : "0.09181",
      "s" : "buy",
      "i" : "GRT_USDT",
      "m" : "4611686018431660592"
    }, {
      "d" : "1756446562248651529",
      "t" : 1756446562248,
      "tn" : 1756446562248651529,
      "q" : "66",
      "p" : "0.09182",
      "s" : "sell",
      "i" : "GRT_USDT",
      "m" : "4611686018431660591"
    }, {
      "d" : "1756446562248649636",
      "t" : 1756446562248,
      "tn" : 1756446562248649636,
      "q" : "377",
      "p" : "0.09183",
      "s" : "sell",
      "i" : "GRT_USDT",
      "m" : "4611686018431660590"
    }, {
      "d" : "1756439794511227873",
      "t" : 1756439794511,
      "tn" : 1756439794511227873,
      "q" : "15",
      "p" : "0.09233",
      "s" : "buy",
      "i" : "GRT_USDT",
      "m" : "4611686018431660589"
    }, {
      "d" : "1756439339256037107",
      "t" : 1756439339256,
      "tn" : 1756439339256037107,
      "q" : "458",
      "p" : "0.09226",
      "s" : "buy",
      "i" : "GRT_USDT",
      "m" : "4611686018431660588"
    }, {
      "d" : "1756439258197520095",
      "t" : 1756439258197,
      "tn" : 1756439258197520095,
      "q" : "615",
      "p" : "0.09217",
      "s" : "buy",
      "i" : "GRT_USDT",
      "m" : "4611686018431660587"
    }, {
      "d" : "1756439191062791122",
      "t" : 1756439191062,
      "tn" : 1756439191062791122,
      "q" : "1042",
      "p" : "0.09216",
      "s" : "sell",
      "i" : "GRT_USDT",
      "m" : "4611686018431660586"
    }, {
      "d" : "1756439165588664033",
      "t" : 1756439165588,
      "tn" : 1756439165588664033,
      "q" : "651",
      "p" : "0.09216",
      "s" : "buy",
      "i" : "GRT_USDT",
      "m" : "4611686018431660585"
    }, {
      "d" : "1756438935805349981",
      "t" : 1756438935805,
      "tn" : 1756438935805349981,
      "q" : "17",
      "p" : "0.09192",
      "s" : "sell",
      "i" : "GRT_USDT",
      "m" : "4611686018431660584"
    }, {
      "d" : "1756438787170319763",
      "t" : 1756438787170,
      "tn" : 1756438787170319763,
      "q" : "1043",
      "p" : "0.09207",
      "s" : "buy",
      "i" : "GRT_USDT",
      "m" : "4611686018431660583"
    }, {
      "d" : "1756438721336668798",
      "t" : 1756438721336,
      "tn" : 1756438721336668798,
      "q" : "1044",
      "p" : "0.09217",
      "s" : "buy",
      "i" : "GRT_USDT",
      "m" : "4611686018431660582"
    }, {
      "d" : "1756438721333787208",
      "t" : 1756438721333,
      "tn" : 1756438721333787208,
      "q" : "494",
      "p" : "0.09217",
      "s" : "buy",
      "i" : "GRT_USDT",
      "m" : "4611686018431660581"
    }, {
      "d" : "1756438721333308740",
      "t" : 1756438721333,
      "tn" : 1756438721333308740,
      "q" : "1046",
      "p" : "0.09217",
      "s" : "buy",
      "i" : "GRT_USDT",
      "m" : "4611686018431660580"
    }, {
      "d" : "1756438475345923854",
      "t" : 1756438475345,
      "tn" : 1756438475345923854,
      "q" : "163",
      "p" : "0.09195",
      "s" : "sell",
      "i" : "GRT_USDT",
      "m" : "4611686018431660579"
    }, {
      "d" : "1756438391600349814",
      "t" : 1756438391600,
      "tn" : 1756438391600349814,
      "q" : "255",
      "p" : "0.09198",
      "s" : "sell",
      "i" : "GRT_USDT",
      "m" : "4611686018431660578"
    }, {
      "d" : "1756438305287957530",
      "t" : 1756438305287,
      "tn" : 1756438305287957530,
      "q" : "6413",
      "p" : "0.09212",
      "s" : "sell",
      "i" : "GRT_USDT",
      "m" : "4611686018431660577"
    }, {
      "d" : "1756438305287954745",
      "t" : 1756438305287,
      "tn" : 1756438305287954745,
      "q" : "4908",
      "p" : "0.09214",
      "s" : "sell",
      "i" : "GRT_USDT",
      "m" : "4611686018431660576"
    }, {
      "d" : "1756437558814993511",
      "t" : 1756437558814,
      "tn" : 1756437558814993511,
      "q" : "10827",
      "p" : "0.09248",
      "s" : "buy",
      "i" : "GRT_USDT",
      "m" : "4611686018431660575"
    }, {
      "d" : "1756437333488993030",
      "t" : 1756437333488,
      "tn" : 1756437333488993030,
      "q" : "6178",
      "p" : "0.09249",
      "s" : "buy",
      "i" : "GRT_USDT",
      "m" : "4611686018431660574"
    }, {
      "d" : "1756437320818090987",
      "t" : 1756437320818,
      "tn" : 1756437320818090987,
      "q" : "1047",
      "p" : "0.09239",
      "s" : "buy",
      "i" : "GRT_USDT",
      "m" : "4611686018431660573"
    }, {
      "d" : "1756437302523055874",
      "t" : 1756437302523,
      "tn" : 1756437302523055874,
      "q" : "289",
      "p" : "0.09256",
      "s" : "buy",
      "i" : "GRT_USDT",
      "m" : "4611686018431660572"
    }, {
      "d" : "1756437302520282048",
      "t" : 1756437302520,
      "tn" : 1756437302520282048,
      "q" : "1048",
      "p" : "0.09256",
      "s" : "buy",
      "i" : "GRT_USDT",
      "m" : "4611686018431660571"
    }, {
      "d" : "1756437302519560337",
      "t" : 1756437302519,
      "tn" : 1756437302519560337,
      "q" : "1050",
      "p" : "0.09256",
      "s" : "buy",
      "i" : "GRT_USDT",
      "m" : "4611686018431660570"
    }, {
      "d" : "1756437065005337800",
      "t" : 1756437065005,
      "tn" : 1756437065005337800,
      "q" : "4870",
      "p" : "0.09269",
      "s" : "buy",
      "i" : "GRT_USDT",
      "m" : "4611686018431660569"
    }, {
      "d" : "1756436233252727653",
      "t" : 1756436233252,
      "tn" : 1756436233252727653,
      "q" : "136",
      "p" : "0.09263",
      "s" : "buy",
      "i" : "GRT_USDT",
      "m" : "4611686018431660568"
    }, {
      "d" : "1756436233251947480",
      "t" : 1756436233251,
      "tn" : 1756436233251947480,
      "q" : "134",
      "p" : "0.09263",
      "s" : "buy",
      "i" : "GRT_USDT",
      "m" : "4611686018431660567"
    }, {
      "d" : "1756436216832041957",
      "t" : 1756436216832,
      "tn" : 1756436216832041957,
      "q" : "517",
      "p" : "0.09263",
      "s" : "buy",
      "i" : "GRT_USDT",
      "m" : "4611686018431660566"
    }, {
      "d" : "1756434870554538494",
      "t" : 1756434870554,
      "tn" : 1756434870554538494,
      "q" : "16",
      "p" : "0.09232",
      "s" : "buy",
      "i" : "GRT_USDT",
      "m" : "4611686018431660565"
    }, {
      "d" : "1756434547723490628",
      "t" : 1756434547723,
      "tn" : 1756434547723490628,
      "q" : "52",
      "p" : "0.09280",
      "s" : "buy",
      "i" : "GRT_USDT",
      "m" : "4611686018431660564"
    }, {
      "d" : "1756434485456642806",
      "t" : 1756434485456,
      "tn" : 1756434485456642806,
      "q" : "13",
      "p" : "0.09281",
      "s" : "buy",
      "i" : "GRT_USDT",
      "m" : "4611686018431660563"
    }, {
      "d" : "1756433580290506301",
      "t" : 1756433580290,
      "tn" : 1756433580290506301,
      "q" : "20",
      "p" : "0.09249",
      "s" : "buy",
      "i" : "GRT_USDT",
      "m" : "4611686018431660562"
    }, {
      "d" : "1756429709794662383",
      "t" : 1756429709794,
      "tn" : 1756429709794662383,
      "q" : "238",
      "p" : "0.09259",
      "s" : "sell",
      "i" : "GRT_USDT",
      "m" : "4611686018431660561"
    }, {
      "d" : "1756429699977542391",
      "t" : 1756429699977,
      "tn" : 1756429699977542391,
      "q" : "240",
      "p" : "0.09303",
      "s" : "buy",
      "i" : "GRT_USDT",
      "m" : "4611686018431660560"
    }, {
      "d" : "1756429699973995485",
      "t" : 1756429699973,
      "tn" : 1756429699973995485,
      "q" : "243",
      "p" : "0.09304",
      "s" : "buy",
      "i" : "GRT_USDT",
      "m" : "4611686018431660559"
    }, {
      "d" : "1756429547091016647",
      "t" : 1756429547091,
      "tn" : 1756429547091016647,
      "q" : "6510",
      "p" : "0.09291",
      "s" : "sell",
      "i" : "GRT_USDT",
      "m" : "4611686018431660558"
    }, {
      "d" : "1756429384731119601",
      "t" : 1756429384731,
      "tn" : 1756429384731119601,
      "q" : "28",
      "p" : "0.09333",
      "s" : "buy",
      "i" : "GRT_USDT",
      "m" : "4611686018431660557"
    }, {
      "d" : "1756426931301224527",
      "t" : 1756426931301,
      "tn" : 1756426931301224527,
      "q" : "72",
      "p" : "0.09316",
      "s" : "sell",
      "i" : "GRT_USDT",
      "m" : "4611686018431660556"
    }, {
      "d" : "1756426931301222769",
      "t" : 1756426931301,
      "tn" : 1756426931301222769,
      "q" : "13",
      "p" : "0.09317",
      "s" : "sell",
      "i" : "GRT_USDT",
      "m" : "4611686018431660555"
    }, {
      "d" : "1756426799494866381",
      "t" : 1756426799494,
      "tn" : 1756426799494866381,
      "q" : "13",
      "p" : "0.09363",
      "s" : "buy",
      "i" : "GRT_USDT",
      "m" : "4611686018431660554"
    }, {
      "d" : "1756426482138132730",
      "t" : 1756426482138,
      "tn" : 1756426482138132730,
      "q" : "1121",
      "p" : "0.09340",
      "s" : "sell",
      "i" : "GRT_USDT",
      "m" : "4611686018431660553"
    }, {
      "d" : "1756426482136252570",
      "t" : 1756426482136,
      "tn" : 1756426482136252570,
      "q" : "4908",
      "p" : "0.09341",
      "s" : "sell",
      "i" : "GRT_USDT",
      "m" : "4611686018431660552"
    }, {
      "d" : "1756426284261641084",
      "t" : 1756426284261,
      "tn" : 1756426284261641084,
      "q" : "2535",
      "p" : "0.09371",
      "s" : "sell",
      "i" : "GRT_USDT",
      "m" : "4611686018431660551"
    }, {
      "d" : "1756426284253767907",
      "t" : 1756426284253,
      "tn" : 1756426284253767906,
      "q" : "4908",
      "p" : "0.09371",
      "s" : "buy",
      "i" : "GRT_USDT",
      "m" : "4611686018431660550"
    }, {
      "d" : "1756426284253767906",
      "t" : 1756426284253,
      "tn" : 1756426284253767906,
      "q" : "2565",
      "p" : "0.09371",
      "s" : "buy",
      "i" : "GRT_USDT",
      "m" : "4611686018431660550"
    }, {
      "d" : "1756419765170655371",
      "t" : 1756419765170,
      "tn" : 1756419765170655371,
      "q" : "163",
      "p" : "0.09295",
      "s" : "buy",
      "i" : "GRT_USDT",
      "m" : "4611686018431660549"
    }, {
      "d" : "1756419370787601020",
      "t" : 1756419370787,
      "tn" : 1756419370787601020,
      "q" : "322",
      "p" : "0.09263",
      "s" : "sell",
      "i" : "GRT_USDT",
      "m" : "4611686018431660548"
    }, {
      "d" : "1756419370787599262",
      "t" : 1756419370787,
      "tn" : 1756419370787599262,
      "q" : "13",
      "p" : "0.09264",
      "s" : "sell",
      "i" : "GRT_USDT",
      "m" : "4611686018431660547"
    }, {
      "d" : "1756418509226425944",
      "t" : 1756418509226,
      "tn" : 1756418509226425944,
      "q" : "110",
      "p" : "0.09208",
      "s" : "sell",
      "i" : "GRT_USDT",
      "m" : "4611686018431660546"
    }, {
      "d" : "1756417415991223130",
      "t" : 1756417415991,
      "tn" : 1756417415991223130,
      "q" : "71",
      "p" : "0.09222",
      "s" : "buy",
      "i" : "GRT_USDT",
      "m" : "4611686018431660545"
    }, {
      "d" : "1756416211649665409",
      "t" : 1756416211649,
      "tn" : 1756416211649665409,
      "q" : "164",
      "p" : "0.09195",
      "s" : "buy",
      "i" : "GRT_USDT",
      "m" : "4611686018431660544"
    }, {
      "d" : "1756414392100210676",
      "t" : 1756414392100,
      "tn" : 1756414392100210676,
      "q" : "1026",
      "p" : "0.09147",
      "s" : "buy",
      "i" : "GRT_USDT",
      "m" : "4611686018431660543"
    }, {
      "d" : "1756414280861578449",
      "t" : 1756414280861,
      "tn" : 1756414280861578449,
      "q" : "1027",
      "p" : "0.09158",
      "s" : "buy",
      "i" : "GRT_USDT",
      "m" : "4611686018431660542"
    }, {
      "d" : "1756412285663168578",
      "t" : 1756412285663,
      "tn" : 1756412285663168578,
      "q" : "123",
      "p" : "0.09130",
      "s" : "buy",
      "i" : "GRT_USDT",
      "m" : "4611686018431660541"
    }, {
      "d" : "1756410638328146218",
      "t" : 1756410638328,
      "tn" : 1756410638328146218,
      "q" : "164",
      "p" : "0.09095",
      "s" : "sell",
      "i" : "GRT_USDT",
      "m" : "4611686018431660540"
    }, {
      "d" : "1756410638328143546",
      "t" : 1756410638328,
      "tn" : 1756410638328143546,
      "q" : "1801",
      "p" : "0.09096",
      "s" : "sell",
      "i" : "GRT_USDT",
      "m" : "4611686018431660539"
    }, {
      "d" : "1756410068372147812",
      "t" : 1756410068372,
      "tn" : 1756410068372147812,
      "q" : "3107",
      "p" : "0.09140",
      "s" : "sell",
      "i" : "GRT_USDT",
      "m" : "4611686018431660538"
    }, {
      "d" : "1756409702453923934",
      "t" : 1756409702453,
      "tn" : 1756409702453923934,
      "q" : "27",
      "p" : "0.09177",
      "s" : "buy",
      "i" : "GRT_USDT",
      "m" : "4611686018431660537"
    }, {
      "d" : "1756409660075610499",
      "t" : 1756409660075,
      "tn" : 1756409660075610499,
      "q" : "2536",
      "p" : "0.09194",
      "s" : "sell",
      "i" : "GRT_USDT",
      "m" : "4611686018431660536"
    }, {
      "d" : "1756409660068596687",
      "t" : 1756409660068,
      "tn" : 1756409660068596687,
      "q" : "4229",
      "p" : "0.09195",
      "s" : "buy",
      "i" : "GRT_USDT",
      "m" : "4611686018431660535"
    }, {
      "d" : "1756409660067793974",
      "t" : 1756409660067,
      "tn" : 1756409660067793974,
      "q" : "4908",
      "p" : "0.09193",
      "s" : "buy",
      "i" : "GRT_USDT",
      "m" : "4611686018431660534"
    }, {
      "d" : "1756407857570746102",
      "t" : 1756407857570,
      "tn" : 1756407857570746102,
      "q" : "76452",
      "p" : "0.09230",
      "s" : "sell",
      "i" : "GRT_USDT",
      "m" : "4611686018431660533"
    }, {
      "d" : "1756407857566996034",
      "t" : 1756407857566,
      "tn" : 1756407857566996034,
      "q" : "462",
      "p" : "0.09230",
      "s" : "buy",
      "i" : "GRT_USDT",
      "m" : "4611686018431660532"
    }, {
      "d" : "1756400266734342393",
      "t" : 1756400266734,
      "tn" : 1756400266734342393,
      "q" : "57",
      "p" : "0.09178",
      "s" : "sell",
      "i" : "GRT_USDT",
      "m" : "4611686018431660531"
    }, {
      "d" : "1756400188728039543",
      "t" : 1756400188728,
      "tn" : 1756400188728039543,
      "q" : "106",
      "p" : "0.09178",
      "s" : "sell",
      "i" : "GRT_USDT",
      "m" : "4611686018431660530"
    }, {
      "d" : "1756400109018350580",
      "t" : 1756400109018,
      "tn" : 1756400109018350580,
      "q" : "54",
      "p" : "0.09199",
      "s" : "sell",
      "i" : "GRT_USDT",
      "m" : "4611686018431660529"
    }, {
      "d" : "1756400109018348486",
      "t" : 1756400109018,
      "tn" : 1756400109018348486,
      "q" : "2164",
      "p" : "0.09200",
      "s" : "sell",
      "i" : "GRT_USDT",
      "m" : "4611686018431660528"
    }, {
      "d" : "1756395578674108021",
      "t" : 1756395578674,
      "tn" : 1756395578674108021,
      "q" : "132",
      "p" : "0.09295",
      "s" : "sell",
      "i" : "GRT_USDT",
      "m" : "4611686018431660527"
    }, {
      "d" : "1756395578673338585",
      "t" : 1756395578673,
      "tn" : 1756395578673338585,
      "q" : "29",
      "p" : "0.09295",
      "s" : "sell",
      "i" : "GRT_USDT",
      "m" : "4611686018431660526"
    }, {
      "d" : "1756395573695128975",
      "t" : 1756395573695,
      "tn" : 1756395573695128975,
      "q" : "161",
      "p" : "0.09296",
      "s" : "sell",
      "i" : "GRT_USDT",
      "m" : "4611686018431660525"
    }, {
      "d" : "1756395573687989625",
      "t" : 1756395573687,
      "tn" : 1756395573687989625,
      "q" : "3552",
      "p" : "0.09296",
      "s" : "sell",
      "i" : "GRT_USDT",
      "m" : "4611686018431660524"
    }, {
      "d" : "1756395488421346294",
      "t" : 1756395488421,
      "tn" : 1756395488421346294,
      "q" : "371",
      "p" : "0.09297",
      "s" : "sell",
      "i" : "GRT_USDT",
      "m" : "4611686018431660523"
    }, {
      "d" : "1756395485294268107",
      "t" : 1756395485294,
      "tn" : 1756395485294268107,
      "q" : "138",
      "p" : "0.09328",
      "s" : "buy",
      "i" : "GRT_USDT",
      "m" : "4611686018431660522"
    }, {
      "d" : "1756393354865704790",
      "t" : 1756393354865,
      "tn" : 1756393354865704790,
      "q" : "161",
      "p" : "0.09395",
      "s" : "buy",
      "i" : "GRT_USDT",
      "m" : "4611686018431660521"
    }, {
      "d" : "1756392957984632144",
      "t" : 1756392957984,
      "tn" : 1756392957984632144,
      "q" : "15",
      "p" : "0.09354",
      "s" : "buy",
      "i" : "GRT_USDT",
      "m" : "4611686018431660520"
    }, {
      "d" : "1756392779802677884",
      "t" : 1756392779802,
      "tn" : 1756392779802677884,
      "q" : "14",
      "p" : "0.09323",
      "s" : "buy",
      "i" : "GRT_USDT",
      "m" : "4611686018431660519"
    }, {
      "d" : "1756391845359551450",
      "t" : 1756391845359,
      "tn" : 1756391845359551449,
      "q" : "1829",
      "p" : "0.09326",
      "s" : "sell",
      "i" : "GRT_USDT",
      "m" : "4611686018431660518"
    }, {
      "d" : "1756391845359551449",
      "t" : 1756391845359,
      "tn" : 1756391845359551449,
      "q" : "354",
      "p" : "0.09326",
      "s" : "sell",
      "i" : "GRT_USDT",
      "m" : "4611686018431660518"
    }, {
      "d" : "1756390572657577383",
      "t" : 1756390572657,
      "tn" : 1756390572657577383,
      "q" : "3258",
      "p" : "0.09320",
      "s" : "buy",
      "i" : "GRT_USDT",
      "m" : "4611686018431660517"
    }, {
      "d" : "1756390361222641685",
      "t" : 1756390361222,
      "tn" : 1756390361222641685,
      "q" : "694",
      "p" : "0.09306",
      "s" : "sell",
      "i" : "GRT_USDT",
      "m" : "4611686018431660516"
    }, {
      "d" : "1756389933383617202",
      "t" : 1756389933383,
      "tn" : 1756389933383617202,
      "q" : "1003",
      "p" : "0.09304",
      "s" : "buy",
      "i" : "GRT_USDT",
      "m" : "4611686018431660515"
    }, {
      "d" : "1756389933336631824",
      "t" : 1756389933336,
      "tn" : 1756389933336631824,
      "q" : "2907",
      "p" : "0.09304",
      "s" : "buy",
      "i" : "GRT_USDT",
      "m" : "4611686018431660514"
    }, {
      "d" : "1756389933191870420",
      "t" : 1756389933191,
      "tn" : 1756389933191870420,
      "q" : "163",
      "p" : "0.09295",
      "s" : "buy",
      "i" : "GRT_USDT",
      "m" : "4611686018431660513"
    }, {
      "d" : "1756387814577835655",
      "t" : 1756387814577,
      "tn" : 1756387814577835655,
      "q" : "486",
      "p" : "0.09179",
      "s" : "sell",
      "i" : "GRT_USDT",
      "m" : "4611686018431660512"
    }, {
      "d" : "1756387355473948770",
      "t" : 1756387355473,
      "tn" : 1756387355473948770,
      "q" : "12",
      "p" : "0.09197",
      "s" : "sell",
      "i" : "GRT_USDT",
      "m" : "4611686018431660511"
    }, {
      "d" : "1756387240286765351",
      "t" : 1756387240286,
      "tn" : 1756387240286765351,
      "q" : "164",
      "p" : "0.09195",
      "s" : "buy",
      "i" : "GRT_USDT",
      "m" : "4611686018431660510"
    }, {
      "d" : "1756387039095577903",
      "t" : 1756387039095,
      "tn" : 1756387039095577903,
      "q" : "743",
      "p" : "0.09165",
      "s" : "sell",
      "i" : "GRT_USDT",
      "m" : "4611686018431660509"
    }, {
      "d" : "1756386210168982527",
      "t" : 1756386210168,
      "tn" : 1756386210168982527,
      "q" : "1015",
      "p" : "0.09161",
      "s" : "sell",
      "i" : "GRT_USDT",
      "m" : "4611686018431660508"
    }, {
      "d" : "1756386147249530094",
      "t" : 1756386147249,
      "tn" : 1756386147249530094,
      "q" : "19",
      "p" : "0.09155",
      "s" : "sell",
      "i" : "GRT_USDT",
      "m" : "4611686018431660507"
    }, {
      "d" : "1756385851223905909",
      "t" : 1756385851223,
      "tn" : 1756385851223905909,
      "q" : "1813",
      "p" : "0.09168",
      "s" : "sell",
      "i" : "GRT_USDT",
      "m" : "4611686018431660506"
    }, {
      "d" : "1756385025744719624",
      "t" : 1756385025744,
      "tn" : 1756385025744719624,
      "q" : "125",
      "p" : "0.09186",
      "s" : "sell",
      "i" : "GRT_USDT",
      "m" : "4611686018431660505"
    }, {
      "d" : "1756384293533478716",
      "t" : 1756384293533,
      "tn" : 1756384293533478716,
      "q" : "1532",
      "p" : "0.09161",
      "s" : "buy",
      "i" : "GRT_USDT",
      "m" : "4611686018431660504"
    }, {
      "d" : "1756384293265721048",
      "t" : 1756384293265,
      "tn" : 1756384293265721048,
      "q" : "5107",
      "p" : "0.09161",
      "s" : "buy",
      "i" : "GRT_USDT",
      "m" : "4611686018431660503"
    }, {
      "d" : "1756384292292725434",
      "t" : 1756384292292,
      "tn" : 1756384292292725434,
      "q" : "1250",
      "p" : "0.09158",
      "s" : "buy",
      "i" : "GRT_USDT",
      "m" : "4611686018431660502"
    }, {
      "d" : "1756384292137184064",
      "t" : 1756384292137,
      "tn" : 1756384292137184063,
      "q" : "4908",
      "p" : "0.09154",
      "s" : "buy",
      "i" : "GRT_USDT",
      "m" : "4611686018431660501"
    }, {
      "d" : "1756384292137184063",
      "t" : 1756384292137,
      "tn" : 1756384292137184063,
      "q" : "4036",
      "p" : "0.09154",
      "s" : "buy",
      "i" : "GRT_USDT",
      "m" : "4611686018431660501"
    }, {
      "d" : "1756384057717574873",
      "t" : 1756384057717,
      "tn" : 1756384057717574873,
      "q" : "4820",
      "p" : "0.09127",
      "s" : "sell",
      "i" : "GRT_USDT",
      "m" : "4611686018431660500"
    }, {
      "d" : "1756383891563376383",
      "t" : 1756383891563,
      "tn" : 1756383891563376383,
      "q" : "60",
      "p" : "0.09127",
      "s" : "sell",
      "i" : "GRT_USDT",
      "m" : "4611686018431660499"
    }, {
      "d" : "1756383428854415966",
      "t" : 1756383428854,
      "tn" : 1756383428854415966,
      "q" : "28",
      "p" : "0.09135",
      "s" : "sell",
      "i" : "GRT_USDT",
      "m" : "4611686018431660498"
    }, {
      "d" : "1756383422177591919",
      "t" : 1756383422177,
      "tn" : 1756383422177591919,
      "q" : "4908",
      "p" : "0.09161",
      "s" : "sell",
      "i" : "GRT_USDT",
      "m" : "4611686018431660497"
    }, {
      "d" : "1756383422169645672",
      "t" : 1756383422169,
      "tn" : 1756383422169645672,
      "q" : "5000",
      "p" : "0.09162",
      "s" : "buy",
      "i" : "GRT_USDT",
      "m" : "4611686018431660496"
    }, {
      "d" : "1756383422168924799",
      "t" : 1756383422168,
      "tn" : 1756383422168924799,
      "q" : "99",
      "p" : "0.09162",
      "s" : "buy",
      "i" : "GRT_USDT",
      "m" : "4611686018431660495"
    }, {
      "d" : "1756383422168923116",
      "t" : 1756383422168,
      "tn" : 1756383422168923116,
      "q" : "2300",
      "p" : "0.09161",
      "s" : "buy",
      "i" : "GRT_USDT",
      "m" : "4611686018431660494"
    }, {
      "d" : "1756383422167811650",
      "t" : 1756383422167,
      "tn" : 1756383422167811650,
      "q" : "2608",
      "p" : "0.09161",
      "s" : "buy",
      "i" : "GRT_USDT",
      "m" : "4611686018431660493"
    }, {
      "d" : "1756382460974608380",
      "t" : 1756382460974,
      "tn" : 1756382460974608380,
      "q" : "14581",
      "p" : "0.09150",
      "s" : "sell",
      "i" : "GRT_USDT",
      "m" : "4611686018431660492"
    }, {
      "d" : "1756382460276419599",
      "t" : 1756382460276,
      "tn" : 1756382460276419599,
      "q" : "4070",
      "p" : "0.09150",
      "s" : "sell",
      "i" : "GRT_USDT",
      "m" : "4611686018431660491"
    }, {
      "d" : "1756382460220546496",
      "t" : 1756382460220,
      "tn" : 1756382460220546496,
      "q" : "5236",
      "p" : "0.09150",
      "s" : "sell",
      "i" : "GRT_USDT",
      "m" : "4611686018431660490"
    }, {
      "d" : "1756382455076150224",
      "t" : 1756382455076,
      "tn" : 1756382455076150224,
      "q" : "4230",
      "p" : "0.09150",
      "s" : "sell",
      "i" : "GRT_USDT",
      "m" : "4611686018431660489"
    }, {
      "d" : "1756382454685948827",
      "t" : 1756382454685,
      "tn" : 1756382454685948827,
      "q" : "11067",
      "p" : "0.09150",
      "s" : "sell",
      "i" : "GRT_USDT",
      "m" : "4611686018431660488"
    }, {
      "d" : "1756382454567246169",
      "t" : 1756382454567,
      "tn" : 1756382454567246169,
      "q" : "12486",
      "p" : "0.09150",
      "s" : "sell",
      "i" : "GRT_USDT",
      "m" : "4611686018431660487"
    }, {
      "d" : "1756382454504677404",
      "t" : 1756382454504,
      "tn" : 1756382454504677404,
      "q" : "2740",
      "p" : "0.09150",
      "s" : "sell",
      "i" : "GRT_USDT",
      "m" : "4611686018431660486"
    }, {
      "d" : "1756382454473565458",
      "t" : 1756382454473,
      "tn" : 1756382454473565458,
      "q" : "3065",
      "p" : "0.09150",
      "s" : "sell",
      "i" : "GRT_USDT",
      "m" : "4611686018431660485"
    }, {
      "d" : "1756382453126203744",
      "t" : 1756382453126,
      "tn" : 1756382453126203744,
      "q" : "13226",
      "p" : "0.09150",
      "s" : "sell",
      "i" : "GRT_USDT",
      "m" : "4611686018431660484"
    }, {
      "d" : "1756382453109222056",
      "t" : 1756382453109,
      "tn" : 1756382453109222056,
      "q" : "4766",
      "p" : "0.09150",
      "s" : "sell",
      "i" : "GRT_USDT",
      "m" : "4611686018431660483"
    }, {
      "d" : "1756382450848796329",
      "t" : 1756382450848,
      "tn" : 1756382450848796329,
      "q" : "2309",
      "p" : "0.09150",
      "s" : "sell",
      "i" : "GRT_USDT",
      "m" : "4611686018431660482"
    }, {
      "d" : "1756382447784937145",
      "t" : 1756382447784,
      "tn" : 1756382447784937145,
      "q" : "419",
      "p" : "0.09166",
      "s" : "buy",
      "i" : "GRT_USDT",
      "m" : "4611686018431660481"
    }, {
      "d" : "1756382337542750715",
      "t" : 1756382337542,
      "tn" : 1756382337542750715,
      "q" : "3019",
      "p" : "0.09150",
      "s" : "sell",
      "i" : "GRT_USDT",
      "m" : "4611686018431660480"
    }, {
      "d" : "1756382304441968012",
      "t" : 1756382304441,
      "tn" : 1756382304441968012,
      "q" : "17259",
      "p" : "0.09150",
      "s" : "sell",
      "i" : "GRT_USDT",
      "m" : "4611686018431660479"
    }, {
      "d" : "1756382302004890383",
      "t" : 1756382302004,
      "tn" : 1756382302004890383,
      "q" : "2446",
      "p" : "0.09150",
      "s" : "sell",
      "i" : "GRT_USDT",
      "m" : "4611686018431660478"
    }, {
      "d" : "1756382302004888888",
      "t" : 1756382302004,
      "tn" : 1756382302004888888,
      "q" : "644",
      "p" : "0.09151",
      "s" : "sell",
      "i" : "GRT_USDT",
      "m" : "4611686018431660477"
    }, {
      "d" : "1756382301751714625",
      "t" : 1756382301751,
      "tn" : 1756382301751714625,
      "q" : "4264",
      "p" : "0.09151",
      "s" : "sell",
      "i" : "GRT_USDT",
      "m" : "4611686018431660476"
    }, {
      "d" : "1756380931319684973",
      "t" : 1756380931319,
      "tn" : 1756380931319684973,
      "q" : "4637",
      "p" : "0.09169",
      "s" : "buy",
      "i" : "GRT_USDT",
      "m" : "4611686018431660475"
    } ]
  }
}