{
  "id" : -1,
  "method" : "public/get-trades",
  "code" : 0,
  "result" : {
    "data" : [ {
      "d" : "1756460632018059818",
      "t" : 1756460632018,
      "tn" : 1756460632018059818,
      "q" : "1166",
      "p" : "0.08835",
      "s" : "sell",
      "i" : "GRT_USD",
      "m" : "4611686018430717574"
    }, {
      "d" : "1756460504176744667",
      "t" : 1756460504176,
      "tn" : 1756460504176744667,
      "q" : "785",
      "p" : "0.08838",
      "s" : "sell",
      "i" : "GRT_USD",
      "m" : "4611686018430717573"
    }, {
      "d" : "1756460204491346965",
      "t" : 1756460204491,
      "tn" : 1756460204491346965,
      "q" : "1050",
      "p" : "0.08794",
      "s" : "buy",
      "i" : "GRT_USD",
      "m" : "4611686018430717572"
    }, {
      "d" : "1756460141512092339",
      "t" : 1756460141512,
      "tn" : 1756460141512092339,
      "q" : "14",
      "p" : "0.08828",
      "s" : "sell",
      "i" : "GRT_USD",
      "m" : "4611686018430717571"
    }, {
      "d" : "1756460081885343785",
      "t" : 1756460081885,
      "tn" : 1756460081885343785,
      "q" : "3731",
      "p" : "0.08800",
      "s" : "sell",
      "i" : "GRT_USD",
      "m" : "4611686018430717570"
    }, {
      "d" : "1756460081840059120",
      "t" : 1756460081840,
      "tn" : 1756460081840059120,
      "q" : "3764",
      "p" : "0.08801",
      "s" : "sell",
      "i" : "GRT_USD",
      "m" : "4611686018430717569"
    }, {
      "d" : "1756460081838416800",
      "t" : 1756460081838,
      "tn" : 1756460081838416800,
      "q" : "4155",
      "p" : "0.08801",
      "s" : "sell",
      "i" : "GRT_USD",
      "m" : "4611686018430717568"
    }, {
      "d" : "1756459875673016885",
      "t" : 1756459875673,
      "tn" : 1756459875673016885,
      "q" : "7230",
      "p" : "0.08855",
      "s" : "sell",
      "i" : "GRT_USD",
      "m" : "4611686018430717567"
    }, {
      "d" : "1756459005802562494",
      "t" : 1756459005802,
      "tn" : 1756459005802562494,
      "q" : "1097",
      "p" : "0.08821",
      "s" : "sell",
      "i" : "GRT_USD",
      "m" : "4611686018430717566"
    }, {
      "d" : "1756458139523335382",
      "t" : 1756458139523,
      "tn" : 1756458139523335382,
      "q" : "359",
      "p" : "0.08715",
      "s" : "buy",
      "i" : "GRT_USD",
      "m" : "4611686018430717565"
    }, {
      "d" : "1756458137098903256",
      "t" : 1756458137098,
      "tn" : 1756458137098903256,
      "q" : "228",
      "p" : "0.08750",
      "s" : "sell",
      "i" : "GRT_USD",
      "m" : "4611686018430717564"
    }, {
      "d" : "1756458112700526361",
      "t" : 1756458112700,
      "tn" : 1756458112700526361,
      "q" : "11949",
      "p" : "0.08760",
      "s" : "buy",
      "i" : "GRT_USD",
      "m" : "4611686018430717563"
    }, {
      "d" : "1756457799649084067",
      "t" : 1756457799649,
      "tn" : 1756457799649084067,
      "q" : "79",
      "p" : "0.08829",
      "s" : "sell",
      "i" : "GRT_USD",
      "m" : "4611686018430717562"
    }, {
      "d" : "1756457217272589364",
      "t" : 1756457217272,
      "tn" : 1756457217272589364,
      "q" : "100",
      "p" : "0.08833",
      "s" : "sell",
      "i" : "GRT_USD",
      "m" : "4611686018430717561"
    }, {
      "d" : "1756456665322105828",
      "t" : 1756456665322,
      "tn" : 1756456665322105828,
      "q" : "119",
      "p" : "0.08836",
      "s" : "sell",
      "i" : "GRT_USD",
      "m" : "4611686018430717560"
    }, {
      "d" : "1756456347479070940",
      "t" : 1756456347479,
      "tn" : 1756456347479070940,
      "q" : "1193",
      "p" : "0.08899",
      "s" : "sell",
      "i" : "GRT_USD",
      "m" : "4611686018430717559"
    }, {
      "d" : "1756455392058899436",
      "t" : 1756455392058,
      "tn" : 1756455392058899436,
      "q" : "24",
      "p" : "0.08893",
      "s" : "sell",
      "i" : "GRT_USD",
      "m" : "4611686018430717558"
    }, {
      "d" : "1756455163898610428",
      "t" : 1756455163898,
      "tn" : 1756455163898610428,
      "q" : "190",
      "p" : "0.08881",
      "s" : "sell",
      "i" : "GRT_USD",
      "m" : "4611686018430717557"
    }, {
      "d" : "1756455015421934237",
      "t" : 1756455015421,
      "tn" : 1756455015421934237,
      "q" : "32",
      "p" : "0.08892",
      "s" : "sell",
      "i" : "GRT_USD",
      "m" : "4611686018430717556"
    }, {
      "d" : "1756454766882447697",
      "t" : 1756454766882,
      "tn" : 1756454766882447697,
      "q" : "2276",
      "p" : "0.08925",
      "s" : "sell",
      "i" : "GRT_USD",
      "m" : "4611686018430717555"
    }, {
      "d" : "1756454528931962429",
      "t" : 1756454528931,
      "tn" : 1756454528931962429,
      "q" : "252",
      "p" : "0.08973",
      "s" : "sell",
      "i" : "GRT_USD",
      "m" : "4611686018430717554"
    }, {
      "d" : "1756454159971464708",
      "t" : 1756454159971,
      "tn" : 1756454159971464708,
      "q" : "534",
      "p" : "0.08916",
      "s" : "buy",
      "i" : "GRT_USD",
      "m" : "4611686018430717553"
    }, {
      "d" : "1756453804287911932",
      "t" : 1756453804287,
      "tn" : 1756453804287911932,
      "q" : "563",
      "p" : "0.08919",
      "s" : "buy",
      "i" : "GRT_USD",
      "m" : "4611686018430717552"
    }, {
      "d" : "1756453157768705503",
      "t" : 1756453157768,
      "tn" : 1756453157768705503,
      "q" : "258",
      "p" : "0.08952",
      "s" : "buy",
      "i" : "GRT_USD",
      "m" : "4611686018430717551"
    }, {
      "d" : "1756453135220120156",
      "t" : 1756453135220,
      "tn" : 1756453135220120156,
      "q" : "537",
      "p" : "0.08991",
      "s" : "sell",
      "i" : "GRT_USD",
      "m" : "4611686018430717550"
    }, {
      "d" : "1756453117180684686",
      "t" : 1756453117180,
      "tn" : 1756453117180684686,
      "q" : "224",
      "p" : "0.08960",
      "s" : "buy",
      "i" : "GRT_USD",
      "m" : "4611686018430717549"
    }, {
      "d" : "1756452941813189426",
      "t" : 1756452941813,
      "tn" : 1756452941813189426,
      "q" : "50",
      "p" : "0.08971",
      "s" : "sell",
      "i" : "GRT_USD",
      "m" : "4611686018430717548"
    }, {
      "d" : "1756452359745136977",
      "t" : 1756452359745,
      "tn" : 1756452359745136977,
      "q" : "616",
      "p" : "0.08925",
      "s" : "buy",
      "i" : "GRT_USD",
      "m" : "4611686018430717547"
    }, {
      "d" : "1756452149620452298",
      "t" : 1756452149620,
      "tn" : 1756452149620452298,
      "q" : "125",
      "p" : "0.08934",
      "s" : "buy",
      "i" : "GRT_USD",
      "m" : "4611686018430717546"
    }, {
      "d" : "1756451843018640195",
      "t" : 1756451843018,
      "tn" : 1756451843018640195,
      "q" : "200",
      "p" : "0.08996",
      "s" : "sell",
      "i" : "GRT_USD",
      "m" : "4611686018430717545"
    }, {
      "d" : "1756451392159863149",
      "t" : 1756451392159,
      "tn" : 1756451392159863149,
      "q" : "164",
      "p" : "0.09000",
      "s" : "sell",
      "i" : "GRT_USD",
      "m" : "4611686018430717544"
    }, {
      "d" : "1756451310622671690",
      "t" : 1756451310622,
      "tn" : 1756451310622671690,
      "q" : "2354",
      "p" : "0.09001",
      "s" : "sell",
      "i" : "GRT_USD",
      "m" : "4611686018430717543"
    }, {
      "d" : "1756450893354980938",
      "t" : 1756450893354,
      "tn" : 1756450893354980938,
      "q" : "2845",
      "p" : "0.09051",
      "s" : "sell",
      "i" : "GRT_USD",
      "m" : "4611686018430717542"
    }, {
      "d" : "1756450893354978894",
      "t" : 1756450893354,
      "tn" : 1756450893354978894,
      "q" : "144",
      "p" : "0.09053",
      "s" : "sell",
      "i" : "GRT_USD",
      "m" : "4611686018430717541"
    }, {
      "d" : "1756450287285436569",
      "t" : 1756450287285,
      "tn" : 1756450287285436569,
      "q" : "98",
      "p" : "0.09117",
      "s" : "sell",
      "i" : "GRT_USD",
      "m" : "4611686018430717540"
    }, {
      "d" : "1756449664861719860",
      "t" : 1756449664861,
      "tn" : 1756449664861719860,
      "q" : "144",
      "p" : "0.09058",
      "s" : "sell",
      "i" : "GRT_USD",
      "m" : "4611686018430717539"
    }, {
      "d" : "1756449642347938392",
      "t" : 1756449642347,
      "tn" : 1756449642347938392,
      "q" : "843",
      "p" : "0.09059",
      "s" : "sell",
      "i" : "GRT_USD",
      "m" : "4611686018430717538"
    }, {
      "d" : "1756449541213743381",
      "t" : 1756449541213,
      "tn" : 1756449541213743381,
      "q" : "1000",
      "p" : "0.09089",
      "s" : "buy",
      "i" : "GRT_USD",
      "m" : "4611686018430717537"
    }, {
      "d" : "1756449025219739430",
      "t" : 1756449025219,
      "tn" : 1756449025219739430,
      "q" : "69",
      "p" : "0.09116",
      "s" : "sell",
      "i" : "GRT_USD",
      "m" : "4611686018430717536"
    }, {
      "d" : "1756448997085302761",
      "t" : 1756448997085,
      "tn" : 1756448997085302761,
      "q" : "2056",
      "p" : "0.09089",
      "s" : "buy",
      "i" : "GRT_USD",
      "m" : "4611686018430717535"
    }, {
      "d" : "1756448270545020148",
      "t" : 1756448270545,
      "tn" : 1756448270545020148,
      "q" : "3000",
      "p" : "0.09085",
      "s" : "buy",
      "i" : "GRT_USD",
      "m" : "4611686018430717534"
    }, {
      "d" : "1756448190035291092",
      "t" : 1756448190035,
      "tn" : 1756448190035291092,
      "q" : "1000",
      "p" : "0.09121",
      "s" : "sell",
      "i" : "GRT_USD",
      "m" : "4611686018430717533"
    }, {
      "d" : "1756447731273090550",
      "t" : 1756447731273,
      "tn" : 1756447731273090550,
      "q" : "212",
      "p" : "0.09168",
      "s" : "sell",
      "i" : "GRT_USD",
      "m" : "4611686018430717532"
    }, {
      "d" : "1756447259563839963",
      "t" : 1756447259563,
      "tn" : 1756447259563839963,
      "q" : "1773",
      "p" : "0.09199",
      "s" : "sell",
      "i" : "GRT_USD",
      "m" : "4611686018430717531"
    }, {
      "d" : "1756447254589013370",
      "t" : 1756447254589,
      "tn" : 1756447254589013370,
      "q" : "3609",
      "p" : "0.09174",
      "s" : "sell",
      "i" : "GRT_USD",
      "m" : "4611686018430717530"
    }, {
      "d" : "1756447254585763604",
      "t" : 1756447254585,
      "tn" : 1756447254585763604,
      "q" : "5016",
      "p" : "0.09174",
      "s" : "sell",
      "i" : "GRT_USD",
      "m" : "4611686018430717529"
    }, {
      "d" : "1756446562247549896",
      "t" : 1756446562247,
      "tn" : 1756446562247549896,
      "q" : "443",
      "p" : "0.09168",
      "s" : "buy",
      "i" : "GRT_USD",
      "m" : "4611686018430717528"
    }, {
      "d" : "1756446391419155430",
      "t" : 1756446391419,
      "tn" : 1756446391419155430,
      "q" : "1208",
      "p" : "0.09210",
      "s" : "sell",
      "i" : "GRT_USD",
      "m" : "4611686018430717527"
    }, {
      "d" : "1756446022341692457",
      "t" : 1756446022341,
      "tn" : 1756446022341692457,
      "q" : "1",
      "p" : "0.09210",
      "s" : "buy",
      "i" : "GRT_USD",
      "m" : "4611686018430717526"
    }, {
      "d" : "1756445953222194889",
      "t" : 1756445953222,
      "tn" : 1756445953222194889,
      "q" : "159",
      "p" : "0.09173",
      "s" : "sell",
      "i" : "GRT_USD",
      "m" : "4611686018430717525"
    }, {
      "d" : "1756445571619598511",
      "t" : 1756445571619,
      "tn" : 1756445571619598511,
      "q" : "4282",
      "p" : "0.09155",
      "s" : "buy",
      "i" : "GRT_USD",
      "m" : "4611686018430717524"
    }, {
      "d" : "1756444989219860573",
      "t" : 1756444989219,
      "tn" : 1756444989219860573,
      "q" : "30",
      "p" : "0.09186",
      "s" : "sell",
      "i" : "GRT_USD",
      "m" : "4611686018430717523"
    }, {
      "d" : "1756444848763597152",
      "t" : 1756444848763,
      "tn" : 1756444848763597152,
      "q" : "500",
      "p" : "0.09182",
      "s" : "sell",
      "i" : "GRT_USD",
      "m" : "4611686018430717522"
    }, {
      "d" : "1756444350373658492",
      "t" : 1756444350373,
      "tn" : 1756444350373658492,
      "q" : "46",
      "p" : "0.09189",
      "s" : "sell",
      "i" : "GRT_USD",
      "m" : "4611686018430717521"
    }, {
      "d" : "1756443383065674964",
      "t" : 1756443383065,
      "tn" : 1756443383065674964,
      "q" : "158",
      "p" : "0.09209",
      "s" : "sell",
      "i" : "GRT_USD",
      "m" : "4611686018430717520"
    }, {
      "d" : "1756443190264462039",
      "t" : 1756443190264,
      "tn" : 1756443190264462039,
      "q" : "4794",
      "p" : "0.09200",
      "s" : "sell",
      "i" : "GRT_USD",
      "m" : "4611686018430717519"
    }, {
      "d" : "1756442797480200246",
      "t" : 1756442797480,
      "tn" : 1756442797480200246,
      "q" : "300",
      "p" : "0.09247",
      "s" : "sell",
      "i" : "GRT_USD",
      "m" : "4611686018430717518"
    }, {
      "d" : "1756442767670887245",
      "t" : 1756442767670,
      "tn" : 1756442767670887245,
      "q" : "52",
      "p" : "0.09248",
      "s" : "sell",
      "i" : "GRT_USD",
      "m" : "4611686018430717517"
    }, {
      "d" : "1756442742226456786",
      "t" : 1756442742226,
      "tn" : 1756442742226456786,
      "q" : "650",
      "p" : "0.09234",
      "s" : "sell",
      "i" : "GRT_USD",
      "m" : "4611686018430717516"
    }, {
      "d" : "1756442495320722415",
      "t" : 1756442495320,
      "tn" : 1756442495320722415,
      "q" : "376",
      "p" : "0.09226",
      "s" : "sell",
      "i" : "GRT_USD",
      "m" : "4611686018430717515"
    }, {
      "d" : "1756442422341289871",
      "t" : 1756442422341,
      "tn" : 1756442422341289871,
      "q" : "1",
      "p" : "0.09241",
      "s" : "buy",
      "i" : "GRT_USD",
      "m" : "4611686018430717514"
    }, {
      "d" : "1756441984271013388",
      "t" : 1756441984271,
      "tn" : 1756441984271013388,
      "q" : "262",
      "p" : "0.09233",
      "s" : "sell",
      "i" : "GRT_USD",
      "m" : "4611686018430717513"
    }, {
      "d" : "1756441789232962752",
      "t" : 1756441789232,
      "tn" : 1756441789232962752,
      "q" : "100",
      "p" : "0.09248",
      "s" : "sell",
      "i" : "GRT_USD",
      "m" : "4611686018430717512"
    }, {
      "d" : "1756441338221849220",
      "t" : 1756441338221,
      "tn" : 1756441338221849220,
      "q" : "698",
      "p" : "0.09209",
      "s" : "buy",
      "i" : "GRT_USD",
      "m" : "4611686018430717511"
    }, {
      "d" : "1756441263690175099",
      "t" : 1756441263690,
      "tn" : 1756441263690175099,
      "q" : "312",
      "p" : "0.09230",
      "s" : "sell",
      "i" : "GRT_USD",
      "m" : "4611686018430717510"
    }, {
      "d" : "1756441203280526112",
      "t" : 1756441203280,
      "tn" : 1756441203280526112,
      "q" : "17",
      "p" : "0.09231",
      "s" : "sell",
      "i" : "GRT_USD",
      "m" : "4611686018430717509"
    }, {
      "d" : "1756441163956286675",
      "t" : 1756441163956,
      "tn" : 1756441163956286675,
      "q" : "14",
      "p" : "0.09224",
      "s" : "sell",
      "i" : "GRT_USD",
      "m" : "4611686018430717508"
    }, {
      "d" : "1756440901648519815",
      "t" : 1756440901648,
      "tn" : 1756440901648519815,
      "q" : "261",
      "p" : "0.09231",
      "s" : "sell",
      "i" : "GRT_USD",
      "m" : "4611686018430717507"
    }, {
      "d" : "1756440610802244570",
      "t" : 1756440610802,
      "tn" : 1756440610802244570,
      "q" : "562",
      "p" : "0.09180",
      "s" : "buy",
      "i" : "GRT_USD",
      "m" : "4611686018430717506"
    }, {
      "d" : "1756440559566551583",
      "t" : 1756440559566,
      "tn" : 1756440559566551583,
      "q" : "216",
      "p" : "0.09202",
      "s" : "sell",
      "i" : "GRT_USD",
      "m" : "4611686018430717505"
    }, {
      "d" : "1756440307297620554",
      "t" : 1756440307297,
      "tn" : 1756440307297620554,
      "q" : "20",
      "p" : "0.09206",
      "s" : "sell",
      "i" : "GRT_USD",
      "m" : "4611686018430717504"
    }, {
      "d" : "1756440147433224821",
      "t" : 1756440147433,
      "tn" : 1756440147433224821,
      "q" : "9332",
      "p" : "0.09201",
      "s" : "buy",
      "i" : "GRT_USD",
      "m" : "4611686018430717503"
    }, {
      "d" : "1756440031005791842",
      "t" : 1756440031005,
      "tn" : 1756440031005791842,
      "q" : "17",
      "p" : "0.09185",
      "s" : "buy",
      "i" : "GRT_USD",
      "m" : "4611686018430717502"
    }, {
      "d" : "1756439794510304806",
      "t" : 1756439794510,
      "tn" : 1756439794510304806,
      "q" : "15",
      "p" : "0.09246",
      "s" : "sell",
      "i" : "GRT_USD",
      "m" : "4611686018430717501"
    }, {
      "d" : "1756439736406868803",
      "t" : 1756439736406,
      "tn" : 1756439736406868803,
      "q" : "27",
      "p" : "0.09245",
      "s" : "sell",
      "i" : "GRT_USD",
      "m" : "4611686018430717500"
    }, {
      "d" : "1756439441293560710",
      "t" : 1756439441293,
      "tn" : 1756439441293560710,
      "q" : "1042",
      "p" : "0.09239",
      "s" : "sell",
      "i" : "GRT_USD",
      "m" : "4611686018430717499"
    }, {
      "d" : "1756439339254990030",
      "t" : 1756439339254,
      "tn" : 1756439339254990030,
      "q" : "458",
      "p" : "0.09244",
      "s" : "sell",
      "i" : "GRT_USD",
      "m" : "4611686018430717498"
    }, {
      "d" : "1756439334285171607",
      "t" : 1756439334285,
      "tn" : 1756439334285171607,
      "q" : "642",
      "p" : "0.09221",
      "s" : "sell",
      "i" : "GRT_USD",
      "m" : "4611686018430717497"
    }, {
      "d" : "1756439258199864116",
      "t" : 1756439258199,
      "tn" : 1756439258199864116,
      "q" : "965",
      "p" : "0.09231",
      "s" : "sell",
      "i" : "GRT_USD",
      "m" : "4611686018430717496"
    }, {
      "d" : "1756439258197438682",
      "t" : 1756439258197,
      "tn" : 1756439258197438682,
      "q" : "1091",
      "p" : "0.09231",
      "s" : "sell",
      "i" : "GRT_USD",
      "m" : "4611686018430717495"
    }, {
      "d" : "1756439191053717688",
      "t" : 1756439191053,
      "tn" : 1756439191053717688,
      "q" : "1042",
      "p" : "0.09233",
      "s" : "sell",
      "i" : "GRT_USD",
      "m" : "4611686018430717494"
    }, {
      "d" : "1756439165581225061",
      "t" : 1756439165581,
      "tn" : 1756439165581225061,
      "q" : "697",
      "p" : "0.09241",
      "s" : "sell",
      "i" : "GRT_USD",
      "m" : "4611686018430717493"
    }, {
      "d" : "1756439165575707328",
      "t" : 1756439165575,
      "tn" : 1756439165575707328,
      "q" : "320",
      "p" : "0.09241",
      "s" : "sell",
      "i" : "GRT_USD",
      "m" : "4611686018430717492"
    }, {
      "d" : "1756438935804152716",
      "t" : 1756438935804,
      "tn" : 1756438935804152716,
      "q" : "17",
      "p" : "0.09184",
      "s" : "buy",
      "i" : "GRT_USD",
      "m" : "4611686018430717491"
    }, {
      "d" : "1756438869347287047",
      "t" : 1756438869347,
      "tn" : 1756438869347287047,
      "q" : "11",
      "p" : "0.09187",
      "s" : "buy",
      "i" : "GRT_USD",
      "m" : "4611686018430717490"
    }, {
      "d" : "1756438822341583495",
      "t" : 1756438822341,
      "tn" : 1756438822341583495,
      "q" : "1",
      "p" : "0.09240",
      "s" : "buy",
      "i" : "GRT_USD",
      "m" : "4611686018430717489"
    }, {
      "d" : "1756438744586577492",
      "t" : 1756438744586,
      "tn" : 1756438744586577492,
      "q" : "262",
      "p" : "0.09190",
      "s" : "buy",
      "i" : "GRT_USD",
      "m" : "4611686018430717488"
    }, {
      "d" : "1756438721333290929",
      "t" : 1756438721333,
      "tn" : 1756438721333290929,
      "q" : "1044",
      "p" : "0.09238",
      "s" : "sell",
      "i" : "GRT_USD",
      "m" : "4611686018430717487"
    }, {
      "d" : "1756438683551534834",
      "t" : 1756438683551,
      "tn" : 1756438683551534834,
      "q" : "48",
      "p" : "0.09184",
      "s" : "buy",
      "i" : "GRT_USD",
      "m" : "4611686018430717486"
    }, {
      "d" : "1756438599050800489",
      "t" : 1756438599050,
      "tn" : 1756438599050800489,
      "q" : "153",
      "p" : "0.09171",
      "s" : "sell",
      "i" : "GRT_USD",
      "m" : "4611686018430717485"
    }, {
      "d" : "1756438571284512155",
      "t" : 1756438571284,
      "tn" : 1756438571284512155,
      "q" : "129",
      "p" : "0.09177",
      "s" : "buy",
      "i" : "GRT_USD",
      "m" : "4611686018430717484"
    }, {
      "d" : "1756438508664218376",
      "t" : 1756438508664,
      "tn" : 1756438508664218376,
      "q" : "25",
      "p" : "0.09180",
      "s" : "buy",
      "i" : "GRT_USD",
      "m" : "4611686018430717483"
    }, {
      "d" : "1756438445336764403",
      "t" : 1756438445336,
      "tn" : 1756438445336764403,
      "q" : "57",
      "p" : "0.09227",
      "s" : "sell",
      "i" : "GRT_USD",
      "m" : "4611686018430717482"
    }, {
      "d" : "1756438391599568718",
      "t" : 1756438391599,
      "tn" : 1756438391599568718,
      "q" : "255",
      "p" : "0.09186",
      "s" : "sell",
      "i" : "GRT_USD",
      "m" : "4611686018430717481"
    }, {
      "d" : "1756438305432614930",
      "t" : 1756438305432,
      "tn" : 1756438305432614930,
      "q" : "11292",
      "p" : "0.09204",
      "s" : "sell",
      "i" : "GRT_USD",
      "m" : "4611686018430717480"
    }, {
      "d" : "1756438305431219756",
      "t" : 1756438305431,
      "tn" : 1756438305431219756,
      "q" : "1044",
      "p" : "0.09206",
      "s" : "sell",
      "i" : "GRT_USD",
      "m" : "4611686018430717479"
    }, {
      "d" : "1756438305427893356",
      "t" : 1756438305427,
      "tn" : 1756438305427893356,
      "q" : "5820",
      "p" : "0.09208",
      "s" : "sell",
      "i" : "GRT_USD",
      "m" : "4611686018430717478"
    }, {
      "d" : "1756438305424806204",
      "t" : 1756438305424,
      "tn" : 1756438305424806204,
      "q" : "2959",
      "p" : "0.09208",
      "s" : "sell",
      "i" : "GRT_USD",
      "m" : "4611686018430717477"
    }, {
      "d" : "1756438270037182637",
      "t" : 1756438270037,
      "tn" : 1756438270037182637,
      "q" : "356",
      "p" : "0.09211",
      "s" : "buy",
      "i" : "GRT_USD",
      "m" : "4611686018430717476"
    }, {
      "d" : "1756438195239456122",
      "t" : 1756438195239,
      "tn" : 1756438195239456122,
      "q" : "13640",
      "p" : "0.09234",
      "s" : "sell",
      "i" : "GRT_USD",
      "m" : "4611686018430717475"
    }, {
      "d" : "1756438195239453249",
      "t" : 1756438195239,
      "tn" : 1756438195239453249,
      "q" : "11911",
      "p" : "0.09235",
      "s" : "sell",
      "i" : "GRT_USD",
      "m" : "4611686018430717474"
    }, {
      "d" : "1756437703361684971",
      "t" : 1756437703361,
      "tn" : 1756437703361684971,
      "q" : "100",
      "p" : "0.09285",
      "s" : "sell",
      "i" : "GRT_USD",
      "m" : "4611686018430717473"
    }, {
      "d" : "1756437559578259161",
      "t" : 1756437559578,
      "tn" : 1756437559578259161,
      "q" : "636",
      "p" : "0.09296",
      "s" : "sell",
      "i" : "GRT_USD",
      "m" : "4611686018430717472"
    }, {
      "d" : "1756437559577718265",
      "t" : 1756437559577,
      "tn" : 1756437559577718265,
      "q" : "1047",
      "p" : "0.09296",
      "s" : "sell",
      "i" : "GRT_USD",
      "m" : "4611686018430717471"
    }, {
      "d" : "1756437558814929358",
      "t" : 1756437558814,
      "tn" : 1756437558814929358,
      "q" : "10827",
      "p" : "0.09250",
      "s" : "buy",
      "i" : "GRT_USD",
      "m" : "4611686018430717470"
    }, {
      "d" : "1756437557574669669",
      "t" : 1756437557574,
      "tn" : 1756437557574669669,
      "q" : "3249",
      "p" : "0.09248",
      "s" : "buy",
      "i" : "GRT_USD",
      "m" : "4611686018430717469"
    }, {
      "d" : "1756437503422446949",
      "t" : 1756437503422,
      "tn" : 1756437503422446949,
      "q" : "2919",
      "p" : "0.09248",
      "s" : "buy",
      "i" : "GRT_USD",
      "m" : "4611686018430717468"
    }, {
      "d" : "1756437482583831379",
      "t" : 1756437482583,
      "tn" : 1756437482583831379,
      "q" : "5182",
      "p" : "0.09239",
      "s" : "buy",
      "i" : "GRT_USD",
      "m" : "4611686018430717467"
    }, {
      "d" : "1756437309205485310",
      "t" : 1756437309205,
      "tn" : 1756437309205485310,
      "q" : "1047",
      "p" : "0.09228",
      "s" : "buy",
      "i" : "GRT_USD",
      "m" : "4611686018430717466"
    }, {
      "d" : "1756437302518665154",
      "t" : 1756437302518,
      "tn" : 1756437302518665154,
      "q" : "1048",
      "p" : "0.09279",
      "s" : "sell",
      "i" : "GRT_USD",
      "m" : "4611686018430717465"
    }, {
      "d" : "1756437224777430684",
      "t" : 1756437224777,
      "tn" : 1756437224777430684,
      "q" : "5040",
      "p" : "0.09248",
      "s" : "buy",
      "i" : "GRT_USD",
      "m" : "4611686018430717464"
    }, {
      "d" : "1756436831239981825",
      "t" : 1756436831239,
      "tn" : 1756436831239981825,
      "q" : "561",
      "p" : "0.09272",
      "s" : "sell",
      "i" : "GRT_USD",
      "m" : "4611686018430717463"
    }, {
      "d" : "1756436233252618636",
      "t" : 1756436233252,
      "tn" : 1756436233252618636,
      "q" : "136",
      "p" : "0.09278",
      "s" : "sell",
      "i" : "GRT_USD",
      "m" : "4611686018430717462"
    }, {
      "d" : "1756436216831922809",
      "t" : 1756436216831,
      "tn" : 1756436216831922809,
      "q" : "517",
      "p" : "0.09274",
      "s" : "sell",
      "i" : "GRT_USD",
      "m" : "4611686018430717461"
    }, {
      "d" : "1756436089383592244",
      "t" : 1756436089383,
      "tn" : 1756436089383592244,
      "q" : "55",
      "p" : "0.09234",
      "s" : "buy",
      "i" : "GRT_USD",
      "m" : "4611686018430717460"
    }, {
      "d" : "1756435654077505092",
      "t" : 1756435654077,
      "tn" : 1756435654077505092,
      "q" : "830",
      "p" : "0.09257",
      "s" : "sell",
      "i" : "GRT_USD",
      "m" : "4611686018430717459"
    }, {
      "d" : "1756435627281527020",
      "t" : 1756435627281,
      "tn" : 1756435627281527020,
      "q" : "76",
      "p" : "0.09266",
      "s" : "sell",
      "i" : "GRT_USD",
      "m" : "4611686018430717458"
    }, {
      "d" : "1756435222341214169",
      "t" : 1756435222341,
      "tn" : 1756435222341214169,
      "q" : "1",
      "p" : "0.09263",
      "s" : "buy",
      "i" : "GRT_USD",
      "m" : "4611686018430717457"
    }, {
      "d" : "1756435135308309467",
      "t" : 1756435135308,
      "tn" : 1756435135308309467,
      "q" : "419",
      "p" : "0.09252",
      "s" : "sell",
      "i" : "GRT_USD",
      "m" : "4611686018430717456"
    }, {
      "d" : "1756434785362934781",
      "t" : 1756434785362,
      "tn" : 1756434785362934781,
      "q" : "1846",
      "p" : "0.09260",
      "s" : "sell",
      "i" : "GRT_USD",
      "m" : "4611686018430717455"
    }, {
      "d" : "1756434656251514309",
      "t" : 1756434656251,
      "tn" : 1756434656251514309,
      "q" : "1050",
      "p" : "0.09286",
      "s" : "sell",
      "i" : "GRT_USD",
      "m" : "4611686018430717454"
    }, {
      "d" : "1756434577928945873",
      "t" : 1756434577928,
      "tn" : 1756434577928945873,
      "q" : "67",
      "p" : "0.09290",
      "s" : "sell",
      "i" : "GRT_USD",
      "m" : "4611686018430717453"
    }, {
      "d" : "1756434547722570351",
      "t" : 1756434547722,
      "tn" : 1756434547722570351,
      "q" : "52",
      "p" : "0.09310",
      "s" : "sell",
      "i" : "GRT_USD",
      "m" : "4611686018430717452"
    }, {
      "d" : "1756434485455699127",
      "t" : 1756434485455,
      "tn" : 1756434485455699127,
      "q" : "13",
      "p" : "0.09311",
      "s" : "sell",
      "i" : "GRT_USD",
      "m" : "4611686018430717451"
    }, {
      "d" : "1756434362304150453",
      "t" : 1756434362304,
      "tn" : 1756434362304150453,
      "q" : "1779",
      "p" : "0.09270",
      "s" : "sell",
      "i" : "GRT_USD",
      "m" : "4611686018430717450"
    }, {
      "d" : "1756434265243358283",
      "t" : 1756434265243,
      "tn" : 1756434265243358283,
      "q" : "52",
      "p" : "0.09320",
      "s" : "sell",
      "i" : "GRT_USD",
      "m" : "4611686018430717449"
    }, {
      "d" : "1756434153188306909",
      "t" : 1756434153188,
      "tn" : 1756434153188306909,
      "q" : "15",
      "p" : "0.09292",
      "s" : "sell",
      "i" : "GRT_USD",
      "m" : "4611686018430717448"
    }, {
      "d" : "1756433983910414759",
      "t" : 1756433983910,
      "tn" : 1756433983910414759,
      "q" : "1845",
      "p" : "0.09233",
      "s" : "buy",
      "i" : "GRT_USD",
      "m" : "4611686018430717447"
    }, {
      "d" : "1756433691398302523",
      "t" : 1756433691398,
      "tn" : 1756433691398302523,
      "q" : "209",
      "p" : "0.09286",
      "s" : "sell",
      "i" : "GRT_USD",
      "m" : "4611686018430717446"
    }, {
      "d" : "1756433597710068825",
      "t" : 1756433597710,
      "tn" : 1756433597710068825,
      "q" : "1000",
      "p" : "0.09254",
      "s" : "sell",
      "i" : "GRT_USD",
      "m" : "4611686018430717445"
    }, {
      "d" : "1756433580289617038",
      "t" : 1756433580289,
      "tn" : 1756433580289617038,
      "q" : "20",
      "p" : "0.09261",
      "s" : "sell",
      "i" : "GRT_USD",
      "m" : "4611686018430717444"
    }, {
      "d" : "1756433125558421067",
      "t" : 1756433125558,
      "tn" : 1756433125558421067,
      "q" : "1000",
      "p" : "0.09256",
      "s" : "sell",
      "i" : "GRT_USD",
      "m" : "4611686018430717443"
    }, {
      "d" : "1756431795688399954",
      "t" : 1756431795688,
      "tn" : 1756431795688399954,
      "q" : "84",
      "p" : "0.09238",
      "s" : "sell",
      "i" : "GRT_USD",
      "m" : "4611686018430717442"
    }, {
      "d" : "1756431622341363338",
      "t" : 1756431622341,
      "tn" : 1756431622341363338,
      "q" : "1",
      "p" : "0.09242",
      "s" : "buy",
      "i" : "GRT_USD",
      "m" : "4611686018430717441"
    }, {
      "d" : "1756431355753013728",
      "t" : 1756431355753,
      "tn" : 1756431355753013728,
      "q" : "940",
      "p" : "0.09258",
      "s" : "sell",
      "i" : "GRT_USD",
      "m" : "4611686018430717440"
    }, {
      "d" : "1756431177849369380",
      "t" : 1756431177849,
      "tn" : 1756431177849369380,
      "q" : "220",
      "p" : "0.09206",
      "s" : "buy",
      "i" : "GRT_USD",
      "m" : "4611686018430717439"
    }, {
      "d" : "1756430983353478981",
      "t" : 1756430983353,
      "tn" : 1756430983353478981,
      "q" : "2801",
      "p" : "0.09236",
      "s" : "sell",
      "i" : "GRT_USD",
      "m" : "4611686018430717438"
    }, {
      "d" : "1756430427275900085",
      "t" : 1756430427275,
      "tn" : 1756430427275900085,
      "q" : "23",
      "p" : "0.09254",
      "s" : "sell",
      "i" : "GRT_USD",
      "m" : "4611686018430717437"
    }, {
      "d" : "1756430421399335632",
      "t" : 1756430421399,
      "tn" : 1756430421399335632,
      "q" : "432",
      "p" : "0.09230",
      "s" : "sell",
      "i" : "GRT_USD",
      "m" : "4611686018430717436"
    }, {
      "d" : "1756430387611421277",
      "t" : 1756430387611,
      "tn" : 1756430387611421277,
      "q" : "433",
      "p" : "0.09216",
      "s" : "buy",
      "i" : "GRT_USD",
      "m" : "4611686018430717435"
    }, {
      "d" : "1756430366745137020",
      "t" : 1756430366745,
      "tn" : 1756430366745137020,
      "q" : "1252",
      "p" : "0.09240",
      "s" : "sell",
      "i" : "GRT_USD",
      "m" : "4611686018430717434"
    }, {
      "d" : "1756430316336169408",
      "t" : 1756430316336,
      "tn" : 1756430316336169408,
      "q" : "58",
      "p" : "0.09266",
      "s" : "sell",
      "i" : "GRT_USD",
      "m" : "4611686018430717433"
    }, {
      "d" : "1756430201306857631",
      "t" : 1756430201306,
      "tn" : 1756430201306857631,
      "q" : "1203",
      "p" : "0.09296",
      "s" : "sell",
      "i" : "GRT_USD",
      "m" : "4611686018430717432"
    }, {
      "d" : "1756429709793541922",
      "t" : 1756429709793,
      "tn" : 1756429709793541922,
      "q" : "242",
      "p" : "0.09250",
      "s" : "buy",
      "i" : "GRT_USD",
      "m" : "4611686018430717431"
    }, {
      "d" : "1756429704332776850",
      "t" : 1756429704332,
      "tn" : 1756429704332776850,
      "q" : "1101",
      "p" : "0.09284",
      "s" : "sell",
      "i" : "GRT_USD",
      "m" : "4611686018430717430"
    }, {
      "d" : "1756429699973198744",
      "t" : 1756429699973,
      "tn" : 1756429699973198744,
      "q" : "243",
      "p" : "0.09317",
      "s" : "sell",
      "i" : "GRT_USD",
      "m" : "4611686018430717429"
    }, {
      "d" : "1756429655190975423",
      "t" : 1756429655190,
      "tn" : 1756429655190975423,
      "q" : "2721",
      "p" : "0.09287",
      "s" : "buy",
      "i" : "GRT_USD",
      "m" : "4611686018430717428"
    }, {
      "d" : "1756429480433816237",
      "t" : 1756429480433,
      "tn" : 1756429480433816237,
      "q" : "23",
      "p" : "0.09323",
      "s" : "sell",
      "i" : "GRT_USD",
      "m" : "4611686018430717427"
    }, {
      "d" : "1756429388005985322",
      "t" : 1756429388005,
      "tn" : 1756429388005985322,
      "q" : "148",
      "p" : "0.09356",
      "s" : "sell",
      "i" : "GRT_USD",
      "m" : "4611686018430717426"
    }, {
      "d" : "1756429384730094276",
      "t" : 1756429384730,
      "tn" : 1756429384730094276,
      "q" : "28",
      "p" : "0.09361",
      "s" : "sell",
      "i" : "GRT_USD",
      "m" : "4611686018430717425"
    } ]
  }
}