{
  "id" : -1,
  "method" : "public/get-trades",
  "code" : 0,
  "result" : {
    "data" : [ {
      "d" : "1756461169022838429",
      "t" : 1756461169022,
      "tn" : 1756461169022838429,
      "q" : "1",
      "p" : "0.08823",
      "s" : "buy",
      "i" : "GRTUSD-PERP",
      "m" : "4611686018430286828"
    }, {
      "d" : "1756461158393660622",
      "t" : 1756461158393,
      "tn" : 1756461158393660622,
      "q" : "1",
      "p" : "0.08824",
      "s" : "buy",
      "i" : "GRTUSD-PERP",
      "m" : "4611686018430286827"
    }, {
      "d" : "1756460759848857505",
      "t" : 1756460759848,
      "tn" : 1756460759848857505,
      "q" : "1",
      "p" : "0.08830",
      "s" : "buy",
      "i" : "GRTUSD-PERP",
      "m" : "4611686018430286826"
    }, {
      "d" : "1756460759848855892",
      "t" : 1756460759848,
      "tn" : 1756460759848855892,
      "q" : "1",
      "p" : "0.08825",
      "s" : "buy",
      "i" : "GRTUSD-PERP",
      "m" : "4611686018430286825"
    }, {
      "d" : "1756460597248586549",
      "t" : 1756460597248,
      "tn" : 1756460597248586549,
      "q" : "1",
      "p" : "0.08815",
      "s" : "buy",
      "i" : "GRTUSD-PERP",
      "m" : "4611686018430286824"
    }, {
      "d" : "1756460597248584226",
      "t" : 1756460597248,
      "tn" : 1756460597248584226,
      "q" : "1",
      "p" : "0.08811",
      "s" : "buy",
      "i" : "GRTUSD-PERP",
      "m" : "4611686018430286823"
    }, {
      "d" : "1756460190508616131",
      "t" : 1756460190508,
      "tn" : 1756460190508616131,
      "q" : "1",
      "p" : "0.08812",
      "s" : "buy",
      "i" : "GRTUSD-PERP",
      "m" : "4611686018430286822"
    }, {
      "d" : "1756460190508614126",
      "t" : 1756460190508,
      "tn" : 1756460190508614126,
      "q" : "1",
      "p" : "0.08804",
      "s" : "buy",
      "i" : "GRTUSD-PERP",
      "m" : "4611686018430286821"
    }, {
      "d" : "1756460074011383927",
      "t" : 1756460074011,
      "tn" : 1756460074011383927,
      "q" : "1",
      "p" : "0.08793",
      "s" : "buy",
      "i" : "GRTUSD-PERP",
      "m" : "4611686018430286820"
    }, {
      "d" : "1756460065963010328",
      "t" : 1756460065963,
      "tn" : 1756460065963010328,
      "q" : "1",
      "p" : "0.08793",
      "s" : "buy",
      "i" : "GRTUSD-PERP",
      "m" : "4611686018430286819"
    }, {
      "d" : "1756459733515636109",
      "t" : 1756459733515,
      "tn" : 1756459733515636109,
      "q" : "1",
      "p" : "0.08812",
      "s" : "buy",
      "i" : "GRTUSD-PERP",
      "m" : "4611686018430286818"
    }, {
      "d" : "1756459719221205957",
      "t" : 1756459719221,
      "tn" : 1756459719221205957,
      "q" : "1",
      "p" : "0.08813",
      "s" : "buy",
      "i" : "GRTUSD-PERP",
      "m" : "4611686018430286817"
    }, {
      "d" : "1756459587046183039",
      "t" : 1756459587046,
      "tn" : 1756459587046183039,
      "q" : "1",
      "p" : "0.08828",
      "s" : "buy",
      "i" : "GRTUSD-PERP",
      "m" : "4611686018430286816"
    }, {
      "d" : "1756459587046180517",
      "t" : 1756459587046,
      "tn" : 1756459587046180517,
      "q" : "1",
      "p" : "0.08824",
      "s" : "buy",
      "i" : "GRTUSD-PERP",
      "m" : "4611686018430286815"
    }, {
      "d" : "1756458353368226473",
      "t" : 1756458353368,
      "tn" : 1756458353368226473,
      "q" : "1",
      "p" : "0.08743",
      "s" : "buy",
      "i" : "GRTUSD-PERP",
      "m" : "4611686018430286814"
    }, {
      "d" : "1756458353368224228",
      "t" : 1756458353368,
      "tn" : 1756458353368224228,
      "q" : "1",
      "p" : "0.08739",
      "s" : "buy",
      "i" : "GRTUSD-PERP",
      "m" : "4611686018430286813"
    }, {
      "d" : "1756458037666210278",
      "t" : 1756458037666,
      "tn" : 1756458037666210278,
      "q" : "1",
      "p" : "0.08781",
      "s" : "buy",
      "i" : "GRTUSD-PERP",
      "m" : "4611686018430286812"
    }, {
      "d" : "1756458034508258249",
      "t" : 1756458034508,
      "tn" : 1756458034508258249,
      "q" : "1",
      "p" : "0.08784",
      "s" : "buy",
      "i" : "GRTUSD-PERP",
      "m" : "4611686018430286811"
    }, {
      "d" : "1756458027153674822",
      "t" : 1756458027153,
      "tn" : 1756458027153674822,
      "q" : "1",
      "p" : "0.08785",
      "s" : "buy",
      "i" : "GRTUSD-PERP",
      "m" : "4611686018430286810"
    }, {
      "d" : "1756458011768739903",
      "t" : 1756458011768,
      "tn" : 1756458011768739903,
      "q" : "1",
      "p" : "0.08791",
      "s" : "buy",
      "i" : "GRTUSD-PERP",
      "m" : "4611686018430286809"
    }, {
      "d" : "1756458011768737665",
      "t" : 1756458011768,
      "tn" : 1756458011768737665,
      "q" : "1",
      "p" : "0.08787",
      "s" : "buy",
      "i" : "GRTUSD-PERP",
      "m" : "4611686018430286808"
    }, {
      "d" : "1756457894108637809",
      "t" : 1756457894108,
      "tn" : 1756457894108637809,
      "q" : "1",
      "p" : "0.08789",
      "s" : "buy",
      "i" : "GRTUSD-PERP",
      "m" : "4611686018430286807"
    }, {
      "d" : "1756457894108635199",
      "t" : 1756457894108,
      "tn" : 1756457894108635199,
      "q" : "1",
      "p" : "0.08785",
      "s" : "buy",
      "i" : "GRTUSD-PERP",
      "m" : "4611686018430286806"
    }, {
      "d" : "1756457615228003301",
      "t" : 1756457615228,
      "tn" : 1756457615228003301,
      "q" : "1",
      "p" : "0.08802",
      "s" : "buy",
      "i" : "GRTUSD-PERP",
      "m" : "4611686018430286805"
    }, {
      "d" : "1756457615228001241",
      "t" : 1756457615228,
      "tn" : 1756457615228001241,
      "q" : "1",
      "p" : "0.08795",
      "s" : "buy",
      "i" : "GRTUSD-PERP",
      "m" : "4611686018430286804"
    }, {
      "d" : "1756457286779477250",
      "t" : 1756457286779,
      "tn" : 1756457286779477250,
      "q" : "1",
      "p" : "0.08804",
      "s" : "buy",
      "i" : "GRTUSD-PERP",
      "m" : "4611686018430286803"
    }, {
      "d" : "1756456894942762624",
      "t" : 1756456894942,
      "tn" : 1756456894942762624,
      "q" : "1",
      "p" : "0.08818",
      "s" : "buy",
      "i" : "GRTUSD-PERP",
      "m" : "4611686018430286802"
    }, {
      "d" : "1756456335132821801",
      "t" : 1756456335132,
      "tn" : 1756456335132821801,
      "q" : "1",
      "p" : "0.08865",
      "s" : "buy",
      "i" : "GRTUSD-PERP",
      "m" : "4611686018430286801"
    }, {
      "d" : "1756456335088341527",
      "t" : 1756456335088,
      "tn" : 1756456335088341527,
      "q" : "1",
      "p" : "0.08859",
      "s" : "buy",
      "i" : "GRTUSD-PERP",
      "m" : "4611686018430286800"
    }, {
      "d" : "1756455855045393210",
      "t" : 1756455855045,
      "tn" : 1756455855045393210,
      "q" : "1",
      "p" : "0.08843",
      "s" : "buy",
      "i" : "GRTUSD-PERP",
      "m" : "4611686018430286799"
    }, {
      "d" : "1756455473948711035",
      "t" : 1756455473948,
      "tn" : 1756455473948711035,
      "q" : "1",
      "p" : "0.08852",
      "s" : "buy",
      "i" : "GRTUSD-PERP",
      "m" : "4611686018430286798"
    }, {
      "d" : "1756455277724168209",
      "t" : 1756455277724,
      "tn" : 1756455277724168209,
      "q" : "1",
      "p" : "0.08839",
      "s" : "buy",
      "i" : "GRTUSD-PERP",
      "m" : "4611686018430286797"
    }, {
      "d" : "1756455122888163594",
      "t" : 1756455122888,
      "tn" : 1756455122888163594,
      "q" : "1",
      "p" : "0.08853",
      "s" : "buy",
      "i" : "GRTUSD-PERP",
      "m" : "4611686018430286796"
    }, {
      "d" : "1756455122888160158",
      "t" : 1756455122888,
      "tn" : 1756455122888160158,
      "q" : "1",
      "p" : "0.08849",
      "s" : "buy",
      "i" : "GRTUSD-PERP",
      "m" : "4611686018430286795"
    }, {
      "d" : "1756454777608204021",
      "t" : 1756454777608,
      "tn" : 1756454777608204021,
      "q" : "1",
      "p" : "0.08895",
      "s" : "buy",
      "i" : "GRTUSD-PERP",
      "m" : "4611686018430286794"
    }, {
      "d" : "1756454777608201851",
      "t" : 1756454777608,
      "tn" : 1756454777608201851,
      "q" : "1",
      "p" : "0.08891",
      "s" : "buy",
      "i" : "GRTUSD-PERP",
      "m" : "4611686018430286793"
    }, {
      "d" : "1756454430988892995",
      "t" : 1756454430988,
      "tn" : 1756454430988892995,
      "q" : "1",
      "p" : "0.08899",
      "s" : "buy",
      "i" : "GRTUSD-PERP",
      "m" : "4611686018430286792"
    }, {
      "d" : "1756454430988890950",
      "t" : 1756454430988,
      "tn" : 1756454430988890950,
      "q" : "1",
      "p" : "0.08895",
      "s" : "buy",
      "i" : "GRTUSD-PERP",
      "m" : "4611686018430286791"
    }, {
      "d" : "1756454119388232224",
      "t" : 1756454119388,
      "tn" : 1756454119388232224,
      "q" : "1",
      "p" : "0.08928",
      "s" : "buy",
      "i" : "GRTUSD-PERP",
      "m" : "4611686018430286790"
    }, {
      "d" : "1756452631768526484",
      "t" : 1756452631768,
      "tn" : 1756452631768526484,
      "q" : "1",
      "p" : "0.08934",
      "s" : "buy",
      "i" : "GRTUSD-PERP",
      "m" : "4611686018430286789"
    }, {
      "d" : "1756452617668296686",
      "t" : 1756452617668,
      "tn" : 1756452617668296686,
      "q" : "1",
      "p" : "0.08941",
      "s" : "buy",
      "i" : "GRTUSD-PERP",
      "m" : "4611686018430286788"
    }, {
      "d" : "1756452617668294705",
      "t" : 1756452617668,
      "tn" : 1756452617668294705,
      "q" : "1",
      "p" : "0.08937",
      "s" : "buy",
      "i" : "GRTUSD-PERP",
      "m" : "4611686018430286787"
    }, {
      "d" : "1756452023568629812",
      "t" : 1756452023568,
      "tn" : 1756452023568629812,
      "q" : "1",
      "p" : "0.08960",
      "s" : "buy",
      "i" : "GRTUSD-PERP",
      "m" : "4611686018430286786"
    }, {
      "d" : "1756451994578271719",
      "t" : 1756451994578,
      "tn" : 1756451994578271719,
      "q" : "1",
      "p" : "0.08951",
      "s" : "buy",
      "i" : "GRTUSD-PERP",
      "m" : "4611686018430286785"
    }, {
      "d" : "1756451994488938103",
      "t" : 1756451994488,
      "tn" : 1756451994488938103,
      "q" : "1",
      "p" : "0.08951",
      "s" : "buy",
      "i" : "GRTUSD-PERP",
      "m" : "4611686018430286784"
    }, {
      "d" : "1756451994488936154",
      "t" : 1756451994488,
      "tn" : 1756451994488936154,
      "q" : "1",
      "p" : "0.08943",
      "s" : "buy",
      "i" : "GRTUSD-PERP",
      "m" : "4611686018430286783"
    }, {
      "d" : "1756451392282588266",
      "t" : 1756451392282,
      "tn" : 1756451392282588266,
      "q" : "1",
      "p" : "0.08971",
      "s" : "buy",
      "i" : "GRTUSD-PERP",
      "m" : "4611686018430286782"
    }, {
      "d" : "1756451392159891324",
      "t" : 1756451392159,
      "tn" : 1756451392159891324,
      "q" : "12936",
      "p" : "0.08979",
      "s" : "sell",
      "i" : "GRTUSD-PERP",
      "m" : "4611686018430286781"
    }, {
      "d" : "1756451392159889176",
      "t" : 1756451392159,
      "tn" : 1756451392159889176,
      "q" : "1",
      "p" : "0.08981",
      "s" : "sell",
      "i" : "GRTUSD-PERP",
      "m" : "4611686018430286780"
    }, {
      "d" : "1756451392159885817",
      "t" : 1756451392159,
      "tn" : 1756451392159885817,
      "q" : "1",
      "p" : "0.08984",
      "s" : "sell",
      "i" : "GRTUSD-PERP",
      "m" : "4611686018430286779"
    }, {
      "d" : "1756448182508594644",
      "t" : 1756448182508,
      "tn" : 1756448182508594644,
      "q" : "1",
      "p" : "0.09102",
      "s" : "buy",
      "i" : "GRTUSD-PERP",
      "m" : "4611686018430286778"
    }, {
      "d" : "1756446467144633904",
      "t" : 1756446467144,
      "tn" : 1756446467144633904,
      "q" : "1",
      "p" : "0.09195",
      "s" : "buy",
      "i" : "GRTUSD-PERP",
      "m" : "4611686018430286777"
    }, {
      "d" : "1756446467068399766",
      "t" : 1756446467068,
      "tn" : 1756446467068399766,
      "q" : "1",
      "p" : "0.09195",
      "s" : "buy",
      "i" : "GRTUSD-PERP",
      "m" : "4611686018430286776"
    }, {
      "d" : "1756446467068397398",
      "t" : 1756446467068,
      "tn" : 1756446467068397398,
      "q" : "1",
      "p" : "0.09189",
      "s" : "buy",
      "i" : "GRTUSD-PERP",
      "m" : "4611686018430286775"
    }, {
      "d" : "1756446142048096135",
      "t" : 1756446142048,
      "tn" : 1756446142048096135,
      "q" : "1",
      "p" : "0.09174",
      "s" : "buy",
      "i" : "GRTUSD-PERP",
      "m" : "4611686018430286774"
    }, {
      "d" : "1756446142048093726",
      "t" : 1756446142048,
      "tn" : 1756446142048093726,
      "q" : "1",
      "p" : "0.09168",
      "s" : "buy",
      "i" : "GRTUSD-PERP",
      "m" : "4611686018430286773"
    }, {
      "d" : "1756445595308351176",
      "t" : 1756445595308,
      "tn" : 1756445595308351176,
      "q" : "1",
      "p" : "0.09159",
      "s" : "buy",
      "i" : "GRTUSD-PERP",
      "m" : "4611686018430286772"
    }, {
      "d" : "1756439436688092513",
      "t" : 1756439436688,
      "tn" : 1756439436688092513,
      "q" : "1",
      "p" : "0.09212",
      "s" : "buy",
      "i" : "GRTUSD-PERP",
      "m" : "4611686018430286771"
    }, {
      "d" : "1756438685268088133",
      "t" : 1756438685268,
      "tn" : 1756438685268088133,
      "q" : "1",
      "p" : "0.09204",
      "s" : "buy",
      "i" : "GRTUSD-PERP",
      "m" : "4611686018430286770"
    }, {
      "d" : "1756438677148115269",
      "t" : 1756438677148,
      "tn" : 1756438677148115269,
      "q" : "1",
      "p" : "0.09203",
      "s" : "buy",
      "i" : "GRTUSD-PERP",
      "m" : "4611686018430286769"
    }, {
      "d" : "1756438677148113215",
      "t" : 1756438677148,
      "tn" : 1756438677148113215,
      "q" : "1",
      "p" : "0.09195",
      "s" : "buy",
      "i" : "GRTUSD-PERP",
      "m" : "4611686018430286768"
    }, {
      "d" : "1756438570174956357",
      "t" : 1756438570174,
      "tn" : 1756438570174956357,
      "q" : "22",
      "p" : "0.09189",
      "s" : "sell",
      "i" : "GRTUSD-PERP",
      "m" : "4611686018430286767"
    }, {
      "d" : "1756438570174954224",
      "t" : 1756438570174,
      "tn" : 1756438570174954223,
      "q" : "1",
      "p" : "0.09199",
      "s" : "sell",
      "i" : "GRTUSD-PERP",
      "m" : "4611686018430286766"
    }, {
      "d" : "1756438570174954223",
      "t" : 1756438570174,
      "tn" : 1756438570174954223,
      "q" : "1",
      "p" : "0.09199",
      "s" : "sell",
      "i" : "GRTUSD-PERP",
      "m" : "4611686018430286766"
    }, {
      "d" : "1756438366468102806",
      "t" : 1756438366468,
      "tn" : 1756438366468102806,
      "q" : "1",
      "p" : "0.09215",
      "s" : "buy",
      "i" : "GRTUSD-PERP",
      "m" : "4611686018430286765"
    }, {
      "d" : "1756438140268262541",
      "t" : 1756438140268,
      "tn" : 1756438140268262541,
      "q" : "16224",
      "p" : "0.09243",
      "s" : "sell",
      "i" : "GRTUSD-PERP",
      "m" : "4611686018430286764"
    }, {
      "d" : "1756438140268260434",
      "t" : 1756438140268,
      "tn" : 1756438140268260433,
      "q" : "1",
      "p" : "0.09252",
      "s" : "sell",
      "i" : "GRTUSD-PERP",
      "m" : "4611686018430286763"
    }, {
      "d" : "1756438140268260433",
      "t" : 1756438140268,
      "tn" : 1756438140268260433,
      "q" : "1",
      "p" : "0.09252",
      "s" : "sell",
      "i" : "GRTUSD-PERP",
      "m" : "4611686018430286763"
    }, {
      "d" : "1756437495168273609",
      "t" : 1756437495168,
      "tn" : 1756437495168273609,
      "q" : "1",
      "p" : "0.09242",
      "s" : "buy",
      "i" : "GRTUSD-PERP",
      "m" : "4611686018430286762"
    }, {
      "d" : "1756436892948416918",
      "t" : 1756436892948,
      "tn" : 1756436892948416918,
      "q" : "1",
      "p" : "0.09264",
      "s" : "buy",
      "i" : "GRTUSD-PERP",
      "m" : "4611686018430286761"
    }, {
      "d" : "1756433659688066195",
      "t" : 1756433659688,
      "tn" : 1756433659688066195,
      "q" : "1",
      "p" : "0.09266",
      "s" : "buy",
      "i" : "GRTUSD-PERP",
      "m" : "4611686018430286760"
    }, {
      "d" : "1756433659688063550",
      "t" : 1756433659688,
      "tn" : 1756433659688063550,
      "q" : "1",
      "p" : "0.09262",
      "s" : "buy",
      "i" : "GRTUSD-PERP",
      "m" : "4611686018430286759"
    }, {
      "d" : "1756433635729004876",
      "t" : 1756433635729,
      "tn" : 1756433635729004876,
      "q" : "1",
      "p" : "0.09254",
      "s" : "buy",
      "i" : "GRTUSD-PERP",
      "m" : "4611686018430286758"
    }, {
      "d" : "1756433635729002961",
      "t" : 1756433635729,
      "tn" : 1756433635729002961,
      "q" : "1",
      "p" : "0.09251",
      "s" : "buy",
      "i" : "GRTUSD-PERP",
      "m" : "4611686018430286757"
    }, {
      "d" : "1756433611168475158",
      "t" : 1756433611168,
      "tn" : 1756433611168475158,
      "q" : "1",
      "p" : "0.09244",
      "s" : "buy",
      "i" : "GRTUSD-PERP",
      "m" : "4611686018430286756"
    }, {
      "d" : "1756433062968042258",
      "t" : 1756433062968,
      "tn" : 1756433062968042258,
      "q" : "1",
      "p" : "0.09223",
      "s" : "buy",
      "i" : "GRTUSD-PERP",
      "m" : "4611686018430286755"
    }, {
      "d" : "1756433062968040338",
      "t" : 1756433062968,
      "tn" : 1756433062968040338,
      "q" : "1",
      "p" : "0.09216",
      "s" : "buy",
      "i" : "GRTUSD-PERP",
      "m" : "4611686018430286754"
    }, {
      "d" : "1756431689067992358",
      "t" : 1756431689067,
      "tn" : 1756431689067992358,
      "q" : "1",
      "p" : "0.09242",
      "s" : "buy",
      "i" : "GRTUSD-PERP",
      "m" : "4611686018430286753"
    }, {
      "d" : "1756431689067990418",
      "t" : 1756431689067,
      "tn" : 1756431689067990418,
      "q" : "1",
      "p" : "0.09236",
      "s" : "buy",
      "i" : "GRTUSD-PERP",
      "m" : "4611686018430286752"
    }, {
      "d" : "1756431079122202371",
      "t" : 1756431079122,
      "tn" : 1756431079122202371,
      "q" : "1",
      "p" : "0.09223",
      "s" : "buy",
      "i" : "GRTUSD-PERP",
      "m" : "4611686018430286751"
    }, {
      "d" : "1756430767418987277",
      "t" : 1756430767418,
      "tn" : 1756430767418987277,
      "q" : "1",
      "p" : "0.09241",
      "s" : "buy",
      "i" : "GRTUSD-PERP",
      "m" : "4611686018430286750"
    }, {
      "d" : "1756430767418985591",
      "t" : 1756430767418,
      "tn" : 1756430767418985591,
      "q" : "1",
      "p" : "0.09238",
      "s" : "buy",
      "i" : "GRTUSD-PERP",
      "m" : "4611686018430286749"
    }, {
      "d" : "1756430767308626154",
      "t" : 1756430767308,
      "tn" : 1756430767308626154,
      "q" : "1",
      "p" : "0.09241",
      "s" : "buy",
      "i" : "GRTUSD-PERP",
      "m" : "4611686018430286748"
    }, {
      "d" : "1756430767308624004",
      "t" : 1756430767308,
      "tn" : 1756430767308624004,
      "q" : "1",
      "p" : "0.09234",
      "s" : "buy",
      "i" : "GRTUSD-PERP",
      "m" : "4611686018430286747"
    }, {
      "d" : "1756430712388131786",
      "t" : 1756430712388,
      "tn" : 1756430712388131786,
      "q" : "1",
      "p" : "0.09232",
      "s" : "buy",
      "i" : "GRTUSD-PERP",
      "m" : "4611686018430286746"
    }, {
      "d" : "1756430712388128497",
      "t" : 1756430712388,
      "tn" : 1756430712388128497,
      "q" : "1",
      "p" : "0.09227",
      "s" : "buy",
      "i" : "GRTUSD-PERP",
      "m" : "4611686018430286745"
    }, {
      "d" : "1756429574388112330",
      "t" : 1756429574388,
      "tn" : 1756429574388112330,
      "q" : "1",
      "p" : "0.09299",
      "s" : "buy",
      "i" : "GRTUSD-PERP",
      "m" : "4611686018430286744"
    }, {
      "d" : "1756429574388109865",
      "t" : 1756429574388,
      "tn" : 1756429574388109865,
      "q" : "1",
      "p" : "0.09295",
      "s" : "buy",
      "i" : "GRTUSD-PERP",
      "m" : "4611686018430286743"
    }, {
      "d" : "1756428613727861892",
      "t" : 1756428613727,
      "tn" : 1756428613727861892,
      "q" : "1",
      "p" : "0.09315",
      "s" : "buy",
      "i" : "GRTUSD-PERP",
      "m" : "4611686018430286742"
    }, {
      "d" : "1756428414928291239",
      "t" : 1756428414928,
      "tn" : 1756428414928291239,
      "q" : "1",
      "p" : "0.09309",
      "s" : "buy",
      "i" : "GRTUSD-PERP",
      "m" : "4611686018430286741"
    }, {
      "d" : "1756427828068420523",
      "t" : 1756427828068,
      "tn" : 1756427828068420523,
      "q" : "1",
      "p" : "0.09313",
      "s" : "buy",
      "i" : "GRTUSD-PERP",
      "m" : "4611686018430286740"
    }, {
      "d" : "1756427198148157761",
      "t" : 1756427198148,
      "tn" : 1756427198148157761,
      "q" : "1",
      "p" : "0.09326",
      "s" : "buy",
      "i" : "GRTUSD-PERP",
      "m" : "4611686018430286739"
    }, {
      "d" : "1756427198148154966",
      "t" : 1756427198148,
      "tn" : 1756427198148154966,
      "q" : "1",
      "p" : "0.09323",
      "s" : "buy",
      "i" : "GRTUSD-PERP",
      "m" : "4611686018430286738"
    }, {
      "d" : "1756425304128730991",
      "t" : 1756425304128,
      "tn" : 1756425304128730991,
      "q" : "1",
      "p" : "0.09354",
      "s" : "buy",
      "i" : "GRTUSD-PERP",
      "m" : "4611686018430286737"
    }, {
      "d" : "1756425299127743686",
      "t" : 1756425299127,
      "tn" : 1756425299127743686,
      "q" : "1",
      "p" : "0.09352",
      "s" : "sell",
      "i" : "GRTUSD-PERP",
      "m" : "4611686018430286736"
    }, {
      "d" : "1756425270665388635",
      "t" : 1756425270665,
      "tn" : 1756425270665388635,
      "q" : "1",
      "p" : "0.09349",
      "s" : "sell",
      "i" : "GRTUSD-PERP",
      "m" : "4611686018430286735"
    }, {
      "d" : "1756425232407877462",
      "t" : 1756425232407,
      "tn" : 1756425232407877462,
      "q" : "1",
      "p" : "0.09351",
      "s" : "buy",
      "i" : "GRTUSD-PERP",
      "m" : "4611686018430286734"
    }, {
      "d" : "1756425232407875688",
      "t" : 1756425232407,
      "tn" : 1756425232407875688,
      "q" : "1",
      "p" : "0.09347",
      "s" : "buy",
      "i" : "GRTUSD-PERP",
      "m" : "4611686018430286733"
    }, {
      "d" : "1756424626848264465",
      "t" : 1756424626848,
      "tn" : 1756424626848264465,
      "q" : "1",
      "p" : "0.09315",
      "s" : "buy",
      "i" : "GRTUSD-PERP",
      "m" : "4611686018430286732"
    }, {
      "d" : "1756424626848262281",
      "t" : 1756424626848,
      "tn" : 1756424626848262281,
      "q" : "1",
      "p" : "0.09310",
      "s" : "buy",
      "i" : "GRTUSD-PERP",
      "m" : "4611686018430286731"
    }, {
      "d" : "1756424079188461104",
      "t" : 1756424079188,
      "tn" : 1756424079188461104,
      "q" : "1",
      "p" : "0.09291",
      "s" : "buy",
      "i" : "GRTUSD-PERP",
      "m" : "4611686018430286730"
    }, {
      "d" : "1756423020659764451",
      "t" : 1756423020659,
      "tn" : 1756423020659764451,
      "q" : "1",
      "p" : "0.09301",
      "s" : "sell",
      "i" : "GRTUSD-PERP",
      "m" : "4611686018430286729"
    }, {
      "d" : "1756422978965426293",
      "t" : 1756422978965,
      "tn" : 1756422978965426293,
      "q" : "1",
      "p" : "0.09302",
      "s" : "sell",
      "i" : "GRTUSD-PERP",
      "m" : "4611686018430286728"
    }, {
      "d" : "1756422424483291516",
      "t" : 1756422424483,
      "tn" : 1756422424483291516,
      "q" : "1",
      "p" : "0.09309",
      "s" : "sell",
      "i" : "GRTUSD-PERP",
      "m" : "4611686018430286727"
    }, {
      "d" : "1756422277317087247",
      "t" : 1756422277317,
      "tn" : 1756422277317087247,
      "q" : "1",
      "p" : "0.09309",
      "s" : "sell",
      "i" : "GRTUSD-PERP",
      "m" : "4611686018430286726"
    }, {
      "d" : "1756421506088316365",
      "t" : 1756421506088,
      "tn" : 1756421506088316365,
      "q" : "1",
      "p" : "0.09305",
      "s" : "buy",
      "i" : "GRTUSD-PERP",
      "m" : "4611686018430286725"
    }, {
      "d" : "1756421484850619825",
      "t" : 1756421484850,
      "tn" : 1756421484850619825,
      "q" : "1",
      "p" : "0.09299",
      "s" : "sell",
      "i" : "GRTUSD-PERP",
      "m" : "4611686018430286724"
    }, {
      "d" : "1756421261308477915",
      "t" : 1756421261308,
      "tn" : 1756421261308477915,
      "q" : "1",
      "p" : "0.09311",
      "s" : "buy",
      "i" : "GRTUSD-PERP",
      "m" : "4611686018430286723"
    }, {
      "d" : "1756421261308475525",
      "t" : 1756421261308,
      "tn" : 1756421261308475525,
      "q" : "1",
      "p" : "0.09304",
      "s" : "buy",
      "i" : "GRTUSD-PERP",
      "m" : "4611686018430286722"
    }, {
      "d" : "1756420711987387098",
      "t" : 1756420711987,
      "tn" : 1756420711987387098,
      "q" : "1",
      "p" : "0.09307",
      "s" : "sell",
      "i" : "GRTUSD-PERP",
      "m" : "4611686018430286721"
    }, {
      "d" : "1756420304099792312",
      "t" : 1756420304099,
      "tn" : 1756420304099792312,
      "q" : "1",
      "p" : "0.09319",
      "s" : "sell",
      "i" : "GRTUSD-PERP",
      "m" : "4611686018430286720"
    }, {
      "d" : "1756419902030118246",
      "t" : 1756419902030,
      "tn" : 1756419902030118246,
      "q" : "1",
      "p" : "0.09310",
      "s" : "buy",
      "i" : "GRTUSD-PERP",
      "m" : "4611686018430286719"
    }, {
      "d" : "1756419902030116687",
      "t" : 1756419902030,
      "tn" : 1756419902030116687,
      "q" : "1",
      "p" : "0.09303",
      "s" : "buy",
      "i" : "GRTUSD-PERP",
      "m" : "4611686018430286718"
    }, {
      "d" : "1756419763646294849",
      "t" : 1756419763646,
      "tn" : 1756419763646294849,
      "q" : "1",
      "p" : "0.09296",
      "s" : "sell",
      "i" : "GRTUSD-PERP",
      "m" : "4611686018430286717"
    }, {
      "d" : "1756419486888326372",
      "t" : 1756419486888,
      "tn" : 1756419486888326372,
      "q" : "1",
      "p" : "0.09286",
      "s" : "buy",
      "i" : "GRTUSD-PERP",
      "m" : "4611686018430286716"
    }, {
      "d" : "1756419486888324016",
      "t" : 1756419486888,
      "tn" : 1756419486888324016,
      "q" : "1",
      "p" : "0.09282",
      "s" : "buy",
      "i" : "GRTUSD-PERP",
      "m" : "4611686018430286715"
    }, {
      "d" : "1756419481910164677",
      "t" : 1756419481910,
      "tn" : 1756419481910164677,
      "q" : "1",
      "p" : "0.09286",
      "s" : "sell",
      "i" : "GRTUSD-PERP",
      "m" : "4611686018430286714"
    }, {
      "d" : "1756419365488032076",
      "t" : 1756419365488,
      "tn" : 1756419365488032076,
      "q" : "1",
      "p" : "0.09275",
      "s" : "buy",
      "i" : "GRTUSD-PERP",
      "m" : "4611686018430286713"
    }, {
      "d" : "1756419141865702419",
      "t" : 1756419141865,
      "tn" : 1756419141865702419,
      "q" : "1",
      "p" : "0.09249",
      "s" : "sell",
      "i" : "GRTUSD-PERP",
      "m" : "4611686018430286712"
    }, {
      "d" : "1756419131847936533",
      "t" : 1756419131847,
      "tn" : 1756419131847936533,
      "q" : "1",
      "p" : "0.09249",
      "s" : "sell",
      "i" : "GRTUSD-PERP",
      "m" : "4611686018430286711"
    }, {
      "d" : "1756419110866236795",
      "t" : 1756419110866,
      "tn" : 1756419110866236795,
      "q" : "1",
      "p" : "0.09248",
      "s" : "sell",
      "i" : "GRTUSD-PERP",
      "m" : "4611686018430286710"
    }, {
      "d" : "1756419100771454500",
      "t" : 1756419100771,
      "tn" : 1756419100771454500,
      "q" : "1",
      "p" : "0.09247",
      "s" : "sell",
      "i" : "GRTUSD-PERP",
      "m" : "4611686018430286709"
    }, {
      "d" : "1756418678287834127",
      "t" : 1756418678287,
      "tn" : 1756418678287834127,
      "q" : "1",
      "p" : "0.09236",
      "s" : "buy",
      "i" : "GRTUSD-PERP",
      "m" : "4611686018430286708"
    }, {
      "d" : "1756418678287832191",
      "t" : 1756418678287,
      "tn" : 1756418678287832191,
      "q" : "1",
      "p" : "0.09231",
      "s" : "buy",
      "i" : "GRTUSD-PERP",
      "m" : "4611686018430286707"
    }, {
      "d" : "1756418539608147546",
      "t" : 1756418539608,
      "tn" : 1756418539608147546,
      "q" : "1",
      "p" : "0.09227",
      "s" : "buy",
      "i" : "GRTUSD-PERP",
      "m" : "4611686018430286706"
    }, {
      "d" : "1756416262947808274",
      "t" : 1756416262947,
      "tn" : 1756416262947808274,
      "q" : "1",
      "p" : "0.09211",
      "s" : "buy",
      "i" : "GRTUSD-PERP",
      "m" : "4611686018430286705"
    }, {
      "d" : "1756416262947806808",
      "t" : 1756416262947,
      "tn" : 1756416262947806808,
      "q" : "1",
      "p" : "0.09204",
      "s" : "buy",
      "i" : "GRTUSD-PERP",
      "m" : "4611686018430286704"
    }, {
      "d" : "1756416216788309917",
      "t" : 1756416216788,
      "tn" : 1756416216788309917,
      "q" : "1",
      "p" : "0.09205",
      "s" : "buy",
      "i" : "GRTUSD-PERP",
      "m" : "4611686018430286703"
    }, {
      "d" : "1756416216788307890",
      "t" : 1756416216788,
      "tn" : 1756416216788307890,
      "q" : "1",
      "p" : "0.09198",
      "s" : "buy",
      "i" : "GRTUSD-PERP",
      "m" : "4611686018430286702"
    }, {
      "d" : "1756416072649134604",
      "t" : 1756416072649,
      "tn" : 1756416072649134604,
      "q" : "1",
      "p" : "0.09189",
      "s" : "sell",
      "i" : "GRTUSD-PERP",
      "m" : "4611686018430286701"
    }, {
      "d" : "1756415914048338128",
      "t" : 1756415914048,
      "tn" : 1756415914048338128,
      "q" : "1",
      "p" : "0.09188",
      "s" : "buy",
      "i" : "GRTUSD-PERP",
      "m" : "4611686018430286700"
    }, {
      "d" : "1756415914048335468",
      "t" : 1756415914048,
      "tn" : 1756415914048335468,
      "q" : "1",
      "p" : "0.09182",
      "s" : "buy",
      "i" : "GRTUSD-PERP",
      "m" : "4611686018430286699"
    }, {
      "d" : "1756414765507756674",
      "t" : 1756414765507,
      "tn" : 1756414765507756674,
      "q" : "1",
      "p" : "0.09141",
      "s" : "buy",
      "i" : "GRTUSD-PERP",
      "m" : "4611686018430286698"
    }, {
      "d" : "1756414765507754673",
      "t" : 1756414765507,
      "tn" : 1756414765507754673,
      "q" : "1",
      "p" : "0.09138",
      "s" : "buy",
      "i" : "GRTUSD-PERP",
      "m" : "4611686018430286697"
    }, {
      "d" : "1756414400619438973",
      "t" : 1756414400619,
      "tn" : 1756414400619438973,
      "q" : "1",
      "p" : "0.09153",
      "s" : "buy",
      "i" : "GRTUSD-PERP",
      "m" : "4611686018430286696"
    }, {
      "d" : "1756414400548639066",
      "t" : 1756414400548,
      "tn" : 1756414400548639066,
      "q" : "1",
      "p" : "0.09153",
      "s" : "buy",
      "i" : "GRTUSD-PERP",
      "m" : "4611686018430286695"
    }, {
      "d" : "1756414400548636705",
      "t" : 1756414400548,
      "tn" : 1756414400548636705,
      "q" : "1",
      "p" : "0.09150",
      "s" : "buy",
      "i" : "GRTUSD-PERP",
      "m" : "4611686018430286694"
    }, {
      "d" : "1756414306947795666",
      "t" : 1756414306947,
      "tn" : 1756414306947795666,
      "q" : "1",
      "p" : "0.09145",
      "s" : "buy",
      "i" : "GRTUSD-PERP",
      "m" : "4611686018430286693"
    }, {
      "d" : "1756414306947792802",
      "t" : 1756414306947,
      "tn" : 1756414306947792802,
      "q" : "1",
      "p" : "0.09141",
      "s" : "buy",
      "i" : "GRTUSD-PERP",
      "m" : "4611686018430286692"
    }, {
      "d" : "1756413820247775922",
      "t" : 1756413820247,
      "tn" : 1756413820247775922,
      "q" : "1",
      "p" : "0.09145",
      "s" : "buy",
      "i" : "GRTUSD-PERP",
      "m" : "4611686018430286691"
    }, {
      "d" : "1756413820247773678",
      "t" : 1756413820247,
      "tn" : 1756413820247773678,
      "q" : "1",
      "p" : "0.09140",
      "s" : "buy",
      "i" : "GRTUSD-PERP",
      "m" : "4611686018430286690"
    }, {
      "d" : "1756413627294259322",
      "t" : 1756413627294,
      "tn" : 1756413627294259322,
      "q" : "1",
      "p" : "0.09128",
      "s" : "sell",
      "i" : "GRTUSD-PERP",
      "m" : "4611686018430286689"
    }, {
      "d" : "1756410635070047439",
      "t" : 1756410635070,
      "tn" : 1756410635070047439,
      "q" : "1",
      "p" : "0.09100",
      "s" : "sell",
      "i" : "GRTUSD-PERP",
      "m" : "4611686018430286688"
    }, {
      "d" : "1756410635066453514",
      "t" : 1756410635066,
      "tn" : 1756410635066453514,
      "q" : "320",
      "p" : "0.09100",
      "s" : "sell",
      "i" : "GRTUSD-PERP",
      "m" : "4611686018430286687"
    }, {
      "d" : "1756409726668157907",
      "t" : 1756409726668,
      "tn" : 1756409726668157907,
      "q" : "1",
      "p" : "0.09176",
      "s" : "buy",
      "i" : "GRTUSD-PERP",
      "m" : "4611686018430286686"
    }, {
      "d" : "1756409298928022537",
      "t" : 1756409298928,
      "tn" : 1756409298928022537,
      "q" : "1",
      "p" : "0.09192",
      "s" : "buy",
      "i" : "GRTUSD-PERP",
      "m" : "4611686018430286685"
    }, {
      "d" : "1756406432895922046",
      "t" : 1756406432895,
      "tn" : 1756406432895922046,
      "q" : "1",
      "p" : "0.09207",
      "s" : "sell",
      "i" : "GRTUSD-PERP",
      "m" : "4611686018430286684"
    }, {
      "d" : "1756405723128119270",
      "t" : 1756405723128,
      "tn" : 1756405723128119270,
      "q" : "1",
      "p" : "0.09189",
      "s" : "buy",
      "i" : "GRTUSD-PERP",
      "m" : "4611686018430286683"
    }, {
      "d" : "1756405723128117180",
      "t" : 1756405723128,
      "tn" : 1756405723128117180,
      "q" : "1",
      "p" : "0.09184",
      "s" : "buy",
      "i" : "GRTUSD-PERP",
      "m" : "4611686018430286682"
    }, {
      "d" : "1756405694388174812",
      "t" : 1756405694388,
      "tn" : 1756405694388174812,
      "q" : "1",
      "p" : "0.09184",
      "s" : "buy",
      "i" : "GRTUSD-PERP",
      "m" : "4611686018430286681"
    } ]
  }
}