{
  "id" : -1,
  "method" : "public/get-trades",
  "code" : 0,
  "result" : {
    "data" : [ {
      "d" : "1756458183776244393",
      "t" : 1756458183776,
      "tn" : 1756458183776244393,
      "q" : "46.0",
      "p" : "0.3251",
      "s" : "sell",
      "i" : "GTC_USD",
      "m" : "4611686018429967567"
    }, {
      "d" : "1756458183774970207",
      "t" : 1756458183774,
      "tn" : 1756458183774970207,
      "q" : "48.0",
      "p" : "0.3251",
      "s" : "sell",
      "i" : "GTC_USD",
      "m" : "4611686018429967566"
    }, {
      "d" : "1756456930445847077",
      "t" : 1756456930445,
      "tn" : 1756456930445847077,
      "q" : "41.7",
      "p" : "0.3296",
      "s" : "buy",
      "i" : "GTC_USD",
      "m" : "4611686018429967565"
    }, {
      "d" : "1756451710030890883",
      "t" : 1756451710030,
      "tn" : 1756451710030890883,
      "q" : "6.6",
      "p" : "0.3380",
      "s" : "sell",
      "i" : "GTC_USD",
      "m" : "4611686018429967564"
    }, {
      "d" : "1756451569181725781",
      "t" : 1756451569181,
      "tn" : 1756451569181725781,
      "q" : "48.0",
      "p" : "0.3380",
      "s" : "sell",
      "i" : "GTC_USD",
      "m" : "4611686018429967563"
    }, {
      "d" : "1756451569170263021",
      "t" : 1756451569170,
      "tn" : 1756451569170263021,
      "q" : "44.0",
      "p" : "0.3380",
      "s" : "sell",
      "i" : "GTC_USD",
      "m" : "4611686018429967562"
    }, {
      "d" : "1756449655469211723",
      "t" : 1756449655469,
      "tn" : 1756449655469211723,
      "q" : "292.6",
      "p" : "0.3417",
      "s" : "buy",
      "i" : "GTC_USD",
      "m" : "4611686018429967561"
    }, {
      "d" : "1756439320149084481",
      "t" : 1756439320149,
      "tn" : 1756439320149084481,
      "q" : "14.7",
      "p" : "0.3529",
      "s" : "sell",
      "i" : "GTC_USD",
      "m" : "4611686018429967560"
    }, {
      "d" : "1756439320145218514",
      "t" : 1756439320145,
      "tn" : 1756439320145218514,
      "q" : "57.0",
      "p" : "0.3529",
      "s" : "sell",
      "i" : "GTC_USD",
      "m" : "4611686018429967559"
    }, {
      "d" : "1756439320136684741",
      "t" : 1756439320136,
      "tn" : 1756439320136684741,
      "q" : "57.0",
      "p" : "0.3529",
      "s" : "sell",
      "i" : "GTC_USD",
      "m" : "4611686018429967558"
    }, {
      "d" : "1756439320123675806",
      "t" : 1756439320123,
      "tn" : 1756439320123675806,
      "q" : "154.6",
      "p" : "0.3529",
      "s" : "buy",
      "i" : "GTC_USD",
      "m" : "4611686018429967557"
    }, {
      "d" : "1756433246219845192",
      "t" : 1756433246219,
      "tn" : 1756433246219845192,
      "q" : "282.8",
      "p" : "0.3535",
      "s" : "buy",
      "i" : "GTC_USD",
      "m" : "4611686018429967556"
    }, {
      "d" : "1756432878613741980",
      "t" : 1756432878613,
      "tn" : 1756432878613741980,
      "q" : "30.8",
      "p" : "0.3487",
      "s" : "sell",
      "i" : "GTC_USD",
      "m" : "4611686018429967555"
    }, {
      "d" : "1756432878613740032",
      "t" : 1756432878613,
      "tn" : 1756432878613740032,
      "q" : "26.6",
      "p" : "0.3504",
      "s" : "sell",
      "i" : "GTC_USD",
      "m" : "4611686018429967554"
    }, {
      "d" : "1756432878607725319",
      "t" : 1756432878607,
      "tn" : 1756432878607725319,
      "q" : "11.9",
      "p" : "0.3504",
      "s" : "sell",
      "i" : "GTC_USD",
      "m" : "4611686018429967553"
    }, {
      "d" : "1756430848404784080",
      "t" : 1756430848404,
      "tn" : 1756430848404784080,
      "q" : "114.2",
      "p" : "0.3504",
      "s" : "sell",
      "i" : "GTC_USD",
      "m" : "4611686018429967552"
    }, {
      "d" : "1756430848400552763",
      "t" : 1756430848400,
      "tn" : 1756430848400552763,
      "q" : "160.0",
      "p" : "0.3504",
      "s" : "sell",
      "i" : "GTC_USD",
      "m" : "4611686018429967551"
    }, {
      "d" : "1756430848396266464",
      "t" : 1756430848396,
      "tn" : 1756430848396266464,
      "q" : "160.0",
      "p" : "0.3504",
      "s" : "sell",
      "i" : "GTC_USD",
      "m" : "4611686018429967550"
    }, {
      "d" : "1756430486494718743",
      "t" : 1756430486494,
      "tn" : 1756430486494718743,
      "q" : "7.1",
      "p" : "0.3505",
      "s" : "sell",
      "i" : "GTC_USD",
      "m" : "4611686018429967549"
    }, {
      "d" : "1756429680470402229",
      "t" : 1756429680470,
      "tn" : 1756429680470402229,
      "q" : "279.0",
      "p" : "0.3554",
      "s" : "buy",
      "i" : "GTC_USD",
      "m" : "4611686018429967548"
    }, {
      "d" : "1756429437721203345",
      "t" : 1756429437721,
      "tn" : 1756429437721203345,
      "q" : "225.9",
      "p" : "0.3542",
      "s" : "sell",
      "i" : "GTC_USD",
      "m" : "4611686018429967547"
    }, {
      "d" : "1756429437706300857",
      "t" : 1756429437706,
      "tn" : 1756429437706300857,
      "q" : "1129.3",
      "p" : "0.3542",
      "s" : "sell",
      "i" : "GTC_USD",
      "m" : "4611686018429967546"
    }, {
      "d" : "1756429437628521880",
      "t" : 1756429437628,
      "tn" : 1756429437628521880,
      "q" : "48.8",
      "p" : "0.3542",
      "s" : "sell",
      "i" : "GTC_USD",
      "m" : "4611686018429967545"
    }, {
      "d" : "1756428421850825226",
      "t" : 1756428421850,
      "tn" : 1756428421850825226,
      "q" : "279.0",
      "p" : "0.3583",
      "s" : "buy",
      "i" : "GTC_USD",
      "m" : "4611686018429967544"
    }, {
      "d" : "1756421287167265644",
      "t" : 1756421287167,
      "tn" : 1756421287167265644,
      "q" : "36.7",
      "p" : "0.3553",
      "s" : "buy",
      "i" : "GTC_USD",
      "m" : "4611686018429967543"
    }, {
      "d" : "1756421082729224151",
      "t" : 1756421082729,
      "tn" : 1756421082729224151,
      "q" : "30.8",
      "p" : "0.3536",
      "s" : "buy",
      "i" : "GTC_USD",
      "m" : "4611686018429967542"
    }, {
      "d" : "1756420272006329928",
      "t" : 1756420272006,
      "tn" : 1756420272006329928,
      "q" : "28.6",
      "p" : "0.3536",
      "s" : "buy",
      "i" : "GTC_USD",
      "m" : "4611686018429967541"
    }, {
      "d" : "1756420271925645919",
      "t" : 1756420271925,
      "tn" : 1756420271925645919,
      "q" : "57.0",
      "p" : "0.3536",
      "s" : "buy",
      "i" : "GTC_USD",
      "m" : "4611686018429967540"
    }, {
      "d" : "1756420271912542198",
      "t" : 1756420271912,
      "tn" : 1756420271912542198,
      "q" : "57.0",
      "p" : "0.3536",
      "s" : "buy",
      "i" : "GTC_USD",
      "m" : "4611686018429967539"
    }, {
      "d" : "1756395840543101793",
      "t" : 1756395840543,
      "tn" : 1756395840543101793,
      "q" : "18.9",
      "p" : "0.3475",
      "s" : "sell",
      "i" : "GTC_USD",
      "m" : "4611686018429967538"
    }, {
      "d" : "1756395840526329297",
      "t" : 1756395840526,
      "tn" : 1756395840526329297,
      "q" : "863.3",
      "p" : "0.3475",
      "s" : "sell",
      "i" : "GTC_USD",
      "m" : "4611686018429967537"
    }, {
      "d" : "1756395840520145766",
      "t" : 1756395840520,
      "tn" : 1756395840520145766,
      "q" : "500.0",
      "p" : "0.3475",
      "s" : "sell",
      "i" : "GTC_USD",
      "m" : "4611686018429967536"
    }, {
      "d" : "1756395840503607327",
      "t" : 1756395840503,
      "tn" : 1756395840503607327,
      "q" : "1438.8",
      "p" : "0.3475",
      "s" : "sell",
      "i" : "GTC_USD",
      "m" : "4611686018429967535"
    }, {
      "d" : "1756395840486229576",
      "t" : 1756395840486,
      "tn" : 1756395840486229576,
      "q" : "1438.8",
      "p" : "0.3475",
      "s" : "sell",
      "i" : "GTC_USD",
      "m" : "4611686018429967534"
    }, {
      "d" : "1756395840471189091",
      "t" : 1756395840471,
      "tn" : 1756395840471189091,
      "q" : "1438.8",
      "p" : "0.3475",
      "s" : "sell",
      "i" : "GTC_USD",
      "m" : "4611686018429967533"
    }, {
      "d" : "1756395840456229677",
      "t" : 1756395840456,
      "tn" : 1756395840456229677,
      "q" : "1438.8",
      "p" : "0.3475",
      "s" : "sell",
      "i" : "GTC_USD",
      "m" : "4611686018429967532"
    }, {
      "d" : "1756395840424602563",
      "t" : 1756395840424,
      "tn" : 1756395840424602563,
      "q" : "500.0",
      "p" : "0.3475",
      "s" : "sell",
      "i" : "GTC_USD",
      "m" : "4611686018429967531"
    }, {
      "d" : "1756395840424599635",
      "t" : 1756395840424,
      "tn" : 1756395840424599635,
      "q" : "700.0",
      "p" : "0.3475",
      "s" : "sell",
      "i" : "GTC_USD",
      "m" : "4611686018429967530"
    }, {
      "d" : "1756395840424582207",
      "t" : 1756395840424,
      "tn" : 1756395840424582207,
      "q" : "230.0",
      "p" : "0.3475",
      "s" : "sell",
      "i" : "GTC_USD",
      "m" : "4611686018429967529"
    }, {
      "d" : "1756395840422001667",
      "t" : 1756395840422,
      "tn" : 1756395840422001667,
      "q" : "1432.4",
      "p" : "0.3475",
      "s" : "sell",
      "i" : "GTC_USD",
      "m" : "4611686018429967528"
    }, {
      "d" : "1756395840421999710",
      "t" : 1756395840421,
      "tn" : 1756395840421999710,
      "q" : "6.4",
      "p" : "0.3476",
      "s" : "sell",
      "i" : "GTC_USD",
      "m" : "4611686018429967527"
    }, {
      "d" : "1756395840420720227",
      "t" : 1756395840420,
      "tn" : 1756395840420720227,
      "q" : "230.0",
      "p" : "0.3476",
      "s" : "sell",
      "i" : "GTC_USD",
      "m" : "4611686018429967526"
    }, {
      "d" : "1756395840415947220",
      "t" : 1756395840415,
      "tn" : 1756395840415947220,
      "q" : "51.2",
      "p" : "0.3476",
      "s" : "sell",
      "i" : "GTC_USD",
      "m" : "4611686018429967525"
    }, {
      "d" : "1756395153837283333",
      "t" : 1756395153837,
      "tn" : 1756395153837283333,
      "q" : "72.1",
      "p" : "0.3475",
      "s" : "sell",
      "i" : "GTC_USD",
      "m" : "4611686018429967524"
    }, {
      "d" : "1756395153837281063",
      "t" : 1756395153837,
      "tn" : 1756395153837281063,
      "q" : "287.6",
      "p" : "0.3476",
      "s" : "sell",
      "i" : "GTC_USD",
      "m" : "4611686018429967523"
    }, {
      "d" : "1756393144142698588",
      "t" : 1756393144142,
      "tn" : 1756393144142698588,
      "q" : "33.8",
      "p" : "0.3475",
      "s" : "sell",
      "i" : "GTC_USD",
      "m" : "4611686018429967522"
    }, {
      "d" : "1756391980464580234",
      "t" : 1756391980464,
      "tn" : 1756391980464580234,
      "q" : "33.6",
      "p" : "0.3548",
      "s" : "buy",
      "i" : "GTC_USD",
      "m" : "4611686018429967521"
    }, {
      "d" : "1756391011033283265",
      "t" : 1756391011033,
      "tn" : 1756391011033283265,
      "q" : "41.1",
      "p" : "0.3508",
      "s" : "buy",
      "i" : "GTC_USD",
      "m" : "4611686018429967520"
    }, {
      "d" : "1756391011020337605",
      "t" : 1756391011020,
      "tn" : 1756391011020337605,
      "q" : "57.5",
      "p" : "0.3508",
      "s" : "buy",
      "i" : "GTC_USD",
      "m" : "4611686018429967519"
    }, {
      "d" : "1756390297395220544",
      "t" : 1756390297395,
      "tn" : 1756390297395220544,
      "q" : "9.0",
      "p" : "0.3491",
      "s" : "buy",
      "i" : "GTC_USD",
      "m" : "4611686018429967518"
    }, {
      "d" : "1756390297324958443",
      "t" : 1756390297324,
      "tn" : 1756390297324958443,
      "q" : "57.6",
      "p" : "0.3491",
      "s" : "buy",
      "i" : "GTC_USD",
      "m" : "4611686018429967517"
    }, {
      "d" : "1756388500769237064",
      "t" : 1756388500769,
      "tn" : 1756388500769237064,
      "q" : "20.0",
      "p" : "0.3491",
      "s" : "buy",
      "i" : "GTC_USD",
      "m" : "4611686018429967516"
    }, {
      "d" : "1756386346359032005",
      "t" : 1756386346359,
      "tn" : 1756386346359032005,
      "q" : "287.5",
      "p" : "0.3478",
      "s" : "sell",
      "i" : "GTC_USD",
      "m" : "4611686018429967515"
    }, {
      "d" : "1756379411230847082",
      "t" : 1756379411230,
      "tn" : 1756379411230847082,
      "q" : "125.7",
      "p" : "0.3389",
      "s" : "sell",
      "i" : "GTC_USD",
      "m" : "4611686018429967514"
    }, {
      "d" : "1756379135888606587",
      "t" : 1756379135888,
      "tn" : 1756379135888606587,
      "q" : "575.0",
      "p" : "0.3478",
      "s" : "buy",
      "i" : "GTC_USD",
      "m" : "4611686018429967513"
    } ]
  }
}