{
  "id" : -1,
  "method" : "public/get-trades",
  "code" : 0,
  "result" : {
    "data" : [ {
      "d" : "1756460867268984824",
      "t" : 1756460867268,
      "tn" : 1756460867268984824,
      "q" : "777",
      "p" : "0.022828",
      "s" : "buy",
      "i" : "GUN_USD",
      "m" : "4611686018427475189"
    }, {
      "d" : "1756460867268982706",
      "t" : 1756460867268,
      "tn" : 1756460867268982706,
      "q" : "753",
      "p" : "0.022805",
      "s" : "buy",
      "i" : "GUN_USD",
      "m" : "4611686018427475188"
    }, {
      "d" : "1756459863795647950",
      "t" : 1756459863795,
      "tn" : 1756459863795647950,
      "q" : "565",
      "p" : "0.022805",
      "s" : "buy",
      "i" : "GUN_USD",
      "m" : "4611686018427475187"
    }, {
      "d" : "1756459863795645879",
      "t" : 1756459863795,
      "tn" : 1756459863795645879,
      "q" : "925",
      "p" : "0.022797",
      "s" : "buy",
      "i" : "GUN_USD",
      "m" : "4611686018427475186"
    }, {
      "d" : "1756459863795643106",
      "t" : 1756459863795,
      "tn" : 1756459863795643106,
      "q" : "397",
      "p" : "0.022781",
      "s" : "buy",
      "i" : "GUN_USD",
      "m" : "4611686018427475185"
    }, {
      "d" : "1756459239108256673",
      "t" : 1756459239108,
      "tn" : 1756459239108256673,
      "q" : "2195",
      "p" : "0.022781",
      "s" : "buy",
      "i" : "GUN_USD",
      "m" : "4611686018427475184"
    }, {
      "d" : "1756459238865244650",
      "t" : 1756459238865,
      "tn" : 1756459238865244650,
      "q" : "160",
      "p" : "0.022781",
      "s" : "buy",
      "i" : "GUN_USD",
      "m" : "4611686018427475183"
    }, {
      "d" : "1756459238865242798",
      "t" : 1756459238865,
      "tn" : 1756459238865242798,
      "q" : "576",
      "p" : "0.022763",
      "s" : "buy",
      "i" : "GUN_USD",
      "m" : "4611686018427475182"
    }, {
      "d" : "1756459238865240410",
      "t" : 1756459238865,
      "tn" : 1756459238865240410,
      "q" : "1869",
      "p" : "0.022758",
      "s" : "buy",
      "i" : "GUN_USD",
      "m" : "4611686018427475181"
    }, {
      "d" : "1756459238865237701",
      "t" : 1756459238865,
      "tn" : 1756459238865237701,
      "q" : "29",
      "p" : "0.022735",
      "s" : "buy",
      "i" : "GUN_USD",
      "m" : "4611686018427475180"
    }, {
      "d" : "1756459176048514262",
      "t" : 1756459176048,
      "tn" : 1756459176048514262,
      "q" : "1895",
      "p" : "0.022735",
      "s" : "buy",
      "i" : "GUN_USD",
      "m" : "4611686018427475179"
    }, {
      "d" : "1756459176048512387",
      "t" : 1756459176048,
      "tn" : 1756459176048512387,
      "q" : "1180",
      "p" : "0.022728",
      "s" : "buy",
      "i" : "GUN_USD",
      "m" : "4611686018427475178"
    }, {
      "d" : "1756459176048509000",
      "t" : 1756459176048,
      "tn" : 1756459176048509000,
      "q" : "4",
      "p" : "0.022712",
      "s" : "buy",
      "i" : "GUN_USD",
      "m" : "4611686018427475177"
    }, {
      "d" : "1756459094437851311",
      "t" : 1756459094437,
      "tn" : 1756459094437851311,
      "q" : "1477",
      "p" : "0.022712",
      "s" : "buy",
      "i" : "GUN_USD",
      "m" : "4611686018427475176"
    }, {
      "d" : "1756459094437849292",
      "t" : 1756459094437,
      "tn" : 1756459094437849292,
      "q" : "284",
      "p" : "0.022694",
      "s" : "buy",
      "i" : "GUN_USD",
      "m" : "4611686018427475175"
    }, {
      "d" : "1756459088033521319",
      "t" : 1756459088033,
      "tn" : 1756459088033521319,
      "q" : "234",
      "p" : "0.022694",
      "s" : "buy",
      "i" : "GUN_USD",
      "m" : "4611686018427475174"
    }, {
      "d" : "1756459088033519322",
      "t" : 1756459088033,
      "tn" : 1756459088033519322,
      "q" : "870",
      "p" : "0.022689",
      "s" : "buy",
      "i" : "GUN_USD",
      "m" : "4611686018427475173"
    }, {
      "d" : "1756459088033516242",
      "t" : 1756459088033,
      "tn" : 1756459088033516242,
      "q" : "218",
      "p" : "0.022666",
      "s" : "buy",
      "i" : "GUN_USD",
      "m" : "4611686018427475172"
    }, {
      "d" : "1756459088025796380",
      "t" : 1756459088025,
      "tn" : 1756459088025796380,
      "q" : "100",
      "p" : "0.022666",
      "s" : "buy",
      "i" : "GUN_USD",
      "m" : "4611686018427475171"
    }, {
      "d" : "1756459086261390719",
      "t" : 1756459086261,
      "tn" : 1756459086261390719,
      "q" : "1069",
      "p" : "0.022666",
      "s" : "buy",
      "i" : "GUN_USD",
      "m" : "4611686018427475170"
    }, {
      "d" : "1756459086261388661",
      "t" : 1756459086261,
      "tn" : 1756459086261388661,
      "q" : "255",
      "p" : "0.022660",
      "s" : "buy",
      "i" : "GUN_USD",
      "m" : "4611686018427475169"
    }, {
      "d" : "1756459000170234325",
      "t" : 1756459000170,
      "tn" : 1756459000170234325,
      "q" : "561",
      "p" : "0.022660",
      "s" : "buy",
      "i" : "GUN_USD",
      "m" : "4611686018427475168"
    }, {
      "d" : "1756459000170231930",
      "t" : 1756459000170,
      "tn" : 1756459000170231930,
      "q" : "1835",
      "p" : "0.022643",
      "s" : "buy",
      "i" : "GUN_USD",
      "m" : "4611686018427475167"
    }, {
      "d" : "1756459000170228799",
      "t" : 1756459000170,
      "tn" : 1756459000170228799,
      "q" : "252",
      "p" : "0.022620",
      "s" : "buy",
      "i" : "GUN_USD",
      "m" : "4611686018427475166"
    }, {
      "d" : "1756458706007235279",
      "t" : 1756458706007,
      "tn" : 1756458706007235279,
      "q" : "399",
      "p" : "0.022620",
      "s" : "buy",
      "i" : "GUN_USD",
      "m" : "4611686018427475165"
    }, {
      "d" : "1756458698212743354",
      "t" : 1756458698212,
      "tn" : 1756458698212743354,
      "q" : "615",
      "p" : "0.022620",
      "s" : "buy",
      "i" : "GUN_USD",
      "m" : "4611686018427475164"
    }, {
      "d" : "1756458245932051014",
      "t" : 1756458245932,
      "tn" : 1756458245932051014,
      "q" : "253",
      "p" : "0.022620",
      "s" : "buy",
      "i" : "GUN_USD",
      "m" : "4611686018427475163"
    }, {
      "d" : "1756458182127776937",
      "t" : 1756458182127,
      "tn" : 1756458182127776937,
      "q" : "1123",
      "p" : "0.022530",
      "s" : "sell",
      "i" : "GUN_USD",
      "m" : "4611686018427475162"
    }, {
      "d" : "1756458182126552182",
      "t" : 1756458182126,
      "tn" : 1756458182126552182,
      "q" : "1519",
      "p" : "0.022553",
      "s" : "sell",
      "i" : "GUN_USD",
      "m" : "4611686018427475161"
    }, {
      "d" : "1756458182126550051",
      "t" : 1756458182126,
      "tn" : 1756458182126550051,
      "q" : "816",
      "p" : "0.022559",
      "s" : "sell",
      "i" : "GUN_USD",
      "m" : "4611686018427475160"
    }, {
      "d" : "1756458182126547362",
      "t" : 1756458182126,
      "tn" : 1756458182126547362,
      "q" : "715",
      "p" : "0.022576",
      "s" : "sell",
      "i" : "GUN_USD",
      "m" : "4611686018427475159"
    }, {
      "d" : "1756458182125872832",
      "t" : 1756458182125,
      "tn" : 1756458182125872832,
      "q" : "1120",
      "p" : "0.022576",
      "s" : "sell",
      "i" : "GUN_USD",
      "m" : "4611686018427475158"
    }, {
      "d" : "1756458182124904536",
      "t" : 1756458182124,
      "tn" : 1756458182124904536,
      "q" : "518",
      "p" : "0.022593",
      "s" : "sell",
      "i" : "GUN_USD",
      "m" : "4611686018427475157"
    }, {
      "d" : "1756458182124902504",
      "t" : 1756458182124,
      "tn" : 1756458182124902504,
      "q" : "1387",
      "p" : "0.022599",
      "s" : "sell",
      "i" : "GUN_USD",
      "m" : "4611686018427475156"
    }, {
      "d" : "1756458182124899754",
      "t" : 1756458182124,
      "tn" : 1756458182124899754,
      "q" : "870",
      "p" : "0.022622",
      "s" : "sell",
      "i" : "GUN_USD",
      "m" : "4611686018427475155"
    }, {
      "d" : "1756458182124896989",
      "t" : 1756458182124,
      "tn" : 1756458182124896989,
      "q" : "828",
      "p" : "0.022627",
      "s" : "sell",
      "i" : "GUN_USD",
      "m" : "4611686018427475154"
    }, {
      "d" : "1756458160013217702",
      "t" : 1756458160013,
      "tn" : 1756458160013217702,
      "q" : "352",
      "p" : "0.022627",
      "s" : "sell",
      "i" : "GUN_USD",
      "m" : "4611686018427475153"
    }, {
      "d" : "1756458160013216018",
      "t" : 1756458160013,
      "tn" : 1756458160013216018,
      "q" : "1481",
      "p" : "0.022645",
      "s" : "sell",
      "i" : "GUN_USD",
      "m" : "4611686018427475152"
    }, {
      "d" : "1756458160010526260",
      "t" : 1756458160010,
      "tn" : 1756458160010526260,
      "q" : "576",
      "p" : "0.022661",
      "s" : "sell",
      "i" : "GUN_USD",
      "m" : "4611686018427475151"
    }, {
      "d" : "1756458160010524185",
      "t" : 1756458160010,
      "tn" : 1756458160010524185,
      "q" : "1924",
      "p" : "0.022668",
      "s" : "sell",
      "i" : "GUN_USD",
      "m" : "4611686018427475150"
    }, {
      "d" : "1756458160010521870",
      "t" : 1756458160010,
      "tn" : 1756458160010521870,
      "q" : "87",
      "p" : "0.022691",
      "s" : "sell",
      "i" : "GUN_USD",
      "m" : "4611686018427475149"
    }, {
      "d" : "1756458158378446693",
      "t" : 1756458158378,
      "tn" : 1756458158378446693,
      "q" : "1782",
      "p" : "0.022691",
      "s" : "sell",
      "i" : "GUN_USD",
      "m" : "4611686018427475148"
    }, {
      "d" : "1756458158378445256",
      "t" : 1756458158378,
      "tn" : 1756458158378445256,
      "q" : "925",
      "p" : "0.022695",
      "s" : "sell",
      "i" : "GUN_USD",
      "m" : "4611686018427475147"
    }, {
      "d" : "1756458158378442289",
      "t" : 1756458158378,
      "tn" : 1756458158378442289,
      "q" : "1703",
      "p" : "0.022714",
      "s" : "sell",
      "i" : "GUN_USD",
      "m" : "4611686018427475146"
    }, {
      "d" : "1756458158068830641",
      "t" : 1756458158068,
      "tn" : 1756458158068830641,
      "q" : "1049",
      "p" : "0.022714",
      "s" : "sell",
      "i" : "GUN_USD",
      "m" : "4611686018427475145"
    }, {
      "d" : "1756458008395016790",
      "t" : 1756458008395,
      "tn" : 1756458008395016790,
      "q" : "806",
      "p" : "0.022729",
      "s" : "sell",
      "i" : "GUN_USD",
      "m" : "4611686018427475144"
    }, {
      "d" : "1756458008395014414",
      "t" : 1756458008395,
      "tn" : 1756458008395014414,
      "q" : "1318",
      "p" : "0.022737",
      "s" : "sell",
      "i" : "GUN_USD",
      "m" : "4611686018427475143"
    }, {
      "d" : "1756458008395012081",
      "t" : 1756458008395,
      "tn" : 1756458008395012081,
      "q" : "863",
      "p" : "0.022760",
      "s" : "sell",
      "i" : "GUN_USD",
      "m" : "4611686018427475142"
    }, {
      "d" : "1756458008393415602",
      "t" : 1756458008393,
      "tn" : 1756458008393415602,
      "q" : "824",
      "p" : "0.022763",
      "s" : "sell",
      "i" : "GUN_USD",
      "m" : "4611686018427475141"
    }, {
      "d" : "1756458008393413502",
      "t" : 1756458008393,
      "tn" : 1756458008393413502,
      "q" : "1956",
      "p" : "0.022783",
      "s" : "sell",
      "i" : "GUN_USD",
      "m" : "4611686018427475140"
    }, {
      "d" : "1756458008393411151",
      "t" : 1756458008393,
      "tn" : 1756458008393411151,
      "q" : "704",
      "p" : "0.022797",
      "s" : "sell",
      "i" : "GUN_USD",
      "m" : "4611686018427475139"
    }, {
      "d" : "1756458008393408299",
      "t" : 1756458008393,
      "tn" : 1756458008393408299,
      "q" : "1884",
      "p" : "0.022806",
      "s" : "sell",
      "i" : "GUN_USD",
      "m" : "4611686018427475138"
    }, {
      "d" : "1756457683228624256",
      "t" : 1756457683228,
      "tn" : 1756457683228624256,
      "q" : "917",
      "p" : "0.022829",
      "s" : "sell",
      "i" : "GUN_USD",
      "m" : "4611686018427475137"
    }, {
      "d" : "1756457683228622188",
      "t" : 1756457683228,
      "tn" : 1756457683228622188,
      "q" : "1087",
      "p" : "0.022831",
      "s" : "sell",
      "i" : "GUN_USD",
      "m" : "4611686018427475136"
    }, {
      "d" : "1756457683228619488",
      "t" : 1756457683228,
      "tn" : 1756457683228619488,
      "q" : "1240",
      "p" : "0.022852",
      "s" : "sell",
      "i" : "GUN_USD",
      "m" : "4611686018427475135"
    }, {
      "d" : "1756457683228617060",
      "t" : 1756457683228,
      "tn" : 1756457683228617060,
      "q" : "580",
      "p" : "0.022865",
      "s" : "sell",
      "i" : "GUN_USD",
      "m" : "4611686018427475134"
    }, {
      "d" : "1756455628677006692",
      "t" : 1756455628677,
      "tn" : 1756455628677006692,
      "q" : "363",
      "p" : "0.022865",
      "s" : "sell",
      "i" : "GUN_USD",
      "m" : "4611686018427475133"
    }, {
      "d" : "1756455628677004498",
      "t" : 1756455628677,
      "tn" : 1756455628677004498,
      "q" : "1307",
      "p" : "0.022875",
      "s" : "sell",
      "i" : "GUN_USD",
      "m" : "4611686018427475132"
    }, {
      "d" : "1756455628677002146",
      "t" : 1756455628677,
      "tn" : 1756455628677002146,
      "q" : "79",
      "p" : "0.022898",
      "s" : "sell",
      "i" : "GUN_USD",
      "m" : "4611686018427475131"
    }, {
      "d" : "1756455442268348295",
      "t" : 1756455442268,
      "tn" : 1756455442268348295,
      "q" : "1270",
      "p" : "0.022898",
      "s" : "sell",
      "i" : "GUN_USD",
      "m" : "4611686018427475130"
    }, {
      "d" : "1756455442268346773",
      "t" : 1756455442268,
      "tn" : 1756455442268346773,
      "q" : "511",
      "p" : "0.022899",
      "s" : "sell",
      "i" : "GUN_USD",
      "m" : "4611686018427475129"
    }, {
      "d" : "1756455442268344341",
      "t" : 1756455442268,
      "tn" : 1756455442268344341,
      "q" : "1054",
      "p" : "0.022921",
      "s" : "sell",
      "i" : "GUN_USD",
      "m" : "4611686018427475128"
    }, {
      "d" : "1756455442268342954",
      "t" : 1756455442268,
      "tn" : 1756455442268342954,
      "q" : "482",
      "p" : "0.022933",
      "s" : "sell",
      "i" : "GUN_USD",
      "m" : "4611686018427475127"
    }, {
      "d" : "1756455435255957648",
      "t" : 1756455435255,
      "tn" : 1756455435255957648,
      "q" : "881",
      "p" : "0.022933",
      "s" : "sell",
      "i" : "GUN_USD",
      "m" : "4611686018427475126"
    }, {
      "d" : "1756455422752406968",
      "t" : 1756455422752,
      "tn" : 1756455422752406968,
      "q" : "230",
      "p" : "0.022933",
      "s" : "sell",
      "i" : "GUN_USD",
      "m" : "4611686018427475125"
    }, {
      "d" : "1756455422752404791",
      "t" : 1756455422752,
      "tn" : 1756455422752404791,
      "q" : "651",
      "p" : "0.022944",
      "s" : "sell",
      "i" : "GUN_USD",
      "m" : "4611686018427475124"
    }, {
      "d" : "1756455418016444775",
      "t" : 1756455418016,
      "tn" : 1756455418016444775,
      "q" : "371",
      "p" : "0.022944",
      "s" : "sell",
      "i" : "GUN_USD",
      "m" : "4611686018427475123"
    }, {
      "d" : "1756455418016442578",
      "t" : 1756455418016,
      "tn" : 1756455418016442578,
      "q" : "719",
      "p" : "0.022967",
      "s" : "sell",
      "i" : "GUN_USD",
      "m" : "4611686018427475122"
    }, {
      "d" : "1756455412089327773",
      "t" : 1756455412089,
      "tn" : 1756455412089327772,
      "q" : "284",
      "p" : "0.022967",
      "s" : "sell",
      "i" : "GUN_USD",
      "m" : "4611686018427475121"
    }, {
      "d" : "1756455412089327772",
      "t" : 1756455412089,
      "tn" : 1756455412089327772,
      "q" : "1317",
      "p" : "0.022967",
      "s" : "sell",
      "i" : "GUN_USD",
      "m" : "4611686018427475121"
    }, {
      "d" : "1756455412089323940",
      "t" : 1756455412089,
      "tn" : 1756455412089323940,
      "q" : "141",
      "p" : "0.022990",
      "s" : "sell",
      "i" : "GUN_USD",
      "m" : "4611686018427475120"
    }, {
      "d" : "1756454937948217806",
      "t" : 1756454937948,
      "tn" : 1756454937948217806,
      "q" : "726",
      "p" : "0.022990",
      "s" : "sell",
      "i" : "GUN_USD",
      "m" : "4611686018427475119"
    }, {
      "d" : "1756454937948215862",
      "t" : 1756454937948,
      "tn" : 1756454937948215862,
      "q" : "155",
      "p" : "0.023001",
      "s" : "sell",
      "i" : "GUN_USD",
      "m" : "4611686018427475118"
    }, {
      "d" : "1756454937903232655",
      "t" : 1756454937903,
      "tn" : 1756454937903232655,
      "q" : "741",
      "p" : "0.023001",
      "s" : "sell",
      "i" : "GUN_USD",
      "m" : "4611686018427475117"
    }, {
      "d" : "1756454937903230712",
      "t" : 1756454937903,
      "tn" : 1756454937903230712,
      "q" : "129",
      "p" : "0.023013",
      "s" : "sell",
      "i" : "GUN_USD",
      "m" : "4611686018427475116"
    }, {
      "d" : "1756454937881999810",
      "t" : 1756454937881,
      "tn" : 1756454937881999810,
      "q" : "1873",
      "p" : "0.023013",
      "s" : "sell",
      "i" : "GUN_USD",
      "m" : "4611686018427475115"
    }, {
      "d" : "1756454937881997498",
      "t" : 1756454937881,
      "tn" : 1756454937881997498,
      "q" : "106",
      "p" : "0.023036",
      "s" : "sell",
      "i" : "GUN_USD",
      "m" : "4611686018427475114"
    }, {
      "d" : "1756454713434322818",
      "t" : 1756454713434,
      "tn" : 1756454713434322818,
      "q" : "723",
      "p" : "0.023036",
      "s" : "sell",
      "i" : "GUN_USD",
      "m" : "4611686018427475113"
    }, {
      "d" : "1756454713434320556",
      "t" : 1756454713434,
      "tn" : 1756454713434320556,
      "q" : "145",
      "p" : "0.023059",
      "s" : "sell",
      "i" : "GUN_USD",
      "m" : "4611686018427475112"
    }, {
      "d" : "1756454310323656065",
      "t" : 1756454310323,
      "tn" : 1756454310323656065,
      "q" : "867",
      "p" : "0.023059",
      "s" : "sell",
      "i" : "GUN_USD",
      "m" : "4611686018427475111"
    }, {
      "d" : "1756454310312911336",
      "t" : 1756454310312,
      "tn" : 1756454310312911336,
      "q" : "613",
      "p" : "0.023059",
      "s" : "sell",
      "i" : "GUN_USD",
      "m" : "4611686018427475110"
    }, {
      "d" : "1756454140067879696",
      "t" : 1756454140067,
      "tn" : 1756454140067879696,
      "q" : "149",
      "p" : "0.023059",
      "s" : "sell",
      "i" : "GUN_USD",
      "m" : "4611686018427475109"
    }, {
      "d" : "1756453301862328967",
      "t" : 1756453301862,
      "tn" : 1756453301862328967,
      "q" : "468",
      "p" : "0.023139",
      "s" : "buy",
      "i" : "GUN_USD",
      "m" : "4611686018427475108"
    }, {
      "d" : "1756452736451265853",
      "t" : 1756452736451,
      "tn" : 1756452736451265853,
      "q" : "155",
      "p" : "0.023139",
      "s" : "buy",
      "i" : "GUN_USD",
      "m" : "4611686018427475107"
    }, {
      "d" : "1756452729989300606",
      "t" : 1756452729989,
      "tn" : 1756452729989300606,
      "q" : "1774",
      "p" : "0.023128",
      "s" : "buy",
      "i" : "GUN_USD",
      "m" : "4611686018427475106"
    }, {
      "d" : "1756452726034527615",
      "t" : 1756452726034,
      "tn" : 1756452726034527615,
      "q" : "829",
      "p" : "0.023105",
      "s" : "buy",
      "i" : "GUN_USD",
      "m" : "4611686018427475105"
    }, {
      "d" : "1756452420045142283",
      "t" : 1756452420045,
      "tn" : 1756452420045142282,
      "q" : "829",
      "p" : "0.023036",
      "s" : "sell",
      "i" : "GUN_USD",
      "m" : "4611686018427475104"
    }, {
      "d" : "1756452420045142282",
      "t" : 1756452420045,
      "tn" : 1756452420045142282,
      "q" : "778",
      "p" : "0.023036",
      "s" : "sell",
      "i" : "GUN_USD",
      "m" : "4611686018427475104"
    }, {
      "d" : "1756452400425074579",
      "t" : 1756452400425,
      "tn" : 1756452400425074579,
      "q" : "1774",
      "p" : "0.023059",
      "s" : "sell",
      "i" : "GUN_USD",
      "m" : "4611686018427475103"
    }, {
      "d" : "1756452388341857344",
      "t" : 1756452388341,
      "tn" : 1756452388341857344,
      "q" : "620",
      "p" : "0.023071",
      "s" : "sell",
      "i" : "GUN_USD",
      "m" : "4611686018427475102"
    }, {
      "d" : "1756451667567150072",
      "t" : 1756451667567,
      "tn" : 1756451667567150072,
      "q" : "795",
      "p" : "0.023082",
      "s" : "sell",
      "i" : "GUN_USD",
      "m" : "4611686018427475101"
    }, {
      "d" : "1756451667068022678",
      "t" : 1756451667068,
      "tn" : 1756451667068022678,
      "q" : "794",
      "p" : "0.023105",
      "s" : "sell",
      "i" : "GUN_USD",
      "m" : "4611686018427475100"
    }, {
      "d" : "1756451667068020741",
      "t" : 1756451667068,
      "tn" : 1756451667068020741,
      "q" : "193",
      "p" : "0.023106",
      "s" : "sell",
      "i" : "GUN_USD",
      "m" : "4611686018427475099"
    }, {
      "d" : "1756451667067248782",
      "t" : 1756451667067,
      "tn" : 1756451667067248782,
      "q" : "314",
      "p" : "0.023106",
      "s" : "sell",
      "i" : "GUN_USD",
      "m" : "4611686018427475098"
    }, {
      "d" : "1756451620349149700",
      "t" : 1756451620349,
      "tn" : 1756451620349149700,
      "q" : "1572",
      "p" : "0.023128",
      "s" : "sell",
      "i" : "GUN_USD",
      "m" : "4611686018427475097"
    }, {
      "d" : "1756451619849083692",
      "t" : 1756451619849,
      "tn" : 1756451619849083692,
      "q" : "727",
      "p" : "0.023141",
      "s" : "sell",
      "i" : "GUN_USD",
      "m" : "4611686018427475096"
    }, {
      "d" : "1756451567268031095",
      "t" : 1756451567268,
      "tn" : 1756451567268031095,
      "q" : "1691",
      "p" : "0.023151",
      "s" : "sell",
      "i" : "GUN_USD",
      "m" : "4611686018427475095"
    }, {
      "d" : "1756451561038133947",
      "t" : 1756451561038,
      "tn" : 1756451561038133947,
      "q" : "1911",
      "p" : "0.023174",
      "s" : "sell",
      "i" : "GUN_USD",
      "m" : "4611686018427475094"
    }, {
      "d" : "1756451558744218868",
      "t" : 1756451558744,
      "tn" : 1756451558744218868,
      "q" : "762",
      "p" : "0.023176",
      "s" : "sell",
      "i" : "GUN_USD",
      "m" : "4611686018427475093"
    }, {
      "d" : "1756451558242007782",
      "t" : 1756451558242,
      "tn" : 1756451558242007782,
      "q" : "1352",
      "p" : "0.023197",
      "s" : "sell",
      "i" : "GUN_USD",
      "m" : "4611686018427475092"
    }, {
      "d" : "1756451557741994022",
      "t" : 1756451557741,
      "tn" : 1756451557741994022,
      "q" : "721",
      "p" : "0.023211",
      "s" : "sell",
      "i" : "GUN_USD",
      "m" : "4611686018427475091"
    }, {
      "d" : "1756451557741769652",
      "t" : 1756451557741,
      "tn" : 1756451557741769652,
      "q" : "162",
      "p" : "0.023211",
      "s" : "sell",
      "i" : "GUN_USD",
      "m" : "4611686018427475090"
    }, {
      "d" : "1756451553571373782",
      "t" : 1756451553571,
      "tn" : 1756451553571373782,
      "q" : "1198",
      "p" : "0.023220",
      "s" : "sell",
      "i" : "GUN_USD",
      "m" : "4611686018427475089"
    }, {
      "d" : "1756451512782181898",
      "t" : 1756451512782,
      "tn" : 1756451512782181898,
      "q" : "1275",
      "p" : "0.023243",
      "s" : "sell",
      "i" : "GUN_USD",
      "m" : "4611686018427475088"
    }, {
      "d" : "1756451512782179703",
      "t" : 1756451512782,
      "tn" : 1756451512782179703,
      "q" : "833",
      "p" : "0.023246",
      "s" : "sell",
      "i" : "GUN_USD",
      "m" : "4611686018427475087"
    }, {
      "d" : "1756451290559286010",
      "t" : 1756451290559,
      "tn" : 1756451290559286010,
      "q" : "1279",
      "p" : "0.023266",
      "s" : "sell",
      "i" : "GUN_USD",
      "m" : "4611686018427475086"
    }, {
      "d" : "1756451290059291915",
      "t" : 1756451290059,
      "tn" : 1756451290059291915,
      "q" : "736",
      "p" : "0.023281",
      "s" : "sell",
      "i" : "GUN_USD",
      "m" : "4611686018427475085"
    }, {
      "d" : "1756451290059289777",
      "t" : 1756451290059,
      "tn" : 1756451290059289777,
      "q" : "1828",
      "p" : "0.023289",
      "s" : "sell",
      "i" : "GUN_USD",
      "m" : "4611686018427475084"
    }, {
      "d" : "1756451290059167295",
      "t" : 1756451290059,
      "tn" : 1756451290059167295,
      "q" : "82",
      "p" : "0.023289",
      "s" : "sell",
      "i" : "GUN_USD",
      "m" : "4611686018427475083"
    }, {
      "d" : "1756451281261035929",
      "t" : 1756451281261,
      "tn" : 1756451281261035929,
      "q" : "2326",
      "p" : "0.023312",
      "s" : "sell",
      "i" : "GUN_USD",
      "m" : "4611686018427475082"
    }, {
      "d" : "1756451058424766446",
      "t" : 1756451058424,
      "tn" : 1756451058424766446,
      "q" : "2326",
      "p" : "0.023382",
      "s" : "buy",
      "i" : "GUN_USD",
      "m" : "4611686018427475081"
    }, {
      "d" : "1756450986430948165",
      "t" : 1756450986430,
      "tn" : 1756450986430948165,
      "q" : "2326",
      "p" : "0.023312",
      "s" : "sell",
      "i" : "GUN_USD",
      "m" : "4611686018427475080"
    }, {
      "d" : "1756450986430945724",
      "t" : 1756450986430,
      "tn" : 1756450986430945724,
      "q" : "1044",
      "p" : "0.023316",
      "s" : "sell",
      "i" : "GUN_USD",
      "m" : "4611686018427475079"
    }, {
      "d" : "1756450979974930639",
      "t" : 1756450979974,
      "tn" : 1756450979974930639,
      "q" : "1186",
      "p" : "0.023335",
      "s" : "sell",
      "i" : "GUN_USD",
      "m" : "4611686018427475078"
    }, {
      "d" : "1756450973974908872",
      "t" : 1756450973974,
      "tn" : 1756450973974908872,
      "q" : "718",
      "p" : "0.023351",
      "s" : "sell",
      "i" : "GUN_USD",
      "m" : "4611686018427475077"
    }, {
      "d" : "1756450973475719047",
      "t" : 1756450973475,
      "tn" : 1756450973475719047,
      "q" : "907",
      "p" : "0.023358",
      "s" : "sell",
      "i" : "GUN_USD",
      "m" : "4611686018427475076"
    }, {
      "d" : "1756450973474679155",
      "t" : 1756450973474,
      "tn" : 1756450973474679155,
      "q" : "161",
      "p" : "0.023358",
      "s" : "sell",
      "i" : "GUN_USD",
      "m" : "4611686018427475075"
    }, {
      "d" : "1756450967519992244",
      "t" : 1756450967519,
      "tn" : 1756450967519992244,
      "q" : "1731",
      "p" : "0.023381",
      "s" : "sell",
      "i" : "GUN_USD",
      "m" : "4611686018427475074"
    }, {
      "d" : "1756450967019902555",
      "t" : 1756450967019,
      "tn" : 1756450967019902555,
      "q" : "717",
      "p" : "0.023386",
      "s" : "sell",
      "i" : "GUN_USD",
      "m" : "4611686018427475073"
    }, {
      "d" : "1756450964643891268",
      "t" : 1756450964643,
      "tn" : 1756450964643891268,
      "q" : "2643",
      "p" : "0.023404",
      "s" : "sell",
      "i" : "GUN_USD",
      "m" : "4611686018427475072"
    }, {
      "d" : "1756450954616324521",
      "t" : 1756450954616,
      "tn" : 1756450954616324521,
      "q" : "500",
      "p" : "0.023421",
      "s" : "sell",
      "i" : "GUN_USD",
      "m" : "4611686018427475071"
    }, {
      "d" : "1756450899480411410",
      "t" : 1756450899480,
      "tn" : 1756450899480411410,
      "q" : "1580",
      "p" : "0.023427",
      "s" : "sell",
      "i" : "GUN_USD",
      "m" : "4611686018427475070"
    }, {
      "d" : "1756450897400307889",
      "t" : 1756450897400,
      "tn" : 1756450897400307889,
      "q" : "2423",
      "p" : "0.023450",
      "s" : "sell",
      "i" : "GUN_USD",
      "m" : "4611686018427475069"
    }, {
      "d" : "1756450897400305486",
      "t" : 1756450897400,
      "tn" : 1756450897400305486,
      "q" : "678",
      "p" : "0.023456",
      "s" : "sell",
      "i" : "GUN_USD",
      "m" : "4611686018427475068"
    }, {
      "d" : "1756450897400176564",
      "t" : 1756450897400,
      "tn" : 1756450897400176564,
      "q" : "240",
      "p" : "0.023456",
      "s" : "sell",
      "i" : "GUN_USD",
      "m" : "4611686018427475067"
    }, {
      "d" : "1756450893129125694",
      "t" : 1756450893129,
      "tn" : 1756450893129125694,
      "q" : "782",
      "p" : "0.023473",
      "s" : "sell",
      "i" : "GUN_USD",
      "m" : "4611686018427475066"
    }, {
      "d" : "1756450888421017421",
      "t" : 1756450888421,
      "tn" : 1756450888421017421,
      "q" : "742",
      "p" : "0.023491",
      "s" : "sell",
      "i" : "GUN_USD",
      "m" : "4611686018427475065"
    }, {
      "d" : "1756450887920957479",
      "t" : 1756450887920,
      "tn" : 1756450887920957479,
      "q" : "1907",
      "p" : "0.023496",
      "s" : "sell",
      "i" : "GUN_USD",
      "m" : "4611686018427475064"
    }, {
      "d" : "1756448158093244828",
      "t" : 1756448158093,
      "tn" : 1756448158093244828,
      "q" : "1727",
      "p" : "0.023519",
      "s" : "sell",
      "i" : "GUN_USD",
      "m" : "4611686018427475063"
    }, {
      "d" : "1756448157593625639",
      "t" : 1756448157593,
      "tn" : 1756448157593625639,
      "q" : "563",
      "p" : "0.023526",
      "s" : "sell",
      "i" : "GUN_USD",
      "m" : "4611686018427475062"
    }, {
      "d" : "1756448125207137392",
      "t" : 1756448125207,
      "tn" : 1756448125207137392,
      "q" : "2130",
      "p" : "0.023543",
      "s" : "sell",
      "i" : "GUN_USD",
      "m" : "4611686018427475061"
    }, {
      "d" : "1756448118552345431",
      "t" : 1756448118552,
      "tn" : 1756448118552345431,
      "q" : "1323",
      "p" : "0.023561",
      "s" : "sell",
      "i" : "GUN_USD",
      "m" : "4611686018427475060"
    }, {
      "d" : "1756448082054313326",
      "t" : 1756448082054,
      "tn" : 1756448082054313326,
      "q" : "779",
      "p" : "0.023567",
      "s" : "sell",
      "i" : "GUN_USD",
      "m" : "4611686018427475059"
    }, {
      "d" : "1756447892143976264",
      "t" : 1756447892143,
      "tn" : 1756447892143976264,
      "q" : "1000",
      "p" : "0.023591",
      "s" : "sell",
      "i" : "GUN_USD",
      "m" : "4611686018427475058"
    }, {
      "d" : "1756447891643938509",
      "t" : 1756447891643,
      "tn" : 1756447891643938509,
      "q" : "496",
      "p" : "0.023596",
      "s" : "sell",
      "i" : "GUN_USD",
      "m" : "4611686018427475057"
    }, {
      "d" : "1756447849325083567",
      "t" : 1756447849325,
      "tn" : 1756447849325083567,
      "q" : "777",
      "p" : "0.023615",
      "s" : "sell",
      "i" : "GUN_USD",
      "m" : "4611686018427475056"
    }, {
      "d" : "1756447834002946311",
      "t" : 1756447834002,
      "tn" : 1756447834002946311,
      "q" : "776",
      "p" : "0.023639",
      "s" : "sell",
      "i" : "GUN_USD",
      "m" : "4611686018427475055"
    }, {
      "d" : "1756447580492353935",
      "t" : 1756447580492,
      "tn" : 1756447580492353935,
      "q" : "1333",
      "p" : "0.023663",
      "s" : "sell",
      "i" : "GUN_USD",
      "m" : "4611686018427475054"
    }, {
      "d" : "1756446540389330650",
      "t" : 1756446540389,
      "tn" : 1756446540389330650,
      "q" : "1333",
      "p" : "0.023733",
      "s" : "buy",
      "i" : "GUN_USD",
      "m" : "4611686018427475053"
    }, {
      "d" : "1756446504874189400",
      "t" : 1756446504874,
      "tn" : 1756446504874189400,
      "q" : "776",
      "p" : "0.023709",
      "s" : "buy",
      "i" : "GUN_USD",
      "m" : "4611686018427475052"
    }, {
      "d" : "1756446504374162649",
      "t" : 1756446504374,
      "tn" : 1756446504374162649,
      "q" : "496",
      "p" : "0.023703",
      "s" : "buy",
      "i" : "GUN_USD",
      "m" : "4611686018427475051"
    }, {
      "d" : "1756446465671885027",
      "t" : 1756446465671,
      "tn" : 1756446465671885027,
      "q" : "777",
      "p" : "0.023685",
      "s" : "buy",
      "i" : "GUN_USD",
      "m" : "4611686018427475050"
    }, {
      "d" : "1756446414117177314",
      "t" : 1756446414117,
      "tn" : 1756446414117177314,
      "q" : "1000",
      "p" : "0.023661",
      "s" : "buy",
      "i" : "GUN_USD",
      "m" : "4611686018427475049"
    }, {
      "d" : "1756445962248132870",
      "t" : 1756445962248,
      "tn" : 1756445962248132870,
      "q" : "779",
      "p" : "0.023637",
      "s" : "buy",
      "i" : "GUN_USD",
      "m" : "4611686018427475048"
    }, {
      "d" : "1756443928017222182",
      "t" : 1756443928017,
      "tn" : 1756443928017222182,
      "q" : "779",
      "p" : "0.023567",
      "s" : "sell",
      "i" : "GUN_USD",
      "m" : "4611686018427475047"
    }, {
      "d" : "1756443454989143319",
      "t" : 1756443454989,
      "tn" : 1756443454989143319,
      "q" : "1000",
      "p" : "0.023591",
      "s" : "sell",
      "i" : "GUN_USD",
      "m" : "4611686018427475046"
    }, {
      "d" : "1756443454489124119",
      "t" : 1756443454489,
      "tn" : 1756443454489124119,
      "q" : "496",
      "p" : "0.023596",
      "s" : "sell",
      "i" : "GUN_USD",
      "m" : "4611686018427475045"
    }, {
      "d" : "1756443395260273002",
      "t" : 1756443395260,
      "tn" : 1756443395260273002,
      "q" : "777",
      "p" : "0.023615",
      "s" : "sell",
      "i" : "GUN_USD",
      "m" : "4611686018427475044"
    }, {
      "d" : "1756443394760270471",
      "t" : 1756443394760,
      "tn" : 1756443394760270471,
      "q" : "797",
      "p" : "0.023631",
      "s" : "sell",
      "i" : "GUN_USD",
      "m" : "4611686018427475043"
    }, {
      "d" : "1756443366757509979",
      "t" : 1756443366757,
      "tn" : 1756443366757509979,
      "q" : "776",
      "p" : "0.023639",
      "s" : "sell",
      "i" : "GUN_USD",
      "m" : "4611686018427475042"
    } ]
  }
}