{
  "id" : -1,
  "method" : "public/get-trades",
  "code" : 0,
  "result" : {
    "data" : [ {
      "d" : "1756458305001660835",
      "t" : 1756458305001,
      "tn" : 1756458305001660834,
      "q" : "15490",
      "p" : "0.002450",
      "s" : "sell",
      "i" : "H2_USD",
      "m" : "4611686018427402646"
    }, {
      "d" : "1756458305001660834",
      "t" : 1756458305001,
      "tn" : 1756458305001660834,
      "q" : "17690",
      "p" : "0.002450",
      "s" : "sell",
      "i" : "H2_USD",
      "m" : "4611686018427402646"
    }, {
      "d" : "1756458305001658024",
      "t" : 1756458305001,
      "tn" : 1756458305001658024,
      "q" : "35390",
      "p" : "0.002456",
      "s" : "sell",
      "i" : "H2_USD",
      "m" : "4611686018427402645"
    }, {
      "d" : "1756458305001655712",
      "t" : 1756458305001,
      "tn" : 1756458305001655711,
      "q" : "15620",
      "p" : "0.002457",
      "s" : "sell",
      "i" : "H2_USD",
      "m" : "4611686018427402644"
    }, {
      "d" : "1756458305001655711",
      "t" : 1756458305001,
      "tn" : 1756458305001655711,
      "q" : "17690",
      "p" : "0.002457",
      "s" : "sell",
      "i" : "H2_USD",
      "m" : "4611686018427402644"
    }, {
      "d" : "1756458305001652579",
      "t" : 1756458305001,
      "tn" : 1756458305001652579,
      "q" : "34310",
      "p" : "0.002459",
      "s" : "sell",
      "i" : "H2_USD",
      "m" : "4611686018427402643"
    }, {
      "d" : "1756458305001649579",
      "t" : 1756458305001,
      "tn" : 1756458305001649579,
      "q" : "17690",
      "p" : "0.002464",
      "s" : "sell",
      "i" : "H2_USD",
      "m" : "4611686018427402642"
    }, {
      "d" : "1756458305001647006",
      "t" : 1756458305001,
      "tn" : 1756458305001647006,
      "q" : "16120",
      "p" : "0.002466",
      "s" : "sell",
      "i" : "H2_USD",
      "m" : "4611686018427402641"
    }, {
      "d" : "1756455318443907358",
      "t" : 1756455318443,
      "tn" : 1756455318443907358,
      "q" : "3900",
      "p" : "0.002508",
      "s" : "sell",
      "i" : "H2_USD",
      "m" : "4611686018427402640"
    }, {
      "d" : "1756455318443905626",
      "t" : 1756455318443,
      "tn" : 1756455318443905626,
      "q" : "400",
      "p" : "0.002522",
      "s" : "sell",
      "i" : "H2_USD",
      "m" : "4611686018427402639"
    }, {
      "d" : "1756454669470644712",
      "t" : 1756454669470,
      "tn" : 1756454669470644712,
      "q" : "860",
      "p" : "0.002548",
      "s" : "sell",
      "i" : "H2_USD",
      "m" : "4611686018427402638"
    }, {
      "d" : "1756454669470642675",
      "t" : 1756454669470,
      "tn" : 1756454669470642675,
      "q" : "16120",
      "p" : "0.002549",
      "s" : "sell",
      "i" : "H2_USD",
      "m" : "4611686018427402637"
    }, {
      "d" : "1756454669470639908",
      "t" : 1756454669470,
      "tn" : 1756454669470639908,
      "q" : "400",
      "p" : "0.002564",
      "s" : "sell",
      "i" : "H2_USD",
      "m" : "4611686018427402636"
    }, {
      "d" : "1756440234051540770",
      "t" : 1756440234051,
      "tn" : 1756440234051540770,
      "q" : "7450",
      "p" : "0.002521",
      "s" : "sell",
      "i" : "H2_USD",
      "m" : "4611686018427402635"
    }, {
      "d" : "1756440234051538526",
      "t" : 1756440234051,
      "tn" : 1756440234051538526,
      "q" : "400",
      "p" : "0.002533",
      "s" : "sell",
      "i" : "H2_USD",
      "m" : "4611686018427402634"
    }, {
      "d" : "1756440226491860079",
      "t" : 1756440226491,
      "tn" : 1756440226491860079,
      "q" : "3210",
      "p" : "0.002523",
      "s" : "sell",
      "i" : "H2_USD",
      "m" : "4611686018427402633"
    }, {
      "d" : "1756440226491858295",
      "t" : 1756440226491,
      "tn" : 1756440226491858295,
      "q" : "400",
      "p" : "0.002537",
      "s" : "sell",
      "i" : "H2_USD",
      "m" : "4611686018427402632"
    }, {
      "d" : "1756440226491855353",
      "t" : 1756440226491,
      "tn" : 1756440226491855353,
      "q" : "5760",
      "p" : "0.002599",
      "s" : "sell",
      "i" : "H2_USD",
      "m" : "4611686018427402631"
    }, {
      "d" : "1756440226491852605",
      "t" : 1756440226491,
      "tn" : 1756440226491852605,
      "q" : "5000",
      "p" : "0.002600",
      "s" : "sell",
      "i" : "H2_USD",
      "m" : "4611686018427402630"
    }, {
      "d" : "1756426282575824612",
      "t" : 1756426282575,
      "tn" : 1756426282575824612,
      "q" : "1820",
      "p" : "0.002937",
      "s" : "sell",
      "i" : "H2_USD",
      "m" : "4611686018427402629"
    }, {
      "d" : "1756425671946194274",
      "t" : 1756425671946,
      "tn" : 1756425671946194274,
      "q" : "1030",
      "p" : "0.002918",
      "s" : "buy",
      "i" : "H2_USD",
      "m" : "4611686018427402628"
    }, {
      "d" : "1756422186960415825",
      "t" : 1756422186960,
      "tn" : 1756422186960415825,
      "q" : "200",
      "p" : "0.002864",
      "s" : "buy",
      "i" : "H2_USD",
      "m" : "4611686018427402627"
    }, {
      "d" : "1756422147001734994",
      "t" : 1756422147001,
      "tn" : 1756422147001734994,
      "q" : "400",
      "p" : "0.002942",
      "s" : "sell",
      "i" : "H2_USD",
      "m" : "4611686018427402626"
    }, {
      "d" : "1756422144712050364",
      "t" : 1756422144712,
      "tn" : 1756422144712050364,
      "q" : "1290",
      "p" : "0.002858",
      "s" : "buy",
      "i" : "H2_USD",
      "m" : "4611686018427402625"
    }, {
      "d" : "1756421419112456045",
      "t" : 1756421419112,
      "tn" : 1756421419112456045,
      "q" : "400",
      "p" : "0.002871",
      "s" : "sell",
      "i" : "H2_USD",
      "m" : "4611686018427402624"
    }, {
      "d" : "1756419383571116627",
      "t" : 1756419383571,
      "tn" : 1756419383571116627,
      "q" : "910",
      "p" : "0.002850",
      "s" : "buy",
      "i" : "H2_USD",
      "m" : "4611686018427402623"
    }, {
      "d" : "1756418809702475161",
      "t" : 1756418809702,
      "tn" : 1756418809702475161,
      "q" : "360",
      "p" : "0.002846",
      "s" : "buy",
      "i" : "H2_USD",
      "m" : "4611686018427402622"
    }, {
      "d" : "1756404438534759865",
      "t" : 1756404438534,
      "tn" : 1756404438534759865,
      "q" : "1510",
      "p" : "0.002636",
      "s" : "sell",
      "i" : "H2_USD",
      "m" : "4611686018427402621"
    }, {
      "d" : "1756404438534758055",
      "t" : 1756404438534,
      "tn" : 1756404438534758055,
      "q" : "400",
      "p" : "0.002652",
      "s" : "sell",
      "i" : "H2_USD",
      "m" : "4611686018427402620"
    }, {
      "d" : "1756404396815611926",
      "t" : 1756404396815,
      "tn" : 1756404396815611926,
      "q" : "400",
      "p" : "0.002657",
      "s" : "sell",
      "i" : "H2_USD",
      "m" : "4611686018427402619"
    }, {
      "d" : "1756404303452050765",
      "t" : 1756404303452,
      "tn" : 1756404303452050765,
      "q" : "400",
      "p" : "0.002654",
      "s" : "sell",
      "i" : "H2_USD",
      "m" : "4611686018427402618"
    }, {
      "d" : "1756404284497414489",
      "t" : 1756404284497,
      "tn" : 1756404284497414489,
      "q" : "400",
      "p" : "0.002651",
      "s" : "sell",
      "i" : "H2_USD",
      "m" : "4611686018427402617"
    }, {
      "d" : "1756403774623475042",
      "t" : 1756403774623,
      "tn" : 1756403774623475042,
      "q" : "400",
      "p" : "0.002638",
      "s" : "sell",
      "i" : "H2_USD",
      "m" : "4611686018427402616"
    }, {
      "d" : "1756403085617472743",
      "t" : 1756403085617,
      "tn" : 1756403085617472743,
      "q" : "400",
      "p" : "0.002663",
      "s" : "sell",
      "i" : "H2_USD",
      "m" : "4611686018427402615"
    }, {
      "d" : "1756402831160193724",
      "t" : 1756402831160,
      "tn" : 1756402831160193724,
      "q" : "5280",
      "p" : "0.002820",
      "s" : "sell",
      "i" : "H2_USD",
      "m" : "4611686018427402614"
    }, {
      "d" : "1756397459875938133",
      "t" : 1756397459875,
      "tn" : 1756397459875938133,
      "q" : "10130",
      "p" : "0.002800",
      "s" : "sell",
      "i" : "H2_USD",
      "m" : "4611686018427402613"
    }, {
      "d" : "1756389723574823195",
      "t" : 1756389723574,
      "tn" : 1756389723574823195,
      "q" : "1850",
      "p" : "0.002985",
      "s" : "sell",
      "i" : "H2_USD",
      "m" : "4611686018427402612"
    }, {
      "d" : "1756389723574821269",
      "t" : 1756389723574,
      "tn" : 1756389723574821269,
      "q" : "400",
      "p" : "0.003005",
      "s" : "sell",
      "i" : "H2_USD",
      "m" : "4611686018427402611"
    }, {
      "d" : "1756389292632470601",
      "t" : 1756389292632,
      "tn" : 1756389292632470601,
      "q" : "3770",
      "p" : "0.003110",
      "s" : "sell",
      "i" : "H2_USD",
      "m" : "4611686018427402610"
    }, {
      "d" : "1756388943094090775",
      "t" : 1756388943094,
      "tn" : 1756388943094090775,
      "q" : "2550",
      "p" : "0.003110",
      "s" : "sell",
      "i" : "H2_USD",
      "m" : "4611686018427402609"
    }, {
      "d" : "1756388943094088808",
      "t" : 1756388943094,
      "tn" : 1756388943094088808,
      "q" : "10390",
      "p" : "0.003159",
      "s" : "sell",
      "i" : "H2_USD",
      "m" : "4611686018427402608"
    }, {
      "d" : "1756388313769830992",
      "t" : 1756388313769,
      "tn" : 1756388313769830992,
      "q" : "400",
      "p" : "0.003371",
      "s" : "sell",
      "i" : "H2_USD",
      "m" : "4611686018427402607"
    }, {
      "d" : "1756388134701865128",
      "t" : 1756388134701,
      "tn" : 1756388134701865128,
      "q" : "10770",
      "p" : "0.003357",
      "s" : "sell",
      "i" : "H2_USD",
      "m" : "4611686018427402606"
    }, {
      "d" : "1756388134701863137",
      "t" : 1756388134701,
      "tn" : 1756388134701863137,
      "q" : "400",
      "p" : "0.003373",
      "s" : "sell",
      "i" : "H2_USD",
      "m" : "4611686018427402605"
    }, {
      "d" : "1756387889310647956",
      "t" : 1756387889310,
      "tn" : 1756387889310647956,
      "q" : "400",
      "p" : "0.003367",
      "s" : "sell",
      "i" : "H2_USD",
      "m" : "4611686018427402604"
    }, {
      "d" : "1756387798324118098",
      "t" : 1756387798324,
      "tn" : 1756387798324118098,
      "q" : "400",
      "p" : "0.003383",
      "s" : "sell",
      "i" : "H2_USD",
      "m" : "4611686018427402603"
    }, {
      "d" : "1756386725935915251",
      "t" : 1756386725935,
      "tn" : 1756386725935915251,
      "q" : "1650",
      "p" : "0.003350",
      "s" : "buy",
      "i" : "H2_USD",
      "m" : "4611686018427402602"
    }, {
      "d" : "1756386411751781631",
      "t" : 1756386411751,
      "tn" : 1756386411751781631,
      "q" : "11850",
      "p" : "0.003350",
      "s" : "buy",
      "i" : "H2_USD",
      "m" : "4611686018427402601"
    }, {
      "d" : "1756386214603772157",
      "t" : 1756386214603,
      "tn" : 1756386214603772157,
      "q" : "400",
      "p" : "0.003361",
      "s" : "sell",
      "i" : "H2_USD",
      "m" : "4611686018427402600"
    }, {
      "d" : "1756385615420415782",
      "t" : 1756385615420,
      "tn" : 1756385615420415782,
      "q" : "6290",
      "p" : "0.003430",
      "s" : "sell",
      "i" : "H2_USD",
      "m" : "4611686018427402599"
    }, {
      "d" : "1756385615420413460",
      "t" : 1756385615420,
      "tn" : 1756385615420413460,
      "q" : "400",
      "p" : "0.003454",
      "s" : "sell",
      "i" : "H2_USD",
      "m" : "4611686018427402598"
    }, {
      "d" : "1756385577191255801",
      "t" : 1756385577191,
      "tn" : 1756385577191255801,
      "q" : "17050",
      "p" : "0.003497",
      "s" : "buy",
      "i" : "H2_USD",
      "m" : "4611686018427402597"
    }, {
      "d" : "1756385577191254049",
      "t" : 1756385577191,
      "tn" : 1756385577191254049,
      "q" : "18340",
      "p" : "0.003493",
      "s" : "buy",
      "i" : "H2_USD",
      "m" : "4611686018427402596"
    }, {
      "d" : "1756385577191251431",
      "t" : 1756385577191,
      "tn" : 1756385577191251431,
      "q" : "16120",
      "p" : "0.003487",
      "s" : "buy",
      "i" : "H2_USD",
      "m" : "4611686018427402595"
    }, {
      "d" : "1756385577191248540",
      "t" : 1756385577191,
      "tn" : 1756385577191248540,
      "q" : "3120",
      "p" : "0.003341",
      "s" : "buy",
      "i" : "H2_USD",
      "m" : "4611686018427402594"
    }, {
      "d" : "1756385232978247098",
      "t" : 1756385232978,
      "tn" : 1756385232978247098,
      "q" : "2670",
      "p" : "0.003340",
      "s" : "sell",
      "i" : "H2_USD",
      "m" : "4611686018427402593"
    }, {
      "d" : "1756383486792307681",
      "t" : 1756383486792,
      "tn" : 1756383486792307681,
      "q" : "2580",
      "p" : "0.003340",
      "s" : "sell",
      "i" : "H2_USD",
      "m" : "4611686018427402592"
    }, {
      "d" : "1756382765628826159",
      "t" : 1756382765628,
      "tn" : 1756382765628826159,
      "q" : "11890",
      "p" : "0.003341",
      "s" : "buy",
      "i" : "H2_USD",
      "m" : "4611686018427402591"
    }, {
      "d" : "1756381894709787376",
      "t" : 1756381894709,
      "tn" : 1756381894709787376,
      "q" : "990",
      "p" : "0.003206",
      "s" : "buy",
      "i" : "H2_USD",
      "m" : "4611686018427402590"
    }, {
      "d" : "1756381691570506823",
      "t" : 1756381691570,
      "tn" : 1756381691570506823,
      "q" : "20280",
      "p" : "0.003159",
      "s" : "sell",
      "i" : "H2_USD",
      "m" : "4611686018427402589"
    }, {
      "d" : "1756381691570504407",
      "t" : 1756381691570,
      "tn" : 1756381691570504407,
      "q" : "400",
      "p" : "0.003174",
      "s" : "sell",
      "i" : "H2_USD",
      "m" : "4611686018427402588"
    }, {
      "d" : "1756380839453954284",
      "t" : 1756380839453,
      "tn" : 1756380839453954284,
      "q" : "7070",
      "p" : "0.003206",
      "s" : "buy",
      "i" : "H2_USD",
      "m" : "4611686018427402587"
    }, {
      "d" : "1756380839453952116",
      "t" : 1756380839453,
      "tn" : 1756380839453952115,
      "q" : "16120",
      "p" : "0.003200",
      "s" : "buy",
      "i" : "H2_USD",
      "m" : "4611686018427402586"
    }, {
      "d" : "1756380839453952115",
      "t" : 1756380839453,
      "tn" : 1756380839453952115,
      "q" : "3530",
      "p" : "0.003200",
      "s" : "buy",
      "i" : "H2_USD",
      "m" : "4611686018427402586"
    }, {
      "d" : "1756380839453947556",
      "t" : 1756380839453,
      "tn" : 1756380839453947556,
      "q" : "400",
      "p" : "0.003185",
      "s" : "buy",
      "i" : "H2_USD",
      "m" : "4611686018427402585"
    }, {
      "d" : "1756380839453945045",
      "t" : 1756380839453,
      "tn" : 1756380839453945045,
      "q" : "4150",
      "p" : "0.003160",
      "s" : "buy",
      "i" : "H2_USD",
      "m" : "4611686018427402584"
    }, {
      "d" : "1756379713515130026",
      "t" : 1756379713515,
      "tn" : 1756379713515130026,
      "q" : "980",
      "p" : "0.003159",
      "s" : "sell",
      "i" : "H2_USD",
      "m" : "4611686018427402583"
    }, {
      "d" : "1756378925887211182",
      "t" : 1756378925887,
      "tn" : 1756378925887211182,
      "q" : "3210",
      "p" : "0.003137",
      "s" : "sell",
      "i" : "H2_USD",
      "m" : "4611686018427402582"
    }, {
      "d" : "1756378925887209368",
      "t" : 1756378925887,
      "tn" : 1756378925887209368,
      "q" : "400",
      "p" : "0.003155",
      "s" : "sell",
      "i" : "H2_USD",
      "m" : "4611686018427402581"
    }, {
      "d" : "1756375187648672037",
      "t" : 1756375187648,
      "tn" : 1756375187648672037,
      "q" : "3900",
      "p" : "0.003092",
      "s" : "sell",
      "i" : "H2_USD",
      "m" : "4611686018427402580"
    }, {
      "d" : "1756375187648669959",
      "t" : 1756375187648,
      "tn" : 1756375187648669959,
      "q" : "400",
      "p" : "0.003108",
      "s" : "sell",
      "i" : "H2_USD",
      "m" : "4611686018427402579"
    } ]
  }
}