{
  "id" : -1,
  "method" : "public/get-trades",
  "code" : 0,
  "result" : {
    "data" : [ {
      "d" : "1756460691270483644",
      "t" : 1756460691270,
      "tn" : 1756460691270483644,
      "q" : "1406",
      "p" : "0.028440",
      "s" : "sell",
      "i" : "H_USD",
      "m" : "4611686018427428411"
    }, {
      "d" : "1756460691243679130",
      "t" : 1756460691243,
      "tn" : 1756460691243679130,
      "q" : "14065",
      "p" : "0.028440",
      "s" : "sell",
      "i" : "H_USD",
      "m" : "4611686018427428410"
    }, {
      "d" : "1756460691211809562",
      "t" : 1756460691211,
      "tn" : 1756460691211809562,
      "q" : "1269",
      "p" : "0.028440",
      "s" : "sell",
      "i" : "H_USD",
      "m" : "4611686018427428409"
    }, {
      "d" : "1756460691174031166",
      "t" : 1756460691174,
      "tn" : 1756460691174031166,
      "q" : "17581",
      "p" : "0.028440",
      "s" : "sell",
      "i" : "H_USD",
      "m" : "4611686018427428408"
    }, {
      "d" : "1756460691130375817",
      "t" : 1756460691130,
      "tn" : 1756460691130375817,
      "q" : "3286",
      "p" : "0.028440",
      "s" : "sell",
      "i" : "H_USD",
      "m" : "4611686018427428407"
    }, {
      "d" : "1756460691113537420",
      "t" : 1756460691113,
      "tn" : 1756460691113537420,
      "q" : "17581",
      "p" : "0.028440",
      "s" : "sell",
      "i" : "H_USD",
      "m" : "4611686018427428406"
    }, {
      "d" : "1756460691089100046",
      "t" : 1756460691089,
      "tn" : 1756460691089100046,
      "q" : "17581",
      "p" : "0.028440",
      "s" : "sell",
      "i" : "H_USD",
      "m" : "4611686018427428405"
    }, {
      "d" : "1756460691074398159",
      "t" : 1756460691074,
      "tn" : 1756460691074398159,
      "q" : "31049",
      "p" : "0.028437",
      "s" : "buy",
      "i" : "H_USD",
      "m" : "4611686018427428404"
    }, {
      "d" : "1756460691074395475",
      "t" : 1756460691074,
      "tn" : 1756460691074395475,
      "q" : "28495",
      "p" : "0.028418",
      "s" : "buy",
      "i" : "H_USD",
      "m" : "4611686018427428403"
    }, {
      "d" : "1756460691074393531",
      "t" : 1756460691074,
      "tn" : 1756460691074393531,
      "q" : "24174",
      "p" : "0.028400",
      "s" : "buy",
      "i" : "H_USD",
      "m" : "4611686018427428402"
    }, {
      "d" : "1756460691074390512",
      "t" : 1756460691074,
      "tn" : 1756460691074390512,
      "q" : "7252",
      "p" : "0.028399",
      "s" : "buy",
      "i" : "H_USD",
      "m" : "4611686018427428401"
    }, {
      "d" : "1756460691074387433",
      "t" : 1756460691074,
      "tn" : 1756460691074387433,
      "q" : "4453",
      "p" : "0.028381",
      "s" : "buy",
      "i" : "H_USD",
      "m" : "4611686018427428400"
    }, {
      "d" : "1756460691074385015",
      "t" : 1756460691074,
      "tn" : 1756460691074385015,
      "q" : "2191",
      "p" : "0.028377",
      "s" : "buy",
      "i" : "H_USD",
      "m" : "4611686018427428399"
    }, {
      "d" : "1756460176013350155",
      "t" : 1756460176013,
      "tn" : 1756460176013350155,
      "q" : "2448",
      "p" : "0.028350",
      "s" : "sell",
      "i" : "H_USD",
      "m" : "4611686018427428398"
    }, {
      "d" : "1756460176013006838",
      "t" : 1756460176013,
      "tn" : 1756460176013006838,
      "q" : "3169",
      "p" : "0.028350",
      "s" : "sell",
      "i" : "H_USD",
      "m" : "4611686018427428397"
    }, {
      "d" : "1756460171119374900",
      "t" : 1756460171119,
      "tn" : 1756460171119374900,
      "q" : "2600",
      "p" : "0.028350",
      "s" : "sell",
      "i" : "H_USD",
      "m" : "4611686018427428396"
    }, {
      "d" : "1756460167207664107",
      "t" : 1756460167207,
      "tn" : 1756460167207664107,
      "q" : "7000",
      "p" : "0.028350",
      "s" : "sell",
      "i" : "H_USD",
      "m" : "4611686018427428395"
    }, {
      "d" : "1756460103585078555",
      "t" : 1756460103585,
      "tn" : 1756460103585078555,
      "q" : "7000",
      "p" : "0.028350",
      "s" : "sell",
      "i" : "H_USD",
      "m" : "4611686018427428394"
    }, {
      "d" : "1756460096812005419",
      "t" : 1756460096812,
      "tn" : 1756460096812005419,
      "q" : "6000",
      "p" : "0.028350",
      "s" : "sell",
      "i" : "H_USD",
      "m" : "4611686018427428393"
    }, {
      "d" : "1756460094760338602",
      "t" : 1756460094760,
      "tn" : 1756460094760338602,
      "q" : "7000",
      "p" : "0.028350",
      "s" : "sell",
      "i" : "H_USD",
      "m" : "4611686018427428392"
    }, {
      "d" : "1756460080729033492",
      "t" : 1756460080729,
      "tn" : 1756460080729033492,
      "q" : "1000",
      "p" : "0.028350",
      "s" : "sell",
      "i" : "H_USD",
      "m" : "4611686018427428391"
    }, {
      "d" : "1756459972618797092",
      "t" : 1756459972618,
      "tn" : 1756459972618797092,
      "q" : "7000",
      "p" : "0.028350",
      "s" : "sell",
      "i" : "H_USD",
      "m" : "4611686018427428390"
    }, {
      "d" : "1756459964497797310",
      "t" : 1756459964497,
      "tn" : 1756459964497797310,
      "q" : "6998",
      "p" : "0.028350",
      "s" : "sell",
      "i" : "H_USD",
      "m" : "4611686018427428389"
    }, {
      "d" : "1756459552607463565",
      "t" : 1756459552607,
      "tn" : 1756459552607463565,
      "q" : "4661",
      "p" : "0.028368",
      "s" : "buy",
      "i" : "H_USD",
      "m" : "4611686018427428388"
    }, {
      "d" : "1756459552607462287",
      "t" : 1756459552607,
      "tn" : 1756459552607462287,
      "q" : "994",
      "p" : "0.028364",
      "s" : "buy",
      "i" : "H_USD",
      "m" : "4611686018427428387"
    }, {
      "d" : "1756459552534893891",
      "t" : 1756459552534,
      "tn" : 1756459552534893891,
      "q" : "2360",
      "p" : "0.028338",
      "s" : "buy",
      "i" : "H_USD",
      "m" : "4611686018427428386"
    }, {
      "d" : "1756459356287414681",
      "t" : 1756459356287,
      "tn" : 1756459356287414681,
      "q" : "2338",
      "p" : "0.028403",
      "s" : "buy",
      "i" : "H_USD",
      "m" : "4611686018427428385"
    }, {
      "d" : "1756459118078800554",
      "t" : 1756459118078,
      "tn" : 1756459118078800554,
      "q" : "2205",
      "p" : "0.028376",
      "s" : "buy",
      "i" : "H_USD",
      "m" : "4611686018427428384"
    }, {
      "d" : "1756454937646935383",
      "t" : 1756454937646,
      "tn" : 1756454937646935383,
      "q" : "2484",
      "p" : "0.028632",
      "s" : "sell",
      "i" : "H_USD",
      "m" : "4611686018427428383"
    }, {
      "d" : "1756454937646932664",
      "t" : 1756454937646,
      "tn" : 1756454937646932664,
      "q" : "4602",
      "p" : "0.028636",
      "s" : "sell",
      "i" : "H_USD",
      "m" : "4611686018427428382"
    }, {
      "d" : "1756454842859465582",
      "t" : 1756454842859,
      "tn" : 1756454842859465582,
      "q" : "2744",
      "p" : "0.028750",
      "s" : "buy",
      "i" : "H_USD",
      "m" : "4611686018427428381"
    }, {
      "d" : "1756454825424514492",
      "t" : 1756454825424,
      "tn" : 1756454825424514492,
      "q" : "4205",
      "p" : "0.028750",
      "s" : "buy",
      "i" : "H_USD",
      "m" : "4611686018427428380"
    }, {
      "d" : "1756454822571885073",
      "t" : 1756454822571,
      "tn" : 1756454822571885073,
      "q" : "24174",
      "p" : "0.028756",
      "s" : "sell",
      "i" : "H_USD",
      "m" : "4611686018427428379"
    }, {
      "d" : "1756453092691230750",
      "t" : 1756453092691,
      "tn" : 1756453092691230750,
      "q" : "754",
      "p" : "0.029000",
      "s" : "buy",
      "i" : "H_USD",
      "m" : "4611686018427428378"
    }, {
      "d" : "1756452795029378586",
      "t" : 1756452795029,
      "tn" : 1756452795029378586,
      "q" : "6899",
      "p" : "0.029000",
      "s" : "buy",
      "i" : "H_USD",
      "m" : "4611686018427428377"
    }, {
      "d" : "1756452793023828842",
      "t" : 1756452793023,
      "tn" : 1756452793023828842,
      "q" : "2755",
      "p" : "0.029000",
      "s" : "buy",
      "i" : "H_USD",
      "m" : "4611686018427428376"
    }, {
      "d" : "1756452791356778479",
      "t" : 1756452791356,
      "tn" : 1756452791356778479,
      "q" : "6880",
      "p" : "0.029000",
      "s" : "buy",
      "i" : "H_USD",
      "m" : "4611686018427428375"
    }, {
      "d" : "1756452789249169925",
      "t" : 1756452789249,
      "tn" : 1756452789249169925,
      "q" : "5884",
      "p" : "0.029000",
      "s" : "buy",
      "i" : "H_USD",
      "m" : "4611686018427428374"
    }, {
      "d" : "1756452789246237759",
      "t" : 1756452789246,
      "tn" : 1756452789246237759,
      "q" : "994",
      "p" : "0.029000",
      "s" : "buy",
      "i" : "H_USD",
      "m" : "4611686018427428373"
    }, {
      "d" : "1756452787833043025",
      "t" : 1756452787833,
      "tn" : 1756452787833043025,
      "q" : "3103",
      "p" : "0.029000",
      "s" : "buy",
      "i" : "H_USD",
      "m" : "4611686018427428372"
    }, {
      "d" : "1756452787678011603",
      "t" : 1756452787678,
      "tn" : 1756452787678011603,
      "q" : "3103",
      "p" : "0.029000",
      "s" : "buy",
      "i" : "H_USD",
      "m" : "4611686018427428371"
    }, {
      "d" : "1756452787589443548",
      "t" : 1756452787589,
      "tn" : 1756452787589443548,
      "q" : "3103",
      "p" : "0.029000",
      "s" : "buy",
      "i" : "H_USD",
      "m" : "4611686018427428370"
    }, {
      "d" : "1756452787553860767",
      "t" : 1756452787553,
      "tn" : 1756452787553860767,
      "q" : "3103",
      "p" : "0.029000",
      "s" : "buy",
      "i" : "H_USD",
      "m" : "4611686018427428369"
    }, {
      "d" : "1756452787259781981",
      "t" : 1756452787259,
      "tn" : 1756452787259781981,
      "q" : "3103",
      "p" : "0.029000",
      "s" : "buy",
      "i" : "H_USD",
      "m" : "4611686018427428368"
    }, {
      "d" : "1756452787219531958",
      "t" : 1756452787219,
      "tn" : 1756452787219531958,
      "q" : "3103",
      "p" : "0.029000",
      "s" : "buy",
      "i" : "H_USD",
      "m" : "4611686018427428367"
    }, {
      "d" : "1756452787153320492",
      "t" : 1756452787153,
      "tn" : 1756452787153320492,
      "q" : "3103",
      "p" : "0.029000",
      "s" : "buy",
      "i" : "H_USD",
      "m" : "4611686018427428366"
    }, {
      "d" : "1756452786817851816",
      "t" : 1756452786817,
      "tn" : 1756452786817851816,
      "q" : "6878",
      "p" : "0.029000",
      "s" : "buy",
      "i" : "H_USD",
      "m" : "4611686018427428365"
    }, {
      "d" : "1756452781066690554",
      "t" : 1756452781066,
      "tn" : 1756452781066690554,
      "q" : "6888",
      "p" : "0.029000",
      "s" : "buy",
      "i" : "H_USD",
      "m" : "4611686018427428364"
    }, {
      "d" : "1756452779192242838",
      "t" : 1756452779192,
      "tn" : 1756452779192242838,
      "q" : "6885",
      "p" : "0.029000",
      "s" : "buy",
      "i" : "H_USD",
      "m" : "4611686018427428363"
    }, {
      "d" : "1756452777278852964",
      "t" : 1756452777278,
      "tn" : 1756452777278852964,
      "q" : "6890",
      "p" : "0.029000",
      "s" : "buy",
      "i" : "H_USD",
      "m" : "4611686018427428362"
    }, {
      "d" : "1756452772467091163",
      "t" : 1756452772467,
      "tn" : 1756452772467091163,
      "q" : "6890",
      "p" : "0.029000",
      "s" : "buy",
      "i" : "H_USD",
      "m" : "4611686018427428361"
    }, {
      "d" : "1756452071051603750",
      "t" : 1756452071051,
      "tn" : 1756452071051603750,
      "q" : "7191",
      "p" : "0.029000",
      "s" : "buy",
      "i" : "H_USD",
      "m" : "4611686018427428360"
    }, {
      "d" : "1756452060297344648",
      "t" : 1756452060297,
      "tn" : 1756452060297344648,
      "q" : "801",
      "p" : "0.029000",
      "s" : "buy",
      "i" : "H_USD",
      "m" : "4611686018427428359"
    }, {
      "d" : "1756452043852710497",
      "t" : 1756452043852,
      "tn" : 1756452043852710497,
      "q" : "6884",
      "p" : "0.029000",
      "s" : "buy",
      "i" : "H_USD",
      "m" : "4611686018427428358"
    }, {
      "d" : "1756452039348998949",
      "t" : 1756452039348,
      "tn" : 1756452039348998949,
      "q" : "5001",
      "p" : "0.029000",
      "s" : "buy",
      "i" : "H_USD",
      "m" : "4611686018427428357"
    }, {
      "d" : "1756452032751373139",
      "t" : 1756452032751,
      "tn" : 1756452032751373139,
      "q" : "1712",
      "p" : "0.029000",
      "s" : "buy",
      "i" : "H_USD",
      "m" : "4611686018427428356"
    }, {
      "d" : "1756452028276353023",
      "t" : 1756452028276,
      "tn" : 1756452028276353023,
      "q" : "6900",
      "p" : "0.029000",
      "s" : "buy",
      "i" : "H_USD",
      "m" : "4611686018427428355"
    }, {
      "d" : "1756452022072601781",
      "t" : 1756452022072,
      "tn" : 1756452022072601781,
      "q" : "3103",
      "p" : "0.029000",
      "s" : "buy",
      "i" : "H_USD",
      "m" : "4611686018427428354"
    }, {
      "d" : "1756452022029700797",
      "t" : 1756452022029,
      "tn" : 1756452022029700797,
      "q" : "3103",
      "p" : "0.029000",
      "s" : "buy",
      "i" : "H_USD",
      "m" : "4611686018427428353"
    }, {
      "d" : "1756452021730935020",
      "t" : 1756452021730,
      "tn" : 1756452021730935020,
      "q" : "3103",
      "p" : "0.029000",
      "s" : "buy",
      "i" : "H_USD",
      "m" : "4611686018427428352"
    }, {
      "d" : "1756452021511974871",
      "t" : 1756452021511,
      "tn" : 1756452021511974871,
      "q" : "3103",
      "p" : "0.029000",
      "s" : "buy",
      "i" : "H_USD",
      "m" : "4611686018427428351"
    }, {
      "d" : "1756452021490396184",
      "t" : 1756452021490,
      "tn" : 1756452021490396184,
      "q" : "3103",
      "p" : "0.029000",
      "s" : "buy",
      "i" : "H_USD",
      "m" : "4611686018427428350"
    }, {
      "d" : "1756452021463282440",
      "t" : 1756452021463,
      "tn" : 1756452021463282440,
      "q" : "3103",
      "p" : "0.029000",
      "s" : "buy",
      "i" : "H_USD",
      "m" : "4611686018427428349"
    }, {
      "d" : "1756452021292056402",
      "t" : 1756452021292,
      "tn" : 1756452021292056402,
      "q" : "1724",
      "p" : "0.029000",
      "s" : "buy",
      "i" : "H_USD",
      "m" : "4611686018427428348"
    }, {
      "d" : "1756452020052882361",
      "t" : 1756452020052,
      "tn" : 1756452020052882361,
      "q" : "3103",
      "p" : "0.029000",
      "s" : "buy",
      "i" : "H_USD",
      "m" : "4611686018427428347"
    }, {
      "d" : "1756452019857739411",
      "t" : 1756452019857,
      "tn" : 1756452019857739411,
      "q" : "3103",
      "p" : "0.029000",
      "s" : "buy",
      "i" : "H_USD",
      "m" : "4611686018427428346"
    }, {
      "d" : "1756451990271104009",
      "t" : 1756451990271,
      "tn" : 1756451990271104009,
      "q" : "6045",
      "p" : "0.029000",
      "s" : "buy",
      "i" : "H_USD",
      "m" : "4611686018427428345"
    }, {
      "d" : "1756451983091940067",
      "t" : 1756451983091,
      "tn" : 1756451983091940067,
      "q" : "6894",
      "p" : "0.029000",
      "s" : "buy",
      "i" : "H_USD",
      "m" : "4611686018427428344"
    }, {
      "d" : "1756451959590301769",
      "t" : 1756451959590,
      "tn" : 1756451959590301769,
      "q" : "6891",
      "p" : "0.029000",
      "s" : "buy",
      "i" : "H_USD",
      "m" : "4611686018427428343"
    }, {
      "d" : "1756451954845201644",
      "t" : 1756451954845,
      "tn" : 1756451954845201644,
      "q" : "3439",
      "p" : "0.029000",
      "s" : "buy",
      "i" : "H_USD",
      "m" : "4611686018427428342"
    }, {
      "d" : "1756451954837175845",
      "t" : 1756451954837,
      "tn" : 1756451954837175845,
      "q" : "6888",
      "p" : "0.029000",
      "s" : "buy",
      "i" : "H_USD",
      "m" : "4611686018427428341"
    }, {
      "d" : "1756451953072043324",
      "t" : 1756451953072,
      "tn" : 1756451953072043324,
      "q" : "6800",
      "p" : "0.029000",
      "s" : "buy",
      "i" : "H_USD",
      "m" : "4611686018427428340"
    }, {
      "d" : "1756451943120628247",
      "t" : 1756451943120,
      "tn" : 1756451943120628247,
      "q" : "1182",
      "p" : "0.029000",
      "s" : "buy",
      "i" : "H_USD",
      "m" : "4611686018427428339"
    }, {
      "d" : "1756451921890147386",
      "t" : 1756451921890,
      "tn" : 1756451921890147386,
      "q" : "1510",
      "p" : "0.029000",
      "s" : "buy",
      "i" : "H_USD",
      "m" : "4611686018427428338"
    }, {
      "d" : "1756451907167796163",
      "t" : 1756451907167,
      "tn" : 1756451907167796163,
      "q" : "3169",
      "p" : "0.029000",
      "s" : "buy",
      "i" : "H_USD",
      "m" : "4611686018427428337"
    }, {
      "d" : "1756451898525435608",
      "t" : 1756451898525,
      "tn" : 1756451898525435608,
      "q" : "854",
      "p" : "0.029000",
      "s" : "buy",
      "i" : "H_USD",
      "m" : "4611686018427428336"
    }, {
      "d" : "1756451897423835845",
      "t" : 1756451897423,
      "tn" : 1756451897423835845,
      "q" : "6893",
      "p" : "0.029000",
      "s" : "buy",
      "i" : "H_USD",
      "m" : "4611686018427428335"
    }, {
      "d" : "1756451476256285366",
      "t" : 1756451476256,
      "tn" : 1756451476256285366,
      "q" : "1856",
      "p" : "0.029248",
      "s" : "buy",
      "i" : "H_USD",
      "m" : "4611686018427428334"
    }, {
      "d" : "1756451476256279899",
      "t" : 1756451476256,
      "tn" : 1756451476256279899,
      "q" : "22318",
      "p" : "0.029248",
      "s" : "buy",
      "i" : "H_USD",
      "m" : "4611686018427428333"
    }, {
      "d" : "1756449606174929160",
      "t" : 1756449606174,
      "tn" : 1756449606174929160,
      "q" : "6205",
      "p" : "0.029477",
      "s" : "sell",
      "i" : "H_USD",
      "m" : "4611686018427428332"
    }, {
      "d" : "1756449606142763426",
      "t" : 1756449606142,
      "tn" : 1756449606142763426,
      "q" : "12422",
      "p" : "0.029477",
      "s" : "sell",
      "i" : "H_USD",
      "m" : "4611686018427428331"
    }, {
      "d" : "1756448633323633282",
      "t" : 1756448633323,
      "tn" : 1756448633323633282,
      "q" : "2290",
      "p" : "0.029788",
      "s" : "sell",
      "i" : "H_USD",
      "m" : "4611686018427428330"
    }, {
      "d" : "1756448533741829331",
      "t" : 1756448533741,
      "tn" : 1756448533741829331,
      "q" : "2492",
      "p" : "0.029874",
      "s" : "buy",
      "i" : "H_USD",
      "m" : "4611686018427428329"
    }, {
      "d" : "1756447998658727221",
      "t" : 1756447998658,
      "tn" : 1756447998658727221,
      "q" : "4699",
      "p" : "0.029863",
      "s" : "buy",
      "i" : "H_USD",
      "m" : "4611686018427428328"
    }, {
      "d" : "1756445962575211285",
      "t" : 1756445962575,
      "tn" : 1756445962575211285,
      "q" : "4396",
      "p" : "0.030150",
      "s" : "buy",
      "i" : "H_USD",
      "m" : "4611686018427428327"
    }, {
      "d" : "1756444038850351346",
      "t" : 1756444038850,
      "tn" : 1756444038850351346,
      "q" : "2220",
      "p" : "0.030344",
      "s" : "buy",
      "i" : "H_USD",
      "m" : "4611686018427428326"
    }, {
      "d" : "1756417024562168238",
      "t" : 1756417024562,
      "tn" : 1756417024562168238,
      "q" : "2187",
      "p" : "0.029880",
      "s" : "sell",
      "i" : "H_USD",
      "m" : "4611686018427428325"
    }, {
      "d" : "1756417020571540619",
      "t" : 1756417020571,
      "tn" : 1756417020571540619,
      "q" : "324",
      "p" : "0.029880",
      "s" : "sell",
      "i" : "H_USD",
      "m" : "4611686018427428324"
    }, {
      "d" : "1756417016657377244",
      "t" : 1756417016657,
      "tn" : 1756417016657377244,
      "q" : "837",
      "p" : "0.029880",
      "s" : "sell",
      "i" : "H_USD",
      "m" : "4611686018427428323"
    }, {
      "d" : "1756417016632395584",
      "t" : 1756417016632,
      "tn" : 1756417016632395584,
      "q" : "1339",
      "p" : "0.029880",
      "s" : "sell",
      "i" : "H_USD",
      "m" : "4611686018427428322"
    }, {
      "d" : "1756417015705578157",
      "t" : 1756417015705,
      "tn" : 1756417015705578157,
      "q" : "837",
      "p" : "0.029879",
      "s" : "sell",
      "i" : "H_USD",
      "m" : "4611686018427428321"
    }, {
      "d" : "1756417015569945331",
      "t" : 1756417015569,
      "tn" : 1756417015569945331,
      "q" : "1339",
      "p" : "0.029879",
      "s" : "sell",
      "i" : "H_USD",
      "m" : "4611686018427428320"
    }, {
      "d" : "1756417015554439547",
      "t" : 1756417015554,
      "tn" : 1756417015554439547,
      "q" : "324",
      "p" : "0.029880",
      "s" : "sell",
      "i" : "H_USD",
      "m" : "4611686018427428319"
    }, {
      "d" : "1756417012597683969",
      "t" : 1756417012597,
      "tn" : 1756417012597683969,
      "q" : "837",
      "p" : "0.029880",
      "s" : "sell",
      "i" : "H_USD",
      "m" : "4611686018427428318"
    }, {
      "d" : "1756417012571389352",
      "t" : 1756417012571,
      "tn" : 1756417012571389352,
      "q" : "1339",
      "p" : "0.029880",
      "s" : "sell",
      "i" : "H_USD",
      "m" : "4611686018427428317"
    }, {
      "d" : "1756417010460934034",
      "t" : 1756417010460,
      "tn" : 1756417010460934034,
      "q" : "837",
      "p" : "0.029879",
      "s" : "sell",
      "i" : "H_USD",
      "m" : "4611686018427428316"
    }, {
      "d" : "1756417010417036222",
      "t" : 1756417010417,
      "tn" : 1756417010417036222,
      "q" : "1339",
      "p" : "0.029879",
      "s" : "sell",
      "i" : "H_USD",
      "m" : "4611686018427428315"
    }, {
      "d" : "1756417010315551646",
      "t" : 1756417010315,
      "tn" : 1756417010315551646,
      "q" : "324",
      "p" : "0.029880",
      "s" : "sell",
      "i" : "H_USD",
      "m" : "4611686018427428314"
    }, {
      "d" : "1756416924485427146",
      "t" : 1756416924485,
      "tn" : 1756416924485427146,
      "q" : "837",
      "p" : "0.029880",
      "s" : "sell",
      "i" : "H_USD",
      "m" : "4611686018427428313"
    }, {
      "d" : "1756416924396713935",
      "t" : 1756416924396,
      "tn" : 1756416924396713935,
      "q" : "1339",
      "p" : "0.029880",
      "s" : "sell",
      "i" : "H_USD",
      "m" : "4611686018427428312"
    }, {
      "d" : "1756416924394631785",
      "t" : 1756416924394,
      "tn" : 1756416924394631785,
      "q" : "1339",
      "p" : "0.029880",
      "s" : "sell",
      "i" : "H_USD",
      "m" : "4611686018427428311"
    }, {
      "d" : "1756416924374817594",
      "t" : 1756416924374,
      "tn" : 1756416924374817594,
      "q" : "1161",
      "p" : "0.029880",
      "s" : "sell",
      "i" : "H_USD",
      "m" : "4611686018427428310"
    }, {
      "d" : "1756416924364379951",
      "t" : 1756416924364,
      "tn" : 1756416924364379951,
      "q" : "1161",
      "p" : "0.029880",
      "s" : "sell",
      "i" : "H_USD",
      "m" : "4611686018427428309"
    }, {
      "d" : "1756416924362808983",
      "t" : 1756416924362,
      "tn" : 1756416924362808983,
      "q" : "1339",
      "p" : "0.029880",
      "s" : "sell",
      "i" : "H_USD",
      "m" : "4611686018427428308"
    }, {
      "d" : "1756416924343844688",
      "t" : 1756416924343,
      "tn" : 1756416924343844688,
      "q" : "2500",
      "p" : "0.029880",
      "s" : "sell",
      "i" : "H_USD",
      "m" : "4611686018427428307"
    }, {
      "d" : "1756416924317603843",
      "t" : 1756416924317,
      "tn" : 1756416924317603843,
      "q" : "1161",
      "p" : "0.029880",
      "s" : "sell",
      "i" : "H_USD",
      "m" : "4611686018427428306"
    }, {
      "d" : "1756416924296624071",
      "t" : 1756416924296,
      "tn" : 1756416924296624071,
      "q" : "1339",
      "p" : "0.029880",
      "s" : "sell",
      "i" : "H_USD",
      "m" : "4611686018427428305"
    }, {
      "d" : "1756416924214558789",
      "t" : 1756416924214,
      "tn" : 1756416924214558789,
      "q" : "2500",
      "p" : "0.029880",
      "s" : "sell",
      "i" : "H_USD",
      "m" : "4611686018427428304"
    }, {
      "d" : "1756416924186652703",
      "t" : 1756416924186,
      "tn" : 1756416924186652703,
      "q" : "1161",
      "p" : "0.029880",
      "s" : "sell",
      "i" : "H_USD",
      "m" : "4611686018427428303"
    }, {
      "d" : "1756416924172472222",
      "t" : 1756416924172,
      "tn" : 1756416924172472222,
      "q" : "1339",
      "p" : "0.029880",
      "s" : "sell",
      "i" : "H_USD",
      "m" : "4611686018427428302"
    }, {
      "d" : "1756416922692311256",
      "t" : 1756416922692,
      "tn" : 1756416922692311256,
      "q" : "839",
      "p" : "0.029792",
      "s" : "sell",
      "i" : "H_USD",
      "m" : "4611686018427428301"
    }, {
      "d" : "1756416900028186065",
      "t" : 1756416900028,
      "tn" : 1756416900028186065,
      "q" : "1343",
      "p" : "0.029792",
      "s" : "sell",
      "i" : "H_USD",
      "m" : "4611686018427428300"
    }, {
      "d" : "1756414693936725750",
      "t" : 1756414693936,
      "tn" : 1756414693936725750,
      "q" : "36",
      "p" : "0.029553",
      "s" : "sell",
      "i" : "H_USD",
      "m" : "4611686018427428299"
    }, {
      "d" : "1756414651915904401",
      "t" : 1756414651915,
      "tn" : 1756414651915904401,
      "q" : "505",
      "p" : "0.029711",
      "s" : "buy",
      "i" : "H_USD",
      "m" : "4611686018427428298"
    }, {
      "d" : "1756414651915901872",
      "t" : 1756414651915,
      "tn" : 1756414651915901872,
      "q" : "2295",
      "p" : "0.029679",
      "s" : "buy",
      "i" : "H_USD",
      "m" : "4611686018427428297"
    }, {
      "d" : "1756406243230690047",
      "t" : 1756406243230,
      "tn" : 1756406243230690047,
      "q" : "8360",
      "p" : "0.030081",
      "s" : "sell",
      "i" : "H_USD",
      "m" : "4611686018427428296"
    }, {
      "d" : "1756406243230687899",
      "t" : 1756406243230,
      "tn" : 1756406243230687899,
      "q" : "7252",
      "p" : "0.030082",
      "s" : "sell",
      "i" : "H_USD",
      "m" : "4611686018427428295"
    }, {
      "d" : "1756397888061278146",
      "t" : 1756397888061,
      "tn" : 1756397888061278146,
      "q" : "2448",
      "p" : "0.030370",
      "s" : "buy",
      "i" : "H_USD",
      "m" : "4611686018427428294"
    }, {
      "d" : "1756390630739472288",
      "t" : 1756390630739,
      "tn" : 1756390630739472288,
      "q" : "13536",
      "p" : "0.030442",
      "s" : "sell",
      "i" : "H_USD",
      "m" : "4611686018427428293"
    }, {
      "d" : "1756387177242950696",
      "t" : 1756387177242,
      "tn" : 1756387177242950696,
      "q" : "2254",
      "p" : "0.030150",
      "s" : "sell",
      "i" : "H_USD",
      "m" : "4611686018427428292"
    }, {
      "d" : "1756386419476898418",
      "t" : 1756386419476,
      "tn" : 1756386419476898418,
      "q" : "2100",
      "p" : "0.030228",
      "s" : "buy",
      "i" : "H_USD",
      "m" : "4611686018427428291"
    }, {
      "d" : "1756386419476527414",
      "t" : 1756386419476,
      "tn" : 1756386419476527414,
      "q" : "560",
      "p" : "0.030228",
      "s" : "buy",
      "i" : "H_USD",
      "m" : "4611686018427428290"
    }, {
      "d" : "1756386419476525230",
      "t" : 1756386419476,
      "tn" : 1756386419476525230,
      "q" : "1601",
      "p" : "0.030203",
      "s" : "buy",
      "i" : "H_USD",
      "m" : "4611686018427428289"
    }, {
      "d" : "1756386419476521646",
      "t" : 1756386419476,
      "tn" : 1756386419476521646,
      "q" : "2338",
      "p" : "0.030200",
      "s" : "buy",
      "i" : "H_USD",
      "m" : "4611686018427428288"
    }, {
      "d" : "1756376200978586289",
      "t" : 1756376200978,
      "tn" : 1756376200978586289,
      "q" : "2229",
      "p" : "0.029616",
      "s" : "sell",
      "i" : "H_USD",
      "m" : "4611686018427428287"
    }, {
      "d" : "1756376142469602353",
      "t" : 1756376142469,
      "tn" : 1756376142469602353,
      "q" : "1686",
      "p" : "0.029675",
      "s" : "buy",
      "i" : "H_USD",
      "m" : "4611686018427428286"
    }, {
      "d" : "1756376131667117166",
      "t" : 1756376131667,
      "tn" : 1756376131667117166,
      "q" : "2337",
      "p" : "0.029660",
      "s" : "buy",
      "i" : "H_USD",
      "m" : "4611686018427428285"
    }, {
      "d" : "1756375639421480012",
      "t" : 1756375639421,
      "tn" : 1756375639421480012,
      "q" : "1019",
      "p" : "0.029429",
      "s" : "sell",
      "i" : "H_USD",
      "m" : "4611686018427428284"
    }, {
      "d" : "1756375154738024818",
      "t" : 1756375154738,
      "tn" : 1756375154738024818,
      "q" : "2337",
      "p" : "0.029379",
      "s" : "buy",
      "i" : "H_USD",
      "m" : "4611686018427428283"
    } ]
  }
}