{
  "id" : -1,
  "method" : "public/get-trades",
  "code" : 0,
  "result" : {
    "data" : [ {
      "d" : "1756452390121930139",
      "t" : 1756452390121,
      "tn" : 1756452390121930139,
      "q" : "10",
      "p" : "0.13260",
      "s" : "sell",
      "i" : "HAEDALUSD-PERP",
      "m" : "4611686018427653748"
    }, {
      "d" : "1756452388362193165",
      "t" : 1756452388362,
      "tn" : 1756452388362193165,
      "q" : "750",
      "p" : "0.13299",
      "s" : "sell",
      "i" : "HAEDALUSD-PERP",
      "m" : "4611686018427653747"
    }, {
      "d" : "1756452388362190769",
      "t" : 1756452388362,
      "tn" : 1756452388362190769,
      "q" : "10",
      "p" : "0.13301",
      "s" : "sell",
      "i" : "HAEDALUSD-PERP",
      "m" : "4611686018427653746"
    }, {
      "d" : "1756452301065923165",
      "t" : 1756452301065,
      "tn" : 1756452301065923165,
      "q" : "10",
      "p" : "0.13332",
      "s" : "sell",
      "i" : "HAEDALUSD-PERP",
      "m" : "4611686018427653745"
    }, {
      "d" : "1756452299684835833",
      "t" : 1756452299684,
      "tn" : 1756452299684835833,
      "q" : "10",
      "p" : "0.13349",
      "s" : "sell",
      "i" : "HAEDALUSD-PERP",
      "m" : "4611686018427653744"
    }, {
      "d" : "1756451721398332123",
      "t" : 1756451721398,
      "tn" : 1756451721398332123,
      "q" : "10",
      "p" : "0.13377",
      "s" : "sell",
      "i" : "HAEDALUSD-PERP",
      "m" : "4611686018427653743"
    }, {
      "d" : "1756451559119551547",
      "t" : 1756451559119,
      "tn" : 1756451559119551547,
      "q" : "10",
      "p" : "0.13369",
      "s" : "sell",
      "i" : "HAEDALUSD-PERP",
      "m" : "4611686018427653742"
    }, {
      "d" : "1756451556636557312",
      "t" : 1756451556636,
      "tn" : 1756451556636557312,
      "q" : "10",
      "p" : "0.13408",
      "s" : "sell",
      "i" : "HAEDALUSD-PERP",
      "m" : "4611686018427653741"
    }, {
      "d" : "1756451556633474431",
      "t" : 1756451556633,
      "tn" : 1756451556633474431,
      "q" : "10",
      "p" : "0.13415",
      "s" : "sell",
      "i" : "HAEDALUSD-PERP",
      "m" : "4611686018427653740"
    }, {
      "d" : "1756451360801597105",
      "t" : 1756451360801,
      "tn" : 1756451360801597105,
      "q" : "10",
      "p" : "0.13496",
      "s" : "sell",
      "i" : "HAEDALUSD-PERP",
      "m" : "4611686018427653739"
    }, {
      "d" : "1756451237354469553",
      "t" : 1756451237354,
      "tn" : 1756451237354469553,
      "q" : "10",
      "p" : "0.13530",
      "s" : "sell",
      "i" : "HAEDALUSD-PERP",
      "m" : "4611686018427653738"
    }, {
      "d" : "1756451224289163237",
      "t" : 1756451224289,
      "tn" : 1756451224289163237,
      "q" : "10",
      "p" : "0.13537",
      "s" : "sell",
      "i" : "HAEDALUSD-PERP",
      "m" : "4611686018427653737"
    }, {
      "d" : "1756447895044664496",
      "t" : 1756447895044,
      "tn" : 1756447895044664496,
      "q" : "10",
      "p" : "0.13508",
      "s" : "sell",
      "i" : "HAEDALUSD-PERP",
      "m" : "4611686018427653736"
    }, {
      "d" : "1756442710866492492",
      "t" : 1756442710866,
      "tn" : 1756442710866492492,
      "q" : "10",
      "p" : "0.13639",
      "s" : "sell",
      "i" : "HAEDALUSD-PERP",
      "m" : "4611686018427653735"
    }, {
      "d" : "1756441727832149038",
      "t" : 1756441727832,
      "tn" : 1756441727832149038,
      "q" : "10",
      "p" : "0.13688",
      "s" : "sell",
      "i" : "HAEDALUSD-PERP",
      "m" : "4611686018427653734"
    }, {
      "d" : "1756440833853161015",
      "t" : 1756440833853,
      "tn" : 1756440833853161015,
      "q" : "10",
      "p" : "0.13620",
      "s" : "sell",
      "i" : "HAEDALUSD-PERP",
      "m" : "4611686018427653733"
    }, {
      "d" : "1756440773186305698",
      "t" : 1756440773186,
      "tn" : 1756440773186305698,
      "q" : "10",
      "p" : "0.13638",
      "s" : "sell",
      "i" : "HAEDALUSD-PERP",
      "m" : "4611686018427653732"
    }, {
      "d" : "1756440599142346804",
      "t" : 1756440599142,
      "tn" : 1756440599142346804,
      "q" : "10",
      "p" : "0.13661",
      "s" : "sell",
      "i" : "HAEDALUSD-PERP",
      "m" : "4611686018427653731"
    }, {
      "d" : "1756440029557212150",
      "t" : 1756440029557,
      "tn" : 1756440029557212150,
      "q" : "10",
      "p" : "0.13697",
      "s" : "sell",
      "i" : "HAEDALUSD-PERP",
      "m" : "4611686018427653730"
    }, {
      "d" : "1756436909792879804",
      "t" : 1756436909792,
      "tn" : 1756436909792879804,
      "q" : "10",
      "p" : "0.13680",
      "s" : "sell",
      "i" : "HAEDALUSD-PERP",
      "m" : "4611686018427653729"
    }, {
      "d" : "1756436675844685940",
      "t" : 1756436675844,
      "tn" : 1756436675844685940,
      "q" : "10",
      "p" : "0.13691",
      "s" : "sell",
      "i" : "HAEDALUSD-PERP",
      "m" : "4611686018427653728"
    }, {
      "d" : "1756435021664804737",
      "t" : 1756435021664,
      "tn" : 1756435021664804737,
      "q" : "10",
      "p" : "0.13723",
      "s" : "sell",
      "i" : "HAEDALUSD-PERP",
      "m" : "4611686018427653727"
    }, {
      "d" : "1756432490582852138",
      "t" : 1756432490582,
      "tn" : 1756432490582852138,
      "q" : "10",
      "p" : "0.13612",
      "s" : "sell",
      "i" : "HAEDALUSD-PERP",
      "m" : "4611686018427653726"
    }, {
      "d" : "1756430815808402658",
      "t" : 1756430815808,
      "tn" : 1756430815808402658,
      "q" : "10",
      "p" : "0.13645",
      "s" : "sell",
      "i" : "HAEDALUSD-PERP",
      "m" : "4611686018427653725"
    }, {
      "d" : "1756430661301122957",
      "t" : 1756430661301,
      "tn" : 1756430661301122957,
      "q" : "10",
      "p" : "0.13630",
      "s" : "sell",
      "i" : "HAEDALUSD-PERP",
      "m" : "4611686018427653724"
    }, {
      "d" : "1756430661301120707",
      "t" : 1756430661301,
      "tn" : 1756430661301120707,
      "q" : "10",
      "p" : "0.13632",
      "s" : "sell",
      "i" : "HAEDALUSD-PERP",
      "m" : "4611686018427653723"
    }, {
      "d" : "1756430442444907360",
      "t" : 1756430442444,
      "tn" : 1756430442444907360,
      "q" : "10",
      "p" : "0.13664",
      "s" : "sell",
      "i" : "HAEDALUSD-PERP",
      "m" : "4611686018427653722"
    }, {
      "d" : "1756429819115471235",
      "t" : 1756429819115,
      "tn" : 1756429819115471235,
      "q" : "720",
      "p" : "0.13716",
      "s" : "sell",
      "i" : "HAEDALUSD-PERP",
      "m" : "4611686018427653721"
    }, {
      "d" : "1756429475963937906",
      "t" : 1756429475963,
      "tn" : 1756429475963937906,
      "q" : "10",
      "p" : "0.13753",
      "s" : "sell",
      "i" : "HAEDALUSD-PERP",
      "m" : "4611686018427653720"
    }, {
      "d" : "1756429287467471129",
      "t" : 1756429287467,
      "tn" : 1756429287467471129,
      "q" : "10",
      "p" : "0.13743",
      "s" : "sell",
      "i" : "HAEDALUSD-PERP",
      "m" : "4611686018427653719"
    }, {
      "d" : "1756429287467469182",
      "t" : 1756429287467,
      "tn" : 1756429287467469182,
      "q" : "10",
      "p" : "0.13745",
      "s" : "sell",
      "i" : "HAEDALUSD-PERP",
      "m" : "4611686018427653718"
    }, {
      "d" : "1756428751978548851",
      "t" : 1756428751978,
      "tn" : 1756428751978548851,
      "q" : "10",
      "p" : "0.13725",
      "s" : "sell",
      "i" : "HAEDALUSD-PERP",
      "m" : "4611686018427653717"
    }, {
      "d" : "1756428622398139397",
      "t" : 1756428622398,
      "tn" : 1756428622398139397,
      "q" : "10",
      "p" : "0.13799",
      "s" : "sell",
      "i" : "HAEDALUSD-PERP",
      "m" : "4611686018427653716"
    }, {
      "d" : "1756427705377893913",
      "t" : 1756427705377,
      "tn" : 1756427705377893913,
      "q" : "10",
      "p" : "0.13746",
      "s" : "sell",
      "i" : "HAEDALUSD-PERP",
      "m" : "4611686018427653715"
    }, {
      "d" : "1756425777818009078",
      "t" : 1756425777818,
      "tn" : 1756425777818009078,
      "q" : "10",
      "p" : "0.13772",
      "s" : "sell",
      "i" : "HAEDALUSD-PERP",
      "m" : "4611686018427653714"
    }, {
      "d" : "1756420679235105296",
      "t" : 1756420679235,
      "tn" : 1756420679235105296,
      "q" : "10",
      "p" : "0.13962",
      "s" : "sell",
      "i" : "HAEDALUSD-PERP",
      "m" : "4611686018427653713"
    }, {
      "d" : "1756419212086660876",
      "t" : 1756419212086,
      "tn" : 1756419212086660876,
      "q" : "10",
      "p" : "0.13993",
      "s" : "sell",
      "i" : "HAEDALUSD-PERP",
      "m" : "4611686018427653712"
    }, {
      "d" : "1756418496325213307",
      "t" : 1756418496325,
      "tn" : 1756418496325213307,
      "q" : "10",
      "p" : "0.13901",
      "s" : "sell",
      "i" : "HAEDALUSD-PERP",
      "m" : "4611686018427653711"
    }, {
      "d" : "1756418496325211288",
      "t" : 1756418496325,
      "tn" : 1756418496325211288,
      "q" : "10",
      "p" : "0.13903",
      "s" : "sell",
      "i" : "HAEDALUSD-PERP",
      "m" : "4611686018427653710"
    }, {
      "d" : "1756417842107878579",
      "t" : 1756417842107,
      "tn" : 1756417842107878579,
      "q" : "720",
      "p" : "0.13878",
      "s" : "sell",
      "i" : "HAEDALUSD-PERP",
      "m" : "4611686018427653709"
    }, {
      "d" : "1756417842102660632",
      "t" : 1756417842102,
      "tn" : 1756417842102660632,
      "q" : "10",
      "p" : "0.13897",
      "s" : "sell",
      "i" : "HAEDALUSD-PERP",
      "m" : "4611686018427653708"
    }, {
      "d" : "1756417842101479534",
      "t" : 1756417842101,
      "tn" : 1756417842101479534,
      "q" : "10",
      "p" : "0.13899",
      "s" : "sell",
      "i" : "HAEDALUSD-PERP",
      "m" : "4611686018427653707"
    }, {
      "d" : "1756416088736706764",
      "t" : 1756416088736,
      "tn" : 1756416088736706764,
      "q" : "10",
      "p" : "0.13830",
      "s" : "sell",
      "i" : "HAEDALUSD-PERP",
      "m" : "4611686018427653706"
    }, {
      "d" : "1756413876955297104",
      "t" : 1756413876955,
      "tn" : 1756413876955297104,
      "q" : "10",
      "p" : "0.13812",
      "s" : "sell",
      "i" : "HAEDALUSD-PERP",
      "m" : "4611686018427653705"
    }, {
      "d" : "1756411859912988039",
      "t" : 1756411859912,
      "tn" : 1756411859912988039,
      "q" : "10",
      "p" : "0.13782",
      "s" : "sell",
      "i" : "HAEDALUSD-PERP",
      "m" : "4611686018427653704"
    }, {
      "d" : "1756410177092742640",
      "t" : 1756410177092,
      "tn" : 1756410177092742640,
      "q" : "10",
      "p" : "0.13792",
      "s" : "sell",
      "i" : "HAEDALUSD-PERP",
      "m" : "4611686018427653703"
    }, {
      "d" : "1756410177092740442",
      "t" : 1756410177092,
      "tn" : 1756410177092740442,
      "q" : "10",
      "p" : "0.13796",
      "s" : "sell",
      "i" : "HAEDALUSD-PERP",
      "m" : "4611686018427653702"
    }, {
      "d" : "1756410076484873949",
      "t" : 1756410076484,
      "tn" : 1756410076484873949,
      "q" : "10",
      "p" : "0.13802",
      "s" : "sell",
      "i" : "HAEDALUSD-PERP",
      "m" : "4611686018427653701"
    }, {
      "d" : "1756409929825958413",
      "t" : 1756409929825,
      "tn" : 1756409929825958413,
      "q" : "10",
      "p" : "0.13803",
      "s" : "sell",
      "i" : "HAEDALUSD-PERP",
      "m" : "4611686018427653700"
    }, {
      "d" : "1756409674198033110",
      "t" : 1756409674198,
      "tn" : 1756409674198033110,
      "q" : "10",
      "p" : "0.13828",
      "s" : "sell",
      "i" : "HAEDALUSD-PERP",
      "m" : "4611686018427653699"
    }, {
      "d" : "1756409295251649966",
      "t" : 1756409295251,
      "tn" : 1756409295251649966,
      "q" : "10",
      "p" : "0.13883",
      "s" : "sell",
      "i" : "HAEDALUSD-PERP",
      "m" : "4611686018427653698"
    }, {
      "d" : "1756406084544743569",
      "t" : 1756406084544,
      "tn" : 1756406084544743569,
      "q" : "10",
      "p" : "0.14004",
      "s" : "sell",
      "i" : "HAEDALUSD-PERP",
      "m" : "4611686018427653697"
    }, {
      "d" : "1756404224747768739",
      "t" : 1756404224747,
      "tn" : 1756404224747768739,
      "q" : "10",
      "p" : "0.13974",
      "s" : "sell",
      "i" : "HAEDALUSD-PERP",
      "m" : "4611686018427653696"
    }, {
      "d" : "1756402858917393930",
      "t" : 1756402858917,
      "tn" : 1756402858917393930,
      "q" : "10",
      "p" : "0.13925",
      "s" : "sell",
      "i" : "HAEDALUSD-PERP",
      "m" : "4611686018427653695"
    }, {
      "d" : "1756402498797416071",
      "t" : 1756402498797,
      "tn" : 1756402498797416071,
      "q" : "10",
      "p" : "0.13867",
      "s" : "sell",
      "i" : "HAEDALUSD-PERP",
      "m" : "4611686018427653694"
    }, {
      "d" : "1756402498797413909",
      "t" : 1756402498797,
      "tn" : 1756402498797413909,
      "q" : "10",
      "p" : "0.13870",
      "s" : "sell",
      "i" : "HAEDALUSD-PERP",
      "m" : "4611686018427653693"
    }, {
      "d" : "1756402349653009384",
      "t" : 1756402349653,
      "tn" : 1756402349653009384,
      "q" : "10",
      "p" : "0.13858",
      "s" : "sell",
      "i" : "HAEDALUSD-PERP",
      "m" : "4611686018427653692"
    }, {
      "d" : "1756402218350955213",
      "t" : 1756402218350,
      "tn" : 1756402218350955213,
      "q" : "10",
      "p" : "0.13853",
      "s" : "sell",
      "i" : "HAEDALUSD-PERP",
      "m" : "4611686018427653691"
    }, {
      "d" : "1756402051916588614",
      "t" : 1756402051916,
      "tn" : 1756402051916588614,
      "q" : "10",
      "p" : "0.13869",
      "s" : "sell",
      "i" : "HAEDALUSD-PERP",
      "m" : "4611686018427653690"
    }, {
      "d" : "1756401006031990885",
      "t" : 1756401006031,
      "tn" : 1756401006031990885,
      "q" : "10",
      "p" : "0.13751",
      "s" : "sell",
      "i" : "HAEDALUSD-PERP",
      "m" : "4611686018427653689"
    }, {
      "d" : "1756400393647984717",
      "t" : 1756400393647,
      "tn" : 1756400393647984717,
      "q" : "10",
      "p" : "0.13789",
      "s" : "sell",
      "i" : "HAEDALUSD-PERP",
      "m" : "4611686018427653688"
    }, {
      "d" : "1756400372842112813",
      "t" : 1756400372842,
      "tn" : 1756400372842112813,
      "q" : "10",
      "p" : "0.13785",
      "s" : "sell",
      "i" : "HAEDALUSD-PERP",
      "m" : "4611686018427653687"
    }, {
      "d" : "1756400360148828049",
      "t" : 1756400360148,
      "tn" : 1756400360148828049,
      "q" : "10",
      "p" : "0.13804",
      "s" : "sell",
      "i" : "HAEDALUSD-PERP",
      "m" : "4611686018427653686"
    }, {
      "d" : "1756400356171094071",
      "t" : 1756400356171,
      "tn" : 1756400356171094071,
      "q" : "10",
      "p" : "0.13815",
      "s" : "sell",
      "i" : "HAEDALUSD-PERP",
      "m" : "4611686018427653685"
    }, {
      "d" : "1756400337995176712",
      "t" : 1756400337995,
      "tn" : 1756400337995176712,
      "q" : "10",
      "p" : "0.13828",
      "s" : "sell",
      "i" : "HAEDALUSD-PERP",
      "m" : "4611686018427653684"
    }, {
      "d" : "1756400305049745828",
      "t" : 1756400305049,
      "tn" : 1756400305049745828,
      "q" : "10",
      "p" : "0.13862",
      "s" : "sell",
      "i" : "HAEDALUSD-PERP",
      "m" : "4611686018427653683"
    }, {
      "d" : "1756399321052875938",
      "t" : 1756399321052,
      "tn" : 1756399321052875938,
      "q" : "10",
      "p" : "0.14069",
      "s" : "sell",
      "i" : "HAEDALUSD-PERP",
      "m" : "4611686018427653682"
    }, {
      "d" : "1756398291308025036",
      "t" : 1756398291308,
      "tn" : 1756398291308025036,
      "q" : "10",
      "p" : "0.14088",
      "s" : "sell",
      "i" : "HAEDALUSD-PERP",
      "m" : "4611686018427653681"
    }, {
      "d" : "1756398006224619618",
      "t" : 1756398006224,
      "tn" : 1756398006224619618,
      "q" : "10",
      "p" : "0.14136",
      "s" : "sell",
      "i" : "HAEDALUSD-PERP",
      "m" : "4611686018427653680"
    }, {
      "d" : "1756396865482516367",
      "t" : 1756396865482,
      "tn" : 1756396865482516367,
      "q" : "10",
      "p" : "0.13971",
      "s" : "sell",
      "i" : "HAEDALUSD-PERP",
      "m" : "4611686018427653679"
    }, {
      "d" : "1756396711664770588",
      "t" : 1756396711664,
      "tn" : 1756396711664770588,
      "q" : "10",
      "p" : "0.13947",
      "s" : "sell",
      "i" : "HAEDALUSD-PERP",
      "m" : "4611686018427653678"
    }, {
      "d" : "1756396298039387930",
      "t" : 1756396298039,
      "tn" : 1756396298039387930,
      "q" : "10",
      "p" : "0.13879",
      "s" : "sell",
      "i" : "HAEDALUSD-PERP",
      "m" : "4611686018427653677"
    }, {
      "d" : "1756396294009267604",
      "t" : 1756396294009,
      "tn" : 1756396294009267604,
      "q" : "10",
      "p" : "0.13888",
      "s" : "sell",
      "i" : "HAEDALUSD-PERP",
      "m" : "4611686018427653676"
    }, {
      "d" : "1756396160030046099",
      "t" : 1756396160030,
      "tn" : 1756396160030046099,
      "q" : "10",
      "p" : "0.13892",
      "s" : "sell",
      "i" : "HAEDALUSD-PERP",
      "m" : "4611686018427653675"
    }, {
      "d" : "1756396158060837724",
      "t" : 1756396158060,
      "tn" : 1756396158060837724,
      "q" : "10",
      "p" : "0.13907",
      "s" : "sell",
      "i" : "HAEDALUSD-PERP",
      "m" : "4611686018427653674"
    }, {
      "d" : "1756396158060836235",
      "t" : 1756396158060,
      "tn" : 1756396158060836235,
      "q" : "10",
      "p" : "0.13908",
      "s" : "sell",
      "i" : "HAEDALUSD-PERP",
      "m" : "4611686018427653673"
    }, {
      "d" : "1756396015253786791",
      "t" : 1756396015253,
      "tn" : 1756396015253786791,
      "q" : "10",
      "p" : "0.13961",
      "s" : "sell",
      "i" : "HAEDALUSD-PERP",
      "m" : "4611686018427653672"
    }, {
      "d" : "1756396015193931307",
      "t" : 1756396015193,
      "tn" : 1756396015193931307,
      "q" : "10",
      "p" : "0.13976",
      "s" : "sell",
      "i" : "HAEDALUSD-PERP",
      "m" : "4611686018427653671"
    }, {
      "d" : "1756395791583661604",
      "t" : 1756395791583,
      "tn" : 1756395791583661604,
      "q" : "10",
      "p" : "0.13986",
      "s" : "sell",
      "i" : "HAEDALUSD-PERP",
      "m" : "4611686018427653670"
    }, {
      "d" : "1756395114442954669",
      "t" : 1756395114442,
      "tn" : 1756395114442954669,
      "q" : "10",
      "p" : "0.14016",
      "s" : "sell",
      "i" : "HAEDALUSD-PERP",
      "m" : "4611686018427653669"
    }, {
      "d" : "1756395038921936149",
      "t" : 1756395038921,
      "tn" : 1756395038921936149,
      "q" : "10",
      "p" : "0.13991",
      "s" : "sell",
      "i" : "HAEDALUSD-PERP",
      "m" : "4611686018427653668"
    }, {
      "d" : "1756394869763768778",
      "t" : 1756394869763,
      "tn" : 1756394869763768778,
      "q" : "10",
      "p" : "0.14011",
      "s" : "sell",
      "i" : "HAEDALUSD-PERP",
      "m" : "4611686018427653667"
    }, {
      "d" : "1756394571257887941",
      "t" : 1756394571257,
      "tn" : 1756394571257887941,
      "q" : "10",
      "p" : "0.14040",
      "s" : "sell",
      "i" : "HAEDALUSD-PERP",
      "m" : "4611686018427653666"
    }, {
      "d" : "1756394446722685604",
      "t" : 1756394446722,
      "tn" : 1756394446722685604,
      "q" : "10",
      "p" : "0.14073",
      "s" : "sell",
      "i" : "HAEDALUSD-PERP",
      "m" : "4611686018427653665"
    }, {
      "d" : "1756394365435748598",
      "t" : 1756394365435,
      "tn" : 1756394365435748598,
      "q" : "10",
      "p" : "0.14096",
      "s" : "sell",
      "i" : "HAEDALUSD-PERP",
      "m" : "4611686018427653664"
    }, {
      "d" : "1756394206317020924",
      "t" : 1756394206317,
      "tn" : 1756394206317020924,
      "q" : "10",
      "p" : "0.14123",
      "s" : "sell",
      "i" : "HAEDALUSD-PERP",
      "m" : "4611686018427653663"
    }, {
      "d" : "1756393870376944967",
      "t" : 1756393870376,
      "tn" : 1756393870376944967,
      "q" : "10",
      "p" : "0.14054",
      "s" : "sell",
      "i" : "HAEDALUSD-PERP",
      "m" : "4611686018427653662"
    }, {
      "d" : "1756392772797296471",
      "t" : 1756392772797,
      "tn" : 1756392772797296471,
      "q" : "10",
      "p" : "0.14008",
      "s" : "sell",
      "i" : "HAEDALUSD-PERP",
      "m" : "4611686018427653661"
    }, {
      "d" : "1756392042478580689",
      "t" : 1756392042478,
      "tn" : 1756392042478580689,
      "q" : "10",
      "p" : "0.13972",
      "s" : "sell",
      "i" : "HAEDALUSD-PERP",
      "m" : "4611686018427653660"
    }, {
      "d" : "1756392042478578447",
      "t" : 1756392042478,
      "tn" : 1756392042478578447,
      "q" : "10",
      "p" : "0.13973",
      "s" : "sell",
      "i" : "HAEDALUSD-PERP",
      "m" : "4611686018427653659"
    }, {
      "d" : "1756392038253846193",
      "t" : 1756392038253,
      "tn" : 1756392038253846193,
      "q" : "10",
      "p" : "0.13993",
      "s" : "sell",
      "i" : "HAEDALUSD-PERP",
      "m" : "4611686018427653658"
    }, {
      "d" : "1756391892746946351",
      "t" : 1756391892746,
      "tn" : 1756391892746946351,
      "q" : "10",
      "p" : "0.13966",
      "s" : "sell",
      "i" : "HAEDALUSD-PERP",
      "m" : "4611686018427653657"
    }, {
      "d" : "1756391596500459492",
      "t" : 1756391596500,
      "tn" : 1756391596500459492,
      "q" : "10",
      "p" : "0.13954",
      "s" : "sell",
      "i" : "HAEDALUSD-PERP",
      "m" : "4611686018427653656"
    }, {
      "d" : "1756391449761066000",
      "t" : 1756391449761,
      "tn" : 1756391449761066000,
      "q" : "10",
      "p" : "0.13962",
      "s" : "sell",
      "i" : "HAEDALUSD-PERP",
      "m" : "4611686018427653655"
    }, {
      "d" : "1756391235034498882",
      "t" : 1756391235034,
      "tn" : 1756391235034498882,
      "q" : "10",
      "p" : "0.13942",
      "s" : "sell",
      "i" : "HAEDALUSD-PERP",
      "m" : "4611686018427653654"
    }, {
      "d" : "1756391229917937547",
      "t" : 1756391229917,
      "tn" : 1756391229917937547,
      "q" : "10",
      "p" : "0.13945",
      "s" : "sell",
      "i" : "HAEDALUSD-PERP",
      "m" : "4611686018427653653"
    }, {
      "d" : "1756391219977886211",
      "t" : 1756391219977,
      "tn" : 1756391219977886211,
      "q" : "10",
      "p" : "0.13954",
      "s" : "sell",
      "i" : "HAEDALUSD-PERP",
      "m" : "4611686018427653652"
    }, {
      "d" : "1756391219977884129",
      "t" : 1756391219977,
      "tn" : 1756391219977884129,
      "q" : "10",
      "p" : "0.13955",
      "s" : "sell",
      "i" : "HAEDALUSD-PERP",
      "m" : "4611686018427653651"
    }, {
      "d" : "1756391216804276996",
      "t" : 1756391216804,
      "tn" : 1756391216804276996,
      "q" : "10",
      "p" : "0.13961",
      "s" : "sell",
      "i" : "HAEDALUSD-PERP",
      "m" : "4611686018427653650"
    }, {
      "d" : "1756391120467310784",
      "t" : 1756391120467,
      "tn" : 1756391120467310784,
      "q" : "10",
      "p" : "0.13974",
      "s" : "sell",
      "i" : "HAEDALUSD-PERP",
      "m" : "4611686018427653649"
    }, {
      "d" : "1756391092195141511",
      "t" : 1756391092195,
      "tn" : 1756391092195141511,
      "q" : "10",
      "p" : "0.13991",
      "s" : "sell",
      "i" : "HAEDALUSD-PERP",
      "m" : "4611686018427653648"
    }, {
      "d" : "1756391057567229805",
      "t" : 1756391057567,
      "tn" : 1756391057567229805,
      "q" : "10",
      "p" : "0.13997",
      "s" : "sell",
      "i" : "HAEDALUSD-PERP",
      "m" : "4611686018427653647"
    }, {
      "d" : "1756390977394412494",
      "t" : 1756390977394,
      "tn" : 1756390977394412494,
      "q" : "10",
      "p" : "0.14003",
      "s" : "sell",
      "i" : "HAEDALUSD-PERP",
      "m" : "4611686018427653646"
    }, {
      "d" : "1756390441732016014",
      "t" : 1756390441732,
      "tn" : 1756390441732016014,
      "q" : "10",
      "p" : "0.14039",
      "s" : "sell",
      "i" : "HAEDALUSD-PERP",
      "m" : "4611686018427653645"
    }, {
      "d" : "1756390033625625212",
      "t" : 1756390033625,
      "tn" : 1756390033625625212,
      "q" : "10",
      "p" : "0.14092",
      "s" : "sell",
      "i" : "HAEDALUSD-PERP",
      "m" : "4611686018427653644"
    }, {
      "d" : "1756390021276332357",
      "t" : 1756390021276,
      "tn" : 1756390021276332357,
      "q" : "10",
      "p" : "0.14111",
      "s" : "sell",
      "i" : "HAEDALUSD-PERP",
      "m" : "4611686018427653643"
    }, {
      "d" : "1756389941933993953",
      "t" : 1756389941933,
      "tn" : 1756389941933993953,
      "q" : "10",
      "p" : "0.14115",
      "s" : "sell",
      "i" : "HAEDALUSD-PERP",
      "m" : "4611686018427653642"
    }, {
      "d" : "1756389720513158614",
      "t" : 1756389720513,
      "tn" : 1756389720513158614,
      "q" : "10",
      "p" : "0.14003",
      "s" : "sell",
      "i" : "HAEDALUSD-PERP",
      "m" : "4611686018427653641"
    }, {
      "d" : "1756389705248514061",
      "t" : 1756389705248,
      "tn" : 1756389705248514061,
      "q" : "10",
      "p" : "0.14006",
      "s" : "sell",
      "i" : "HAEDALUSD-PERP",
      "m" : "4611686018427653640"
    }, {
      "d" : "1756389685033976500",
      "t" : 1756389685033,
      "tn" : 1756389685033976500,
      "q" : "10",
      "p" : "0.13993",
      "s" : "sell",
      "i" : "HAEDALUSD-PERP",
      "m" : "4611686018427653639"
    }, {
      "d" : "1756389685033974067",
      "t" : 1756389685033,
      "tn" : 1756389685033974067,
      "q" : "10",
      "p" : "0.13994",
      "s" : "sell",
      "i" : "HAEDALUSD-PERP",
      "m" : "4611686018427653638"
    }, {
      "d" : "1756389682560573936",
      "t" : 1756389682560,
      "tn" : 1756389682560573936,
      "q" : "10",
      "p" : "0.14001",
      "s" : "sell",
      "i" : "HAEDALUSD-PERP",
      "m" : "4611686018427653637"
    }, {
      "d" : "1756389682523810269",
      "t" : 1756389682523,
      "tn" : 1756389682523810269,
      "q" : "10",
      "p" : "0.14017",
      "s" : "sell",
      "i" : "HAEDALUSD-PERP",
      "m" : "4611686018427653636"
    }, {
      "d" : "1756389244491725994",
      "t" : 1756389244491,
      "tn" : 1756389244491725994,
      "q" : "10",
      "p" : "0.14130",
      "s" : "sell",
      "i" : "HAEDALUSD-PERP",
      "m" : "4611686018427653635"
    }, {
      "d" : "1756387550798725270",
      "t" : 1756387550798,
      "tn" : 1756387550798725270,
      "q" : "10",
      "p" : "0.14195",
      "s" : "sell",
      "i" : "HAEDALUSD-PERP",
      "m" : "4611686018427653634"
    }, {
      "d" : "1756387362648789483",
      "t" : 1756387362648,
      "tn" : 1756387362648789483,
      "q" : "700",
      "p" : "0.14241",
      "s" : "sell",
      "i" : "HAEDALUSD-PERP",
      "m" : "4611686018427653633"
    }, {
      "d" : "1756387362648787301",
      "t" : 1756387362648,
      "tn" : 1756387362648787301,
      "q" : "10",
      "p" : "0.14263",
      "s" : "sell",
      "i" : "HAEDALUSD-PERP",
      "m" : "4611686018427653632"
    }, {
      "d" : "1756386790741810298",
      "t" : 1756386790741,
      "tn" : 1756386790741810298,
      "q" : "10",
      "p" : "0.14195",
      "s" : "sell",
      "i" : "HAEDALUSD-PERP",
      "m" : "4611686018427653631"
    }, {
      "d" : "1756386707533080655",
      "t" : 1756386707533,
      "tn" : 1756386707533080655,
      "q" : "10",
      "p" : "0.14206",
      "s" : "sell",
      "i" : "HAEDALUSD-PERP",
      "m" : "4611686018427653630"
    }, {
      "d" : "1756386652665887226",
      "t" : 1756386652665,
      "tn" : 1756386652665887226,
      "q" : "10",
      "p" : "0.14197",
      "s" : "sell",
      "i" : "HAEDALUSD-PERP",
      "m" : "4611686018427653629"
    }, {
      "d" : "1756386652665883941",
      "t" : 1756386652665,
      "tn" : 1756386652665883941,
      "q" : "10",
      "p" : "0.14201",
      "s" : "sell",
      "i" : "HAEDALUSD-PERP",
      "m" : "4611686018427653628"
    }, {
      "d" : "1756386540019003738",
      "t" : 1756386540019,
      "tn" : 1756386540019003738,
      "q" : "10",
      "p" : "0.14207",
      "s" : "sell",
      "i" : "HAEDALUSD-PERP",
      "m" : "4611686018427653627"
    }, {
      "d" : "1756386008480721779",
      "t" : 1756386008480,
      "tn" : 1756386008480721779,
      "q" : "10",
      "p" : "0.14139",
      "s" : "sell",
      "i" : "HAEDALUSD-PERP",
      "m" : "4611686018427653626"
    }, {
      "d" : "1756385952672057649",
      "t" : 1756385952672,
      "tn" : 1756385952672057649,
      "q" : "10",
      "p" : "0.14131",
      "s" : "sell",
      "i" : "HAEDALUSD-PERP",
      "m" : "4611686018427653625"
    }, {
      "d" : "1756385833490263138",
      "t" : 1756385833490,
      "tn" : 1756385833490263138,
      "q" : "10",
      "p" : "0.14133",
      "s" : "sell",
      "i" : "HAEDALUSD-PERP",
      "m" : "4611686018427653624"
    }, {
      "d" : "1756385833490258853",
      "t" : 1756385833490,
      "tn" : 1756385833490258853,
      "q" : "10",
      "p" : "0.14135",
      "s" : "sell",
      "i" : "HAEDALUSD-PERP",
      "m" : "4611686018427653623"
    }, {
      "d" : "1756385576658684737",
      "t" : 1756385576658,
      "tn" : 1756385576658684737,
      "q" : "10",
      "p" : "0.14190",
      "s" : "sell",
      "i" : "HAEDALUSD-PERP",
      "m" : "4611686018427653622"
    }, {
      "d" : "1756385438192791636",
      "t" : 1756385438192,
      "tn" : 1756385438192791636,
      "q" : "10",
      "p" : "0.14142",
      "s" : "sell",
      "i" : "HAEDALUSD-PERP",
      "m" : "4611686018427653621"
    }, {
      "d" : "1756385135727862329",
      "t" : 1756385135727,
      "tn" : 1756385135727862329,
      "q" : "10",
      "p" : "0.14137",
      "s" : "sell",
      "i" : "HAEDALUSD-PERP",
      "m" : "4611686018427653620"
    }, {
      "d" : "1756385116618793697",
      "t" : 1756385116618,
      "tn" : 1756385116618793697,
      "q" : "10",
      "p" : "0.14144",
      "s" : "sell",
      "i" : "HAEDALUSD-PERP",
      "m" : "4611686018427653619"
    }, {
      "d" : "1756385116618791351",
      "t" : 1756385116618,
      "tn" : 1756385116618791351,
      "q" : "10",
      "p" : "0.14147",
      "s" : "sell",
      "i" : "HAEDALUSD-PERP",
      "m" : "4611686018427653618"
    }, {
      "d" : "1756383871699733480",
      "t" : 1756383871699,
      "tn" : 1756383871699733480,
      "q" : "10",
      "p" : "0.14129",
      "s" : "sell",
      "i" : "HAEDALUSD-PERP",
      "m" : "4611686018427653617"
    }, {
      "d" : "1756383780015267021",
      "t" : 1756383780015,
      "tn" : 1756383780015267021,
      "q" : "10",
      "p" : "0.14147",
      "s" : "sell",
      "i" : "HAEDALUSD-PERP",
      "m" : "4611686018427653616"
    }, {
      "d" : "1756382670799627625",
      "t" : 1756382670799,
      "tn" : 1756382670799627625,
      "q" : "10",
      "p" : "0.14143",
      "s" : "sell",
      "i" : "HAEDALUSD-PERP",
      "m" : "4611686018427653615"
    }, {
      "d" : "1756382403363315322",
      "t" : 1756382403363,
      "tn" : 1756382403363315322,
      "q" : "10",
      "p" : "0.14159",
      "s" : "sell",
      "i" : "HAEDALUSD-PERP",
      "m" : "4611686018427653614"
    }, {
      "d" : "1756382243618155966",
      "t" : 1756382243618,
      "tn" : 1756382243618155966,
      "q" : "10",
      "p" : "0.14148",
      "s" : "sell",
      "i" : "HAEDALUSD-PERP",
      "m" : "4611686018427653613"
    }, {
      "d" : "1756381941478780954",
      "t" : 1756381941478,
      "tn" : 1756381941478780954,
      "q" : "10",
      "p" : "0.14154",
      "s" : "sell",
      "i" : "HAEDALUSD-PERP",
      "m" : "4611686018427653612"
    }, {
      "d" : "1756381860780045007",
      "t" : 1756381860780,
      "tn" : 1756381860780045007,
      "q" : "10",
      "p" : "0.14147",
      "s" : "sell",
      "i" : "HAEDALUSD-PERP",
      "m" : "4611686018427653611"
    }, {
      "d" : "1756381763945199787",
      "t" : 1756381763945,
      "tn" : 1756381763945199787,
      "q" : "10",
      "p" : "0.14152",
      "s" : "sell",
      "i" : "HAEDALUSD-PERP",
      "m" : "4611686018427653610"
    }, {
      "d" : "1756381616493072403",
      "t" : 1756381616493,
      "tn" : 1756381616493072403,
      "q" : "10",
      "p" : "0.14139",
      "s" : "sell",
      "i" : "HAEDALUSD-PERP",
      "m" : "4611686018427653609"
    }, {
      "d" : "1756381083493470844",
      "t" : 1756381083493,
      "tn" : 1756381083493470844,
      "q" : "10",
      "p" : "0.14144",
      "s" : "sell",
      "i" : "HAEDALUSD-PERP",
      "m" : "4611686018427653608"
    }, {
      "d" : "1756380886656151383",
      "t" : 1756380886656,
      "tn" : 1756380886656151383,
      "q" : "10",
      "p" : "0.14160",
      "s" : "sell",
      "i" : "HAEDALUSD-PERP",
      "m" : "4611686018427653607"
    }, {
      "d" : "1756380804191874237",
      "t" : 1756380804191,
      "tn" : 1756380804191874237,
      "q" : "10",
      "p" : "0.14134",
      "s" : "sell",
      "i" : "HAEDALUSD-PERP",
      "m" : "4611686018427653606"
    }, {
      "d" : "1756380769034751068",
      "t" : 1756380769034,
      "tn" : 1756380769034751068,
      "q" : "10",
      "p" : "0.14132",
      "s" : "sell",
      "i" : "HAEDALUSD-PERP",
      "m" : "4611686018427653605"
    }, {
      "d" : "1756380728926522108",
      "t" : 1756380728926,
      "tn" : 1756380728926522108,
      "q" : "10",
      "p" : "0.14133",
      "s" : "sell",
      "i" : "HAEDALUSD-PERP",
      "m" : "4611686018427653604"
    }, {
      "d" : "1756380689473476089",
      "t" : 1756380689473,
      "tn" : 1756380689473476089,
      "q" : "10",
      "p" : "0.14134",
      "s" : "sell",
      "i" : "HAEDALUSD-PERP",
      "m" : "4611686018427653603"
    }, {
      "d" : "1756380674749632336",
      "t" : 1756380674749,
      "tn" : 1756380674749632336,
      "q" : "10",
      "p" : "0.14137",
      "s" : "sell",
      "i" : "HAEDALUSD-PERP",
      "m" : "4611686018427653602"
    }, {
      "d" : "1756380544805246999",
      "t" : 1756380544805,
      "tn" : 1756380544805246999,
      "q" : "10",
      "p" : "0.14114",
      "s" : "sell",
      "i" : "HAEDALUSD-PERP",
      "m" : "4611686018427653601"
    }, {
      "d" : "1756380526071580209",
      "t" : 1756380526071,
      "tn" : 1756380526071580209,
      "q" : "10",
      "p" : "0.14118",
      "s" : "sell",
      "i" : "HAEDALUSD-PERP",
      "m" : "4611686018427653600"
    }, {
      "d" : "1756380423453722617",
      "t" : 1756380423453,
      "tn" : 1756380423453722617,
      "q" : "10",
      "p" : "0.14113",
      "s" : "sell",
      "i" : "HAEDALUSD-PERP",
      "m" : "4611686018427653599"
    } ]
  }
}