{
  "id" : -1,
  "method" : "public/get-trades",
  "code" : 0,
  "result" : {
    "data" : [ {
      "d" : "1756460884838974584",
      "t" : 1756460884838,
      "tn" : 1756460884838974584,
      "q" : "172",
      "p" : "0.228279",
      "s" : "sell",
      "i" : "HBARUSD-PERP",
      "m" : "4611686018431921147"
    }, {
      "d" : "1756460884838972836",
      "t" : 1756460884838,
      "tn" : 1756460884838972836,
      "q" : "1",
      "p" : "0.228321",
      "s" : "sell",
      "i" : "HBARUSD-PERP",
      "m" : "4611686018431921146"
    }, {
      "d" : "1756460884838970656",
      "t" : 1756460884838,
      "tn" : 1756460884838970656,
      "q" : "1",
      "p" : "0.228376",
      "s" : "sell",
      "i" : "HBARUSD-PERP",
      "m" : "4611686018431921145"
    }, {
      "d" : "1756460575983962237",
      "t" : 1756460575983,
      "tn" : 1756460575983962237,
      "q" : "1",
      "p" : "0.227737",
      "s" : "buy",
      "i" : "HBARUSD-PERP",
      "m" : "4611686018431921144"
    }, {
      "d" : "1756460525428387496",
      "t" : 1756460525428,
      "tn" : 1756460525428387496,
      "q" : "164",
      "p" : "0.227860",
      "s" : "buy",
      "i" : "HBARUSD-PERP",
      "m" : "4611686018431921143"
    }, {
      "d" : "1756460525428385103",
      "t" : 1756460525428,
      "tn" : 1756460525428385103,
      "q" : "250",
      "p" : "0.227859",
      "s" : "buy",
      "i" : "HBARUSD-PERP",
      "m" : "4611686018431921142"
    }, {
      "d" : "1756460525428384277",
      "t" : 1756460525428,
      "tn" : 1756460525428384277,
      "q" : "1",
      "p" : "0.227817",
      "s" : "buy",
      "i" : "HBARUSD-PERP",
      "m" : "4611686018431921141"
    }, {
      "d" : "1756460258745980642",
      "t" : 1756460258745,
      "tn" : 1756460258745980642,
      "q" : "1",
      "p" : "0.227746",
      "s" : "buy",
      "i" : "HBARUSD-PERP",
      "m" : "4611686018431921140"
    }, {
      "d" : "1756459807489697098",
      "t" : 1756459807489,
      "tn" : 1756459807489697098,
      "q" : "1",
      "p" : "0.227945",
      "s" : "sell",
      "i" : "HBARUSD-PERP",
      "m" : "4611686018431921139"
    }, {
      "d" : "1756459714084004679",
      "t" : 1756459714084,
      "tn" : 1756459714084004679,
      "q" : "1",
      "p" : "0.227525",
      "s" : "sell",
      "i" : "HBARUSD-PERP",
      "m" : "4611686018431921138"
    }, {
      "d" : "1756459605913992683",
      "t" : 1756459605913,
      "tn" : 1756459605913992683,
      "q" : "130",
      "p" : "0.227844",
      "s" : "buy",
      "i" : "HBARUSD-PERP",
      "m" : "4611686018431921137"
    }, {
      "d" : "1756459605913991114",
      "t" : 1756459605913,
      "tn" : 1756459605913991114,
      "q" : "1",
      "p" : "0.227817",
      "s" : "buy",
      "i" : "HBARUSD-PERP",
      "m" : "4611686018431921136"
    }, {
      "d" : "1756459601205669228",
      "t" : 1756459601205,
      "tn" : 1756459601205669228,
      "q" : "517",
      "p" : "0.228000",
      "s" : "sell",
      "i" : "HBARUSD-PERP",
      "m" : "4611686018431921135"
    }, {
      "d" : "1756459601022940303",
      "t" : 1756459601022,
      "tn" : 1756459601022940303,
      "q" : "483",
      "p" : "0.228000",
      "s" : "sell",
      "i" : "HBARUSD-PERP",
      "m" : "4611686018431921134"
    }, {
      "d" : "1756459575923205609",
      "t" : 1756459575923,
      "tn" : 1756459575923205609,
      "q" : "1",
      "p" : "0.228206",
      "s" : "sell",
      "i" : "HBARUSD-PERP",
      "m" : "4611686018431921133"
    }, {
      "d" : "1756459568511558140",
      "t" : 1756459568511,
      "tn" : 1756459568511558140,
      "q" : "1",
      "p" : "0.228276",
      "s" : "sell",
      "i" : "HBARUSD-PERP",
      "m" : "4611686018431921132"
    }, {
      "d" : "1756459545362770420",
      "t" : 1756459545362,
      "tn" : 1756459545362770420,
      "q" : "547",
      "p" : "0.228205",
      "s" : "buy",
      "i" : "HBARUSD-PERP",
      "m" : "4611686018431921131"
    }, {
      "d" : "1756459545362767934",
      "t" : 1756459545362,
      "tn" : 1756459545362767934,
      "q" : "1",
      "p" : "0.228168",
      "s" : "buy",
      "i" : "HBARUSD-PERP",
      "m" : "4611686018431921130"
    }, {
      "d" : "1756459501654013359",
      "t" : 1756459501654,
      "tn" : 1756459501654013359,
      "q" : "131",
      "p" : "0.228291",
      "s" : "buy",
      "i" : "HBARUSD-PERP",
      "m" : "4611686018431921129"
    }, {
      "d" : "1756459501654010581",
      "t" : 1756459501654,
      "tn" : 1756459501654010581,
      "q" : "1",
      "p" : "0.228267",
      "s" : "buy",
      "i" : "HBARUSD-PERP",
      "m" : "4611686018431921128"
    }, {
      "d" : "1756459444393310543",
      "t" : 1756459444393,
      "tn" : 1756459444393310543,
      "q" : "1",
      "p" : "0.228376",
      "s" : "sell",
      "i" : "HBARUSD-PERP",
      "m" : "4611686018431921127"
    }, {
      "d" : "1756459409284007303",
      "t" : 1756459409284,
      "tn" : 1756459409284007303,
      "q" : "147",
      "p" : "0.228522",
      "s" : "buy",
      "i" : "HBARUSD-PERP",
      "m" : "4611686018431921126"
    }, {
      "d" : "1756459409284004740",
      "t" : 1756459409284,
      "tn" : 1756459409284004740,
      "q" : "1",
      "p" : "0.228487",
      "s" : "buy",
      "i" : "HBARUSD-PERP",
      "m" : "4611686018431921125"
    }, {
      "d" : "1756459364766403003",
      "t" : 1756459364766,
      "tn" : 1756459364766403003,
      "q" : "1",
      "p" : "0.228746",
      "s" : "sell",
      "i" : "HBARUSD-PERP",
      "m" : "4611686018431921124"
    }, {
      "d" : "1756459357911928957",
      "t" : 1756459357911,
      "tn" : 1756459357911928957,
      "q" : "163",
      "p" : "0.228781",
      "s" : "buy",
      "i" : "HBARUSD-PERP",
      "m" : "4611686018431921123"
    }, {
      "d" : "1756459357911926488",
      "t" : 1756459357911,
      "tn" : 1756459357911926488,
      "q" : "1",
      "p" : "0.228768",
      "s" : "buy",
      "i" : "HBARUSD-PERP",
      "m" : "4611686018431921122"
    }, {
      "d" : "1756459323228050324",
      "t" : 1756459323228,
      "tn" : 1756459323228050324,
      "q" : "1",
      "p" : "0.228936",
      "s" : "sell",
      "i" : "HBARUSD-PERP",
      "m" : "4611686018431921121"
    }, {
      "d" : "1756459277817999909",
      "t" : 1756459277817,
      "tn" : 1756459277817999909,
      "q" : "1",
      "p" : "0.228727",
      "s" : "sell",
      "i" : "HBARUSD-PERP",
      "m" : "4611686018431921120"
    }, {
      "d" : "1756459268019163051",
      "t" : 1756459268019,
      "tn" : 1756459268019163051,
      "q" : "1",
      "p" : "0.228787",
      "s" : "sell",
      "i" : "HBARUSD-PERP",
      "m" : "4611686018431921119"
    }, {
      "d" : "1756459260041456460",
      "t" : 1756459260041,
      "tn" : 1756459260041456460,
      "q" : "1",
      "p" : "0.228828",
      "s" : "sell",
      "i" : "HBARUSD-PERP",
      "m" : "4611686018431921118"
    }, {
      "d" : "1756459247539022931",
      "t" : 1756459247539,
      "tn" : 1756459247539022931,
      "q" : "1",
      "p" : "0.228878",
      "s" : "sell",
      "i" : "HBARUSD-PERP",
      "m" : "4611686018431921117"
    }, {
      "d" : "1756459247389995169",
      "t" : 1756459247389,
      "tn" : 1756459247389995169,
      "q" : "1",
      "p" : "0.228929",
      "s" : "sell",
      "i" : "HBARUSD-PERP",
      "m" : "4611686018431921116"
    }, {
      "d" : "1756459243554799250",
      "t" : 1756459243554,
      "tn" : 1756459243554799250,
      "q" : "1",
      "p" : "0.228949",
      "s" : "sell",
      "i" : "HBARUSD-PERP",
      "m" : "4611686018431921115"
    }, {
      "d" : "1756459231612530718",
      "t" : 1756459231612,
      "tn" : 1756459231612530718,
      "q" : "1",
      "p" : "0.228920",
      "s" : "sell",
      "i" : "HBARUSD-PERP",
      "m" : "4611686018431921114"
    }, {
      "d" : "1756459231273297895",
      "t" : 1756459231273,
      "tn" : 1756459231273297895,
      "q" : "1",
      "p" : "0.228930",
      "s" : "sell",
      "i" : "HBARUSD-PERP",
      "m" : "4611686018431921113"
    }, {
      "d" : "1756459223934616650",
      "t" : 1756459223934,
      "tn" : 1756459223934616650,
      "q" : "1",
      "p" : "0.228901",
      "s" : "sell",
      "i" : "HBARUSD-PERP",
      "m" : "4611686018431921112"
    }, {
      "d" : "1756459223783489179",
      "t" : 1756459223783,
      "tn" : 1756459223783489179,
      "q" : "1",
      "p" : "0.228931",
      "s" : "sell",
      "i" : "HBARUSD-PERP",
      "m" : "4611686018431921111"
    }, {
      "d" : "1756459211276005545",
      "t" : 1756459211276,
      "tn" : 1756459211276005545,
      "q" : "1",
      "p" : "0.228972",
      "s" : "sell",
      "i" : "HBARUSD-PERP",
      "m" : "4611686018431921110"
    }, {
      "d" : "1756459200016574658",
      "t" : 1756459200016,
      "tn" : 1756459200016574658,
      "q" : "1",
      "p" : "0.228902",
      "s" : "sell",
      "i" : "HBARUSD-PERP",
      "m" : "4611686018431921109"
    }, {
      "d" : "1756459198742532767",
      "t" : 1756459198742,
      "tn" : 1756459198742532767,
      "q" : "1",
      "p" : "0.228923",
      "s" : "sell",
      "i" : "HBARUSD-PERP",
      "m" : "4611686018431921108"
    }, {
      "d" : "1756459185307092815",
      "t" : 1756459185307,
      "tn" : 1756459185307092815,
      "q" : "1",
      "p" : "0.228873",
      "s" : "sell",
      "i" : "HBARUSD-PERP",
      "m" : "4611686018431921107"
    }, {
      "d" : "1756459162891434999",
      "t" : 1756459162891,
      "tn" : 1756459162891434999,
      "q" : "1",
      "p" : "0.228643",
      "s" : "sell",
      "i" : "HBARUSD-PERP",
      "m" : "4611686018431921106"
    }, {
      "d" : "1756459111936033381",
      "t" : 1756459111936,
      "tn" : 1756459111936033381,
      "q" : "1",
      "p" : "0.228415",
      "s" : "buy",
      "i" : "HBARUSD-PERP",
      "m" : "4611686018431921105"
    }, {
      "d" : "1756459109698842160",
      "t" : 1756459109698,
      "tn" : 1756459109698842160,
      "q" : "1",
      "p" : "0.228473",
      "s" : "sell",
      "i" : "HBARUSD-PERP",
      "m" : "4611686018431921104"
    }, {
      "d" : "1756459102512043868",
      "t" : 1756459102512,
      "tn" : 1756459102512043868,
      "q" : "1",
      "p" : "0.228434",
      "s" : "sell",
      "i" : "HBARUSD-PERP",
      "m" : "4611686018431921103"
    }, {
      "d" : "1756459050180359242",
      "t" : 1756459050180,
      "tn" : 1756459050180359242,
      "q" : "1",
      "p" : "0.228084",
      "s" : "sell",
      "i" : "HBARUSD-PERP",
      "m" : "4611686018431921102"
    }, {
      "d" : "1756459038749750171",
      "t" : 1756459038749,
      "tn" : 1756459038749750171,
      "q" : "1",
      "p" : "0.228225",
      "s" : "sell",
      "i" : "HBARUSD-PERP",
      "m" : "4611686018431921101"
    }, {
      "d" : "1756459020275392997",
      "t" : 1756459020275,
      "tn" : 1756459020275392997,
      "q" : "1",
      "p" : "0.228065",
      "s" : "sell",
      "i" : "HBARUSD-PERP",
      "m" : "4611686018431921100"
    }, {
      "d" : "1756459020129125960",
      "t" : 1756459020129,
      "tn" : 1756459020129125960,
      "q" : "1",
      "p" : "0.228105",
      "s" : "sell",
      "i" : "HBARUSD-PERP",
      "m" : "4611686018431921099"
    }, {
      "d" : "1756458968895170872",
      "t" : 1756458968895,
      "tn" : 1756458968895170872,
      "q" : "1",
      "p" : "0.227966",
      "s" : "sell",
      "i" : "HBARUSD-PERP",
      "m" : "4611686018431921098"
    }, {
      "d" : "1756458962917013232",
      "t" : 1756458962917,
      "tn" : 1756458962917013232,
      "q" : "7",
      "p" : "0.227954",
      "s" : "buy",
      "i" : "HBARUSD-PERP",
      "m" : "4611686018431921097"
    }, {
      "d" : "1756458962917011386",
      "t" : 1756458962917,
      "tn" : 1756458962917011386,
      "q" : "1",
      "p" : "0.227953",
      "s" : "buy",
      "i" : "HBARUSD-PERP",
      "m" : "4611686018431921096"
    }, {
      "d" : "1756458962917008738",
      "t" : 1756458962917,
      "tn" : 1756458962917008738,
      "q" : "1",
      "p" : "0.227877",
      "s" : "buy",
      "i" : "HBARUSD-PERP",
      "m" : "4611686018431921095"
    }, {
      "d" : "1756458959258922207",
      "t" : 1756458959258,
      "tn" : 1756458959258922207,
      "q" : "1",
      "p" : "0.227836",
      "s" : "sell",
      "i" : "HBARUSD-PERP",
      "m" : "4611686018431921094"
    }, {
      "d" : "1756458905573258654",
      "t" : 1756458905573,
      "tn" : 1756458905573258654,
      "q" : "1",
      "p" : "0.227876",
      "s" : "sell",
      "i" : "HBARUSD-PERP",
      "m" : "4611686018431921093"
    }, {
      "d" : "1756458879194066717",
      "t" : 1756458879194,
      "tn" : 1756458879194066717,
      "q" : "1",
      "p" : "0.227807",
      "s" : "sell",
      "i" : "HBARUSD-PERP",
      "m" : "4611686018431921092"
    }, {
      "d" : "1756458878018863824",
      "t" : 1756458878018,
      "tn" : 1756458878018863824,
      "q" : "1812",
      "p" : "0.227692",
      "s" : "sell",
      "i" : "HBARUSD-PERP",
      "m" : "4611686018431921091"
    }, {
      "d" : "1756458878018862252",
      "t" : 1756458878018,
      "tn" : 1756458878018862252,
      "q" : "1178",
      "p" : "0.227699",
      "s" : "sell",
      "i" : "HBARUSD-PERP",
      "m" : "4611686018431921090"
    }, {
      "d" : "1756458878018859333",
      "t" : 1756458878018,
      "tn" : 1756458878018859333,
      "q" : "512",
      "p" : "0.227703",
      "s" : "sell",
      "i" : "HBARUSD-PERP",
      "m" : "4611686018431921089"
    }, {
      "d" : "1756458878018857072",
      "t" : 1756458878018,
      "tn" : 1756458878018857072,
      "q" : "1097",
      "p" : "0.227712",
      "s" : "sell",
      "i" : "HBARUSD-PERP",
      "m" : "4611686018431921088"
    }, {
      "d" : "1756458878018854631",
      "t" : 1756458878018,
      "tn" : 1756458878018854631,
      "q" : "1",
      "p" : "0.227746",
      "s" : "sell",
      "i" : "HBARUSD-PERP",
      "m" : "4611686018431921087"
    }, {
      "d" : "1756458878018852626",
      "t" : 1756458878018,
      "tn" : 1756458878018852626,
      "q" : "1",
      "p" : "0.227807",
      "s" : "sell",
      "i" : "HBARUSD-PERP",
      "m" : "4611686018431921086"
    }, {
      "d" : "1756458784988686724",
      "t" : 1756458784988,
      "tn" : 1756458784988686724,
      "q" : "1",
      "p" : "0.228149",
      "s" : "buy",
      "i" : "HBARUSD-PERP",
      "m" : "4611686018431921085"
    }, {
      "d" : "1756458303811128702",
      "t" : 1756458303811,
      "tn" : 1756458303811128702,
      "q" : "1",
      "p" : "0.228085",
      "s" : "buy",
      "i" : "HBARUSD-PERP",
      "m" : "4611686018431921084"
    }, {
      "d" : "1756458303395735939",
      "t" : 1756458303395,
      "tn" : 1756458303395735939,
      "q" : "162",
      "p" : "0.228085",
      "s" : "buy",
      "i" : "HBARUSD-PERP",
      "m" : "4611686018431921083"
    }, {
      "d" : "1756458303268508770",
      "t" : 1756458303268,
      "tn" : 1756458303268508770,
      "q" : "1",
      "p" : "0.228107",
      "s" : "sell",
      "i" : "HBARUSD-PERP",
      "m" : "4611686018431921082"
    }, {
      "d" : "1756458252634963974",
      "t" : 1756458252634,
      "tn" : 1756458252634963974,
      "q" : "1",
      "p" : "0.227919",
      "s" : "buy",
      "i" : "HBARUSD-PERP",
      "m" : "4611686018431921081"
    }, {
      "d" : "1756458252515569891",
      "t" : 1756458252515,
      "tn" : 1756458252515569891,
      "q" : "1",
      "p" : "0.227918",
      "s" : "buy",
      "i" : "HBARUSD-PERP",
      "m" : "4611686018431921080"
    }, {
      "d" : "1756458251168726200",
      "t" : 1756458251168,
      "tn" : 1756458251168726200,
      "q" : "1",
      "p" : "0.227918",
      "s" : "buy",
      "i" : "HBARUSD-PERP",
      "m" : "4611686018431921079"
    }, {
      "d" : "1756458219016196503",
      "t" : 1756458219016,
      "tn" : 1756458219016196503,
      "q" : "1",
      "p" : "0.227747",
      "s" : "buy",
      "i" : "HBARUSD-PERP",
      "m" : "4611686018431921078"
    }, {
      "d" : "1756458203127188889",
      "t" : 1756458203127,
      "tn" : 1756458203127188889,
      "q" : "1",
      "p" : "0.227486",
      "s" : "buy",
      "i" : "HBARUSD-PERP",
      "m" : "4611686018431921077"
    }, {
      "d" : "1756458186369249402",
      "t" : 1756458186369,
      "tn" : 1756458186369249402,
      "q" : "250",
      "p" : "0.227628",
      "s" : "sell",
      "i" : "HBARUSD-PERP",
      "m" : "4611686018431921076"
    }, {
      "d" : "1756458166994521228",
      "t" : 1756458166994,
      "tn" : 1756458166994521228,
      "q" : "8325",
      "p" : "0.228000",
      "s" : "sell",
      "i" : "HBARUSD-PERP",
      "m" : "4611686018431921075"
    }, {
      "d" : "1756458164012017026",
      "t" : 1756458164012,
      "tn" : 1756458164012017026,
      "q" : "1050",
      "p" : "0.228000",
      "s" : "sell",
      "i" : "HBARUSD-PERP",
      "m" : "4611686018431921074"
    }, {
      "d" : "1756458163919868834",
      "t" : 1756458163919,
      "tn" : 1756458163919868834,
      "q" : "2303",
      "p" : "0.228000",
      "s" : "sell",
      "i" : "HBARUSD-PERP",
      "m" : "4611686018431921073"
    }, {
      "d" : "1756458163903236546",
      "t" : 1756458163903,
      "tn" : 1756458163903236546,
      "q" : "1050",
      "p" : "0.228000",
      "s" : "sell",
      "i" : "HBARUSD-PERP",
      "m" : "4611686018431921072"
    }, {
      "d" : "1756458162226573329",
      "t" : 1756458162226,
      "tn" : 1756458162226573329,
      "q" : "76",
      "p" : "0.228000",
      "s" : "sell",
      "i" : "HBARUSD-PERP",
      "m" : "4611686018431921071"
    }, {
      "d" : "1756458160683582321",
      "t" : 1756458160683,
      "tn" : 1756458160683582321,
      "q" : "7196",
      "p" : "0.228000",
      "s" : "sell",
      "i" : "HBARUSD-PERP",
      "m" : "4611686018431921070"
    }, {
      "d" : "1756458135440042813",
      "t" : 1756458135440,
      "tn" : 1756458135440042813,
      "q" : "250",
      "p" : "0.228251",
      "s" : "sell",
      "i" : "HBARUSD-PERP",
      "m" : "4611686018431921069"
    }, {
      "d" : "1756458135440040477",
      "t" : 1756458135440,
      "tn" : 1756458135440040477,
      "q" : "250",
      "p" : "0.228253",
      "s" : "sell",
      "i" : "HBARUSD-PERP",
      "m" : "4611686018431921068"
    }, {
      "d" : "1756458135440037475",
      "t" : 1756458135440,
      "tn" : 1756458135440037475,
      "q" : "1",
      "p" : "0.228256",
      "s" : "sell",
      "i" : "HBARUSD-PERP",
      "m" : "4611686018431921067"
    }, {
      "d" : "1756458112283240699",
      "t" : 1756458112283,
      "tn" : 1756458112283240699,
      "q" : "76",
      "p" : "0.228367",
      "s" : "buy",
      "i" : "HBARUSD-PERP",
      "m" : "4611686018431921066"
    }, {
      "d" : "1756458112283143544",
      "t" : 1756458112283,
      "tn" : 1756458112283143544,
      "q" : "88",
      "p" : "0.228367",
      "s" : "buy",
      "i" : "HBARUSD-PERP",
      "m" : "4611686018431921065"
    }, {
      "d" : "1756458112283141754",
      "t" : 1756458112283,
      "tn" : 1756458112283141754,
      "q" : "1",
      "p" : "0.228317",
      "s" : "buy",
      "i" : "HBARUSD-PERP",
      "m" : "4611686018431921064"
    }, {
      "d" : "1756458056066996846",
      "t" : 1756458056066,
      "tn" : 1756458056066996846,
      "q" : "1000",
      "p" : "0.228500",
      "s" : "sell",
      "i" : "HBARUSD-PERP",
      "m" : "4611686018431921063"
    }, {
      "d" : "1756458040134043948",
      "t" : 1756458040134,
      "tn" : 1756458040134043948,
      "q" : "163",
      "p" : "0.228543",
      "s" : "buy",
      "i" : "HBARUSD-PERP",
      "m" : "4611686018431921062"
    }, {
      "d" : "1756458040134042532",
      "t" : 1756458040134,
      "tn" : 1756458040134042532,
      "q" : "1",
      "p" : "0.228501",
      "s" : "buy",
      "i" : "HBARUSD-PERP",
      "m" : "4611686018431921061"
    }, {
      "d" : "1756457937587604146",
      "t" : 1756457937587,
      "tn" : 1756457937587604146,
      "q" : "1",
      "p" : "0.228726",
      "s" : "buy",
      "i" : "HBARUSD-PERP",
      "m" : "4611686018431921060"
    }, {
      "d" : "1756457909547482840",
      "t" : 1756457909547,
      "tn" : 1756457909547482840,
      "q" : "1",
      "p" : "0.228746",
      "s" : "buy",
      "i" : "HBARUSD-PERP",
      "m" : "4611686018431921059"
    }, {
      "d" : "1756457901489100565",
      "t" : 1756457901489,
      "tn" : 1756457901489100565,
      "q" : "1",
      "p" : "0.228825",
      "s" : "buy",
      "i" : "HBARUSD-PERP",
      "m" : "4611686018431921058"
    }, {
      "d" : "1756457901152908258",
      "t" : 1756457901152,
      "tn" : 1756457901152908258,
      "q" : "1",
      "p" : "0.228825",
      "s" : "buy",
      "i" : "HBARUSD-PERP",
      "m" : "4611686018431921057"
    }, {
      "d" : "1756457899459806187",
      "t" : 1756457899459,
      "tn" : 1756457899459806187,
      "q" : "1",
      "p" : "0.228784",
      "s" : "buy",
      "i" : "HBARUSD-PERP",
      "m" : "4611686018431921056"
    }, {
      "d" : "1756457897145496740",
      "t" : 1756457897145,
      "tn" : 1756457897145496740,
      "q" : "1",
      "p" : "0.228784",
      "s" : "buy",
      "i" : "HBARUSD-PERP",
      "m" : "4611686018431921055"
    }, {
      "d" : "1756457878699537961",
      "t" : 1756457878699,
      "tn" : 1756457878699537961,
      "q" : "1",
      "p" : "0.228783",
      "s" : "buy",
      "i" : "HBARUSD-PERP",
      "m" : "4611686018431921054"
    }, {
      "d" : "1756457867189332775",
      "t" : 1756457867189,
      "tn" : 1756457867189332775,
      "q" : "1",
      "p" : "0.228713",
      "s" : "buy",
      "i" : "HBARUSD-PERP",
      "m" : "4611686018431921053"
    }, {
      "d" : "1756457867074033002",
      "t" : 1756457867074,
      "tn" : 1756457867074033002,
      "q" : "1",
      "p" : "0.228712",
      "s" : "buy",
      "i" : "HBARUSD-PERP",
      "m" : "4611686018431921052"
    }, {
      "d" : "1756457866934270497",
      "t" : 1756457866934,
      "tn" : 1756457866934270497,
      "q" : "1",
      "p" : "0.228712",
      "s" : "buy",
      "i" : "HBARUSD-PERP",
      "m" : "4611686018431921051"
    }, {
      "d" : "1756457731755497403",
      "t" : 1756457731755,
      "tn" : 1756457731755497402,
      "q" : "545",
      "p" : "0.228988",
      "s" : "buy",
      "i" : "HBARUSD-PERP",
      "m" : "4611686018431921050"
    }, {
      "d" : "1756457731755497402",
      "t" : 1756457731755,
      "tn" : 1756457731755497402,
      "q" : "1",
      "p" : "0.228988",
      "s" : "buy",
      "i" : "HBARUSD-PERP",
      "m" : "4611686018431921050"
    }, {
      "d" : "1756457731755493897",
      "t" : 1756457731755,
      "tn" : 1756457731755493897,
      "q" : "163",
      "p" : "0.228963",
      "s" : "buy",
      "i" : "HBARUSD-PERP",
      "m" : "4611686018431921049"
    }, {
      "d" : "1756457731754980429",
      "t" : 1756457731754,
      "tn" : 1756457731754980429,
      "q" : "250",
      "p" : "0.228962",
      "s" : "buy",
      "i" : "HBARUSD-PERP",
      "m" : "4611686018431921048"
    }, {
      "d" : "1756457731754978207",
      "t" : 1756457731754,
      "tn" : 1756457731754978207,
      "q" : "1",
      "p" : "0.228902",
      "s" : "buy",
      "i" : "HBARUSD-PERP",
      "m" : "4611686018431921047"
    }, {
      "d" : "1756457695719193771",
      "t" : 1756457695719,
      "tn" : 1756457695719193770,
      "q" : "163",
      "p" : "0.228921",
      "s" : "buy",
      "i" : "HBARUSD-PERP",
      "m" : "4611686018431921046"
    }, {
      "d" : "1756457695719193770",
      "t" : 1756457695719,
      "tn" : 1756457695719193770,
      "q" : "1",
      "p" : "0.228921",
      "s" : "buy",
      "i" : "HBARUSD-PERP",
      "m" : "4611686018431921046"
    }, {
      "d" : "1756457625961743396",
      "t" : 1756457625961,
      "tn" : 1756457625961743396,
      "q" : "187",
      "p" : "0.229129",
      "s" : "sell",
      "i" : "HBARUSD-PERP",
      "m" : "4611686018431921045"
    }, {
      "d" : "1756457617202953126",
      "t" : 1756457617202,
      "tn" : 1756457617202953125,
      "q" : "545",
      "p" : "0.229220",
      "s" : "sell",
      "i" : "HBARUSD-PERP",
      "m" : "4611686018431921044"
    }, {
      "d" : "1756457617202953125",
      "t" : 1756457617202,
      "tn" : 1756457617202953125,
      "q" : "1",
      "p" : "0.229220",
      "s" : "sell",
      "i" : "HBARUSD-PERP",
      "m" : "4611686018431921044"
    }, {
      "d" : "1756457574350588816",
      "t" : 1756457574350,
      "tn" : 1756457574350588816,
      "q" : "1",
      "p" : "0.229010",
      "s" : "sell",
      "i" : "HBARUSD-PERP",
      "m" : "4611686018431921043"
    }, {
      "d" : "1756457486934901608",
      "t" : 1756457486934,
      "tn" : 1756457486934901608,
      "q" : "1",
      "p" : "0.229201",
      "s" : "sell",
      "i" : "HBARUSD-PERP",
      "m" : "4611686018431921042"
    }, {
      "d" : "1756457192723390965",
      "t" : 1756457192723,
      "tn" : 1756457192723390965,
      "q" : "1",
      "p" : "0.229462",
      "s" : "buy",
      "i" : "HBARUSD-PERP",
      "m" : "4611686018431921041"
    }, {
      "d" : "1756457148317764499",
      "t" : 1756457148317,
      "tn" : 1756457148317764499,
      "q" : "1",
      "p" : "0.229772",
      "s" : "buy",
      "i" : "HBARUSD-PERP",
      "m" : "4611686018431921040"
    }, {
      "d" : "1756457082568439244",
      "t" : 1756457082568,
      "tn" : 1756457082568439244,
      "q" : "1",
      "p" : "0.229531",
      "s" : "buy",
      "i" : "HBARUSD-PERP",
      "m" : "4611686018431921039"
    }, {
      "d" : "1756457082459453804",
      "t" : 1756457082459,
      "tn" : 1756457082459453804,
      "q" : "1",
      "p" : "0.229531",
      "s" : "buy",
      "i" : "HBARUSD-PERP",
      "m" : "4611686018431921038"
    }, {
      "d" : "1756457065537948249",
      "t" : 1756457065537,
      "tn" : 1756457065537948249,
      "q" : "1",
      "p" : "0.229501",
      "s" : "buy",
      "i" : "HBARUSD-PERP",
      "m" : "4611686018431921037"
    }, {
      "d" : "1756457064700192186",
      "t" : 1756457064700,
      "tn" : 1756457064700192186,
      "q" : "1",
      "p" : "0.229500",
      "s" : "buy",
      "i" : "HBARUSD-PERP",
      "m" : "4611686018431921036"
    }, {
      "d" : "1756457033593405375",
      "t" : 1756457033593,
      "tn" : 1756457033593405375,
      "q" : "1",
      "p" : "0.229620",
      "s" : "buy",
      "i" : "HBARUSD-PERP",
      "m" : "4611686018431921035"
    }, {
      "d" : "1756457033399333388",
      "t" : 1756457033399,
      "tn" : 1756457033399333388,
      "q" : "1",
      "p" : "0.229619",
      "s" : "buy",
      "i" : "HBARUSD-PERP",
      "m" : "4611686018431921034"
    }, {
      "d" : "1756457033289316282",
      "t" : 1756457033289,
      "tn" : 1756457033289316282,
      "q" : "1",
      "p" : "0.229619",
      "s" : "buy",
      "i" : "HBARUSD-PERP",
      "m" : "4611686018431921033"
    }, {
      "d" : "1756457017810300430",
      "t" : 1756457017810,
      "tn" : 1756457017810300430,
      "q" : "1",
      "p" : "0.229558",
      "s" : "buy",
      "i" : "HBARUSD-PERP",
      "m" : "4611686018431921032"
    }, {
      "d" : "1756457017399072995",
      "t" : 1756457017399,
      "tn" : 1756457017399072995,
      "q" : "1",
      "p" : "0.229548",
      "s" : "buy",
      "i" : "HBARUSD-PERP",
      "m" : "4611686018431921031"
    }, {
      "d" : "1756457009809208338",
      "t" : 1756457009809,
      "tn" : 1756457009809208338,
      "q" : "1",
      "p" : "0.229577",
      "s" : "buy",
      "i" : "HBARUSD-PERP",
      "m" : "4611686018431921030"
    }, {
      "d" : "1756457007765621824",
      "t" : 1756457007765,
      "tn" : 1756457007765621824,
      "q" : "1",
      "p" : "0.229577",
      "s" : "buy",
      "i" : "HBARUSD-PERP",
      "m" : "4611686018431921029"
    }, {
      "d" : "1756457006515388513",
      "t" : 1756457006515,
      "tn" : 1756457006515388513,
      "q" : "1",
      "p" : "0.229546",
      "s" : "buy",
      "i" : "HBARUSD-PERP",
      "m" : "4611686018431921028"
    }, {
      "d" : "1756457005398946523",
      "t" : 1756457005398,
      "tn" : 1756457005398946523,
      "q" : "1",
      "p" : "0.229546",
      "s" : "buy",
      "i" : "HBARUSD-PERP",
      "m" : "4611686018431921027"
    }, {
      "d" : "1756457005078828030",
      "t" : 1756457005078,
      "tn" : 1756457005078828030,
      "q" : "1",
      "p" : "0.229545",
      "s" : "buy",
      "i" : "HBARUSD-PERP",
      "m" : "4611686018431921026"
    }, {
      "d" : "1756457001955805862",
      "t" : 1756457001955,
      "tn" : 1756457001955805862,
      "q" : "1",
      "p" : "0.229535",
      "s" : "buy",
      "i" : "HBARUSD-PERP",
      "m" : "4611686018431921025"
    }, {
      "d" : "1756457001730456660",
      "t" : 1756457001730,
      "tn" : 1756457001730456660,
      "q" : "1",
      "p" : "0.229534",
      "s" : "buy",
      "i" : "HBARUSD-PERP",
      "m" : "4611686018431921024"
    }, {
      "d" : "1756456997030972412",
      "t" : 1756456997030,
      "tn" : 1756456997030972412,
      "q" : "1",
      "p" : "0.229534",
      "s" : "buy",
      "i" : "HBARUSD-PERP",
      "m" : "4611686018431921023"
    }, {
      "d" : "1756456992840106103",
      "t" : 1756456992840,
      "tn" : 1756456992840106103,
      "q" : "1",
      "p" : "0.229443",
      "s" : "buy",
      "i" : "HBARUSD-PERP",
      "m" : "4611686018431921022"
    }, {
      "d" : "1756456977991058155",
      "t" : 1756456977991,
      "tn" : 1756456977991058155,
      "q" : "250",
      "p" : "0.229524",
      "s" : "sell",
      "i" : "HBARUSD-PERP",
      "m" : "4611686018431921021"
    }, {
      "d" : "1756456974898143656",
      "t" : 1756456974898,
      "tn" : 1756456974898143656,
      "q" : "1",
      "p" : "0.229513",
      "s" : "buy",
      "i" : "HBARUSD-PERP",
      "m" : "4611686018431921020"
    }, {
      "d" : "1756456963506215078",
      "t" : 1756456963506,
      "tn" : 1756456963506215078,
      "q" : "1",
      "p" : "0.229532",
      "s" : "buy",
      "i" : "HBARUSD-PERP",
      "m" : "4611686018431921019"
    }, {
      "d" : "1756456891620429421",
      "t" : 1756456891620,
      "tn" : 1756456891620429421,
      "q" : "1",
      "p" : "0.229672",
      "s" : "buy",
      "i" : "HBARUSD-PERP",
      "m" : "4611686018431921018"
    }, {
      "d" : "1756456891510376369",
      "t" : 1756456891510,
      "tn" : 1756456891510376369,
      "q" : "1",
      "p" : "0.229671",
      "s" : "buy",
      "i" : "HBARUSD-PERP",
      "m" : "4611686018431921017"
    }, {
      "d" : "1756456891401045024",
      "t" : 1756456891401,
      "tn" : 1756456891401045024,
      "q" : "1",
      "p" : "0.229671",
      "s" : "buy",
      "i" : "HBARUSD-PERP",
      "m" : "4611686018431921016"
    }, {
      "d" : "1756456881629121477",
      "t" : 1756456881629,
      "tn" : 1756456881629121477,
      "q" : "1",
      "p" : "0.229862",
      "s" : "buy",
      "i" : "HBARUSD-PERP",
      "m" : "4611686018431921015"
    }, {
      "d" : "1756456881629119420",
      "t" : 1756456881629,
      "tn" : 1756456881629119420,
      "q" : "1",
      "p" : "0.229770",
      "s" : "buy",
      "i" : "HBARUSD-PERP",
      "m" : "4611686018431921014"
    }, {
      "d" : "1756456880759286655",
      "t" : 1756456880759,
      "tn" : 1756456880759286655,
      "q" : "1",
      "p" : "0.229830",
      "s" : "buy",
      "i" : "HBARUSD-PERP",
      "m" : "4611686018431921013"
    }, {
      "d" : "1756456867594049982",
      "t" : 1756456867594,
      "tn" : 1756456867594049982,
      "q" : "1",
      "p" : "0.229859",
      "s" : "buy",
      "i" : "HBARUSD-PERP",
      "m" : "4611686018431921012"
    }, {
      "d" : "1756456867347870922",
      "t" : 1756456867347,
      "tn" : 1756456867347870922,
      "q" : "1",
      "p" : "0.229849",
      "s" : "buy",
      "i" : "HBARUSD-PERP",
      "m" : "4611686018431921011"
    }, {
      "d" : "1756456867136815362",
      "t" : 1756456867136,
      "tn" : 1756456867136815362,
      "q" : "1",
      "p" : "0.229848",
      "s" : "buy",
      "i" : "HBARUSD-PERP",
      "m" : "4611686018431921010"
    }, {
      "d" : "1756456855356338627",
      "t" : 1756456855356,
      "tn" : 1756456855356338627,
      "q" : "1",
      "p" : "0.229778",
      "s" : "buy",
      "i" : "HBARUSD-PERP",
      "m" : "4611686018431921009"
    }, {
      "d" : "1756456835616513034",
      "t" : 1756456835616,
      "tn" : 1756456835616513034,
      "q" : "1",
      "p" : "0.229767",
      "s" : "buy",
      "i" : "HBARUSD-PERP",
      "m" : "4611686018431921008"
    }, {
      "d" : "1756456812751631122",
      "t" : 1756456812751,
      "tn" : 1756456812751631122,
      "q" : "543",
      "p" : "0.230023",
      "s" : "sell",
      "i" : "HBARUSD-PERP",
      "m" : "4611686018431921007"
    }, {
      "d" : "1756456805642327540",
      "t" : 1756456805642,
      "tn" : 1756456805642327540,
      "q" : "250",
      "p" : "0.229602",
      "s" : "sell",
      "i" : "HBARUSD-PERP",
      "m" : "4611686018431921006"
    }, {
      "d" : "1756456805642325595",
      "t" : 1756456805642,
      "tn" : 1756456805642325595,
      "q" : "1",
      "p" : "0.229616",
      "s" : "sell",
      "i" : "HBARUSD-PERP",
      "m" : "4611686018431921005"
    }, {
      "d" : "1756456805559025638",
      "t" : 1756456805559,
      "tn" : 1756456805559025638,
      "q" : "146",
      "p" : "0.229625",
      "s" : "sell",
      "i" : "HBARUSD-PERP",
      "m" : "4611686018431921004"
    }, {
      "d" : "1756456801957498353",
      "t" : 1756456801957,
      "tn" : 1756456801957498353,
      "q" : "162",
      "p" : "0.229700",
      "s" : "sell",
      "i" : "HBARUSD-PERP",
      "m" : "4611686018431921003"
    }, {
      "d" : "1756456801569098487",
      "t" : 1756456801569,
      "tn" : 1756456801569098487,
      "q" : "1",
      "p" : "0.229657",
      "s" : "buy",
      "i" : "HBARUSD-PERP",
      "m" : "4611686018431921002"
    }, {
      "d" : "1756456746907477655",
      "t" : 1756456746907,
      "tn" : 1756456746907477654,
      "q" : "464",
      "p" : "0.230126",
      "s" : "sell",
      "i" : "HBARUSD-PERP",
      "m" : "4611686018431921001"
    } ]
  }
}