{
  "id" : -1,
  "method" : "public/get-trades",
  "code" : 0,
  "result" : {
    "data" : [ {
      "d" : "1756461225240956633",
      "t" : 1756461225240,
      "tn" : 1756461225240956633,
      "q" : "6",
      "p" : "0.228126",
      "s" : "buy",
      "i" : "HBAR_USDT",
      "m" : "4611686018435638075"
    }, {
      "d" : "1756461201607028771",
      "t" : 1756461201607,
      "tn" : 1756461201607028770,
      "q" : "219",
      "p" : "0.228114",
      "s" : "sell",
      "i" : "HBAR_USDT",
      "m" : "4611686018435638074"
    }, {
      "d" : "1756461201607028770",
      "t" : 1756461201607,
      "tn" : 1756461201607028770,
      "q" : "273",
      "p" : "0.228114",
      "s" : "sell",
      "i" : "HBAR_USDT",
      "m" : "4611686018435638074"
    }, {
      "d" : "1756460898094146789",
      "t" : 1756460898094,
      "tn" : 1756460898094146789,
      "q" : "497",
      "p" : "0.228306",
      "s" : "sell",
      "i" : "HBAR_USDT",
      "m" : "4611686018435638073"
    }, {
      "d" : "1756460898093500212",
      "t" : 1756460898093,
      "tn" : 1756460898093500212,
      "q" : "202",
      "p" : "0.228306",
      "s" : "sell",
      "i" : "HBAR_USDT",
      "m" : "4611686018435638072"
    }, {
      "d" : "1756460884839724624",
      "t" : 1756460884839,
      "tn" : 1756460884839724624,
      "q" : "968",
      "p" : "0.228341",
      "s" : "sell",
      "i" : "HBAR_USDT",
      "m" : "4611686018435638071"
    }, {
      "d" : "1756460884838868921",
      "t" : 1756460884838,
      "tn" : 1756460884838868921,
      "q" : "1065",
      "p" : "0.228273",
      "s" : "sell",
      "i" : "HBAR_USDT",
      "m" : "4611686018435638070"
    }, {
      "d" : "1756460884838867317",
      "t" : 1756460884838,
      "tn" : 1756460884838867317,
      "q" : "2189",
      "p" : "0.228310",
      "s" : "sell",
      "i" : "HBAR_USDT",
      "m" : "4611686018435638069"
    }, {
      "d" : "1756460883281318281",
      "t" : 1756460883281,
      "tn" : 1756460883281318281,
      "q" : "6",
      "p" : "0.228328",
      "s" : "buy",
      "i" : "HBAR_USDT",
      "m" : "4611686018435638068"
    }, {
      "d" : "1756460837761050018",
      "t" : 1756460837761,
      "tn" : 1756460837761050018,
      "q" : "6",
      "p" : "0.228304",
      "s" : "buy",
      "i" : "HBAR_USDT",
      "m" : "4611686018435638067"
    }, {
      "d" : "1756460777743312003",
      "t" : 1756460777743,
      "tn" : 1756460777743312003,
      "q" : "700",
      "p" : "0.228336",
      "s" : "buy",
      "i" : "HBAR_USDT",
      "m" : "4611686018435638066"
    }, {
      "d" : "1756460777742123883",
      "t" : 1756460777742,
      "tn" : 1756460777742123883,
      "q" : "132",
      "p" : "0.228336",
      "s" : "buy",
      "i" : "HBAR_USDT",
      "m" : "4611686018435638065"
    }, {
      "d" : "1756460777742112830",
      "t" : 1756460777742,
      "tn" : 1756460777742112830,
      "q" : "87",
      "p" : "0.228324",
      "s" : "buy",
      "i" : "HBAR_USDT",
      "m" : "4611686018435638064"
    }, {
      "d" : "1756460777742109283",
      "t" : 1756460777742,
      "tn" : 1756460777742109283,
      "q" : "6",
      "p" : "0.228306",
      "s" : "buy",
      "i" : "HBAR_USDT",
      "m" : "4611686018435638063"
    }, {
      "d" : "1756460725929662204",
      "t" : 1756460725929,
      "tn" : 1756460725929662204,
      "q" : "131",
      "p" : "0.228177",
      "s" : "buy",
      "i" : "HBAR_USDT",
      "m" : "4611686018435638062"
    }, {
      "d" : "1756460626988032602",
      "t" : 1756460626988,
      "tn" : 1756460626988032602,
      "q" : "357",
      "p" : "0.228074",
      "s" : "sell",
      "i" : "HBAR_USDT",
      "m" : "4611686018435638061"
    }, {
      "d" : "1756460626987516021",
      "t" : 1756460626987,
      "tn" : 1756460626987516021,
      "q" : "1417",
      "p" : "0.228074",
      "s" : "sell",
      "i" : "HBAR_USDT",
      "m" : "4611686018435638060"
    }, {
      "d" : "1756460626986949196",
      "t" : 1756460626986,
      "tn" : 1756460626986949196,
      "q" : "212",
      "p" : "0.228074",
      "s" : "sell",
      "i" : "HBAR_USDT",
      "m" : "4611686018435638059"
    }, {
      "d" : "1756460575985118558",
      "t" : 1756460575985,
      "tn" : 1756460575985118558,
      "q" : "956",
      "p" : "0.227777",
      "s" : "buy",
      "i" : "HBAR_USDT",
      "m" : "4611686018435638058"
    }, {
      "d" : "1756460575983988617",
      "t" : 1756460575983,
      "tn" : 1756460575983988617,
      "q" : "6",
      "p" : "0.227746",
      "s" : "buy",
      "i" : "HBAR_USDT",
      "m" : "4611686018435638057"
    }, {
      "d" : "1756460532766609278",
      "t" : 1756460532766,
      "tn" : 1756460532766609278,
      "q" : "6",
      "p" : "0.227851",
      "s" : "buy",
      "i" : "HBAR_USDT",
      "m" : "4611686018435638056"
    }, {
      "d" : "1756460525446601143",
      "t" : 1756460525446,
      "tn" : 1756460525446601143,
      "q" : "213",
      "p" : "0.227820",
      "s" : "buy",
      "i" : "HBAR_USDT",
      "m" : "4611686018435638055"
    }, {
      "d" : "1756460525446490567",
      "t" : 1756460525446,
      "tn" : 1756460525446490567,
      "q" : "708",
      "p" : "0.227820",
      "s" : "buy",
      "i" : "HBAR_USDT",
      "m" : "4611686018435638054"
    }, {
      "d" : "1756460525436569764",
      "t" : 1756460525436,
      "tn" : 1756460525436569764,
      "q" : "646",
      "p" : "0.227821",
      "s" : "buy",
      "i" : "HBAR_USDT",
      "m" : "4611686018435638053"
    }, {
      "d" : "1756460525436561440",
      "t" : 1756460525436,
      "tn" : 1756460525436561440,
      "q" : "62",
      "p" : "0.227820",
      "s" : "buy",
      "i" : "HBAR_USDT",
      "m" : "4611686018435638052"
    }, {
      "d" : "1756460410059263748",
      "t" : 1756460410059,
      "tn" : 1756460410059263748,
      "q" : "6",
      "p" : "0.227806",
      "s" : "buy",
      "i" : "HBAR_USDT",
      "m" : "4611686018435638051"
    }, {
      "d" : "1756460382841768823",
      "t" : 1756460382841,
      "tn" : 1756460382841768823,
      "q" : "6",
      "p" : "0.227695",
      "s" : "buy",
      "i" : "HBAR_USDT",
      "m" : "4611686018435638050"
    }, {
      "d" : "1756460196432655875",
      "t" : 1756460196432,
      "tn" : 1756460196432655875,
      "q" : "6",
      "p" : "0.227776",
      "s" : "buy",
      "i" : "HBAR_USDT",
      "m" : "4611686018435638049"
    }, {
      "d" : "1756460194759995397",
      "t" : 1756460194759,
      "tn" : 1756460194759995397,
      "q" : "6",
      "p" : "0.227854",
      "s" : "sell",
      "i" : "HBAR_USDT",
      "m" : "4611686018435638048"
    }, {
      "d" : "1756460170005370198",
      "t" : 1756460170005,
      "tn" : 1756460170005370198,
      "q" : "6",
      "p" : "0.227646",
      "s" : "buy",
      "i" : "HBAR_USDT",
      "m" : "4611686018435638047"
    }, {
      "d" : "1756460151276412081",
      "t" : 1756460151276,
      "tn" : 1756460151276412081,
      "q" : "6",
      "p" : "0.227656",
      "s" : "buy",
      "i" : "HBAR_USDT",
      "m" : "4611686018435638046"
    }, {
      "d" : "1756460100700434758",
      "t" : 1756460100700,
      "tn" : 1756460100700434758,
      "q" : "6",
      "p" : "0.227626",
      "s" : "buy",
      "i" : "HBAR_USDT",
      "m" : "4611686018435638045"
    }, {
      "d" : "1756460040346611712",
      "t" : 1756460040346,
      "tn" : 1756460040346611712,
      "q" : "703",
      "p" : "0.227747",
      "s" : "sell",
      "i" : "HBAR_USDT",
      "m" : "4611686018435638044"
    }, {
      "d" : "1756460011263909492",
      "t" : 1756460011263,
      "tn" : 1756460011263909492,
      "q" : "197",
      "p" : "0.227723",
      "s" : "sell",
      "i" : "HBAR_USDT",
      "m" : "4611686018435638043"
    }, {
      "d" : "1756459985446168110",
      "t" : 1756459985446,
      "tn" : 1756459985446168110,
      "q" : "6",
      "p" : "0.227606",
      "s" : "buy",
      "i" : "HBAR_USDT",
      "m" : "4611686018435638042"
    }, {
      "d" : "1756459985346064122",
      "t" : 1756459985346,
      "tn" : 1756459985346064122,
      "q" : "6",
      "p" : "0.227606",
      "s" : "buy",
      "i" : "HBAR_USDT",
      "m" : "4611686018435638041"
    }, {
      "d" : "1756459985271795399",
      "t" : 1756459985271,
      "tn" : 1756459985271795399,
      "q" : "6",
      "p" : "0.227606",
      "s" : "buy",
      "i" : "HBAR_USDT",
      "m" : "4611686018435638040"
    }, {
      "d" : "1756459915022023068",
      "t" : 1756459915022,
      "tn" : 1756459915022023068,
      "q" : "6",
      "p" : "0.227556",
      "s" : "buy",
      "i" : "HBAR_USDT",
      "m" : "4611686018435638039"
    }, {
      "d" : "1756459855449873873",
      "t" : 1756459855449,
      "tn" : 1756459855449873873,
      "q" : "6",
      "p" : "0.227836",
      "s" : "buy",
      "i" : "HBAR_USDT",
      "m" : "4611686018435638038"
    }, {
      "d" : "1756459855335272012",
      "t" : 1756459855335,
      "tn" : 1756459855335272012,
      "q" : "6",
      "p" : "0.227836",
      "s" : "buy",
      "i" : "HBAR_USDT",
      "m" : "4611686018435638037"
    }, {
      "d" : "1756459855199285225",
      "t" : 1756459855199,
      "tn" : 1756459855199285225,
      "q" : "6",
      "p" : "0.227826",
      "s" : "buy",
      "i" : "HBAR_USDT",
      "m" : "4611686018435638036"
    }, {
      "d" : "1756459829470301078",
      "t" : 1756459829470,
      "tn" : 1756459829470301078,
      "q" : "6",
      "p" : "0.227920",
      "s" : "buy",
      "i" : "HBAR_USDT",
      "m" : "4611686018435638035"
    }, {
      "d" : "1756459828753770164",
      "t" : 1756459828753,
      "tn" : 1756459828753770164,
      "q" : "6",
      "p" : "0.227896",
      "s" : "buy",
      "i" : "HBAR_USDT",
      "m" : "4611686018435638034"
    }, {
      "d" : "1756459811849638344",
      "t" : 1756459811849,
      "tn" : 1756459811849638344,
      "q" : "6",
      "p" : "0.227936",
      "s" : "buy",
      "i" : "HBAR_USDT",
      "m" : "4611686018435638033"
    }, {
      "d" : "1756459811749405623",
      "t" : 1756459811749,
      "tn" : 1756459811749405623,
      "q" : "6",
      "p" : "0.227936",
      "s" : "buy",
      "i" : "HBAR_USDT",
      "m" : "4611686018435638032"
    }, {
      "d" : "1756459811649145517",
      "t" : 1756459811649,
      "tn" : 1756459811649145517,
      "q" : "6",
      "p" : "0.227936",
      "s" : "buy",
      "i" : "HBAR_USDT",
      "m" : "4611686018435638031"
    }, {
      "d" : "1756459811615477201",
      "t" : 1756459811615,
      "tn" : 1756459811615477201,
      "q" : "6",
      "p" : "0.227936",
      "s" : "buy",
      "i" : "HBAR_USDT",
      "m" : "4611686018435638030"
    }, {
      "d" : "1756459807487383057",
      "t" : 1756459807487,
      "tn" : 1756459807487383057,
      "q" : "219",
      "p" : "0.227944",
      "s" : "sell",
      "i" : "HBAR_USDT",
      "m" : "4611686018435638029"
    }, {
      "d" : "1756459746135271768",
      "t" : 1756459746135,
      "tn" : 1756459746135271768,
      "q" : "6",
      "p" : "0.227606",
      "s" : "buy",
      "i" : "HBAR_USDT",
      "m" : "4611686018435638028"
    }, {
      "d" : "1756459721748875697",
      "t" : 1756459721748,
      "tn" : 1756459721748875697,
      "q" : "6",
      "p" : "0.227486",
      "s" : "buy",
      "i" : "HBAR_USDT",
      "m" : "4611686018435638027"
    }, {
      "d" : "1756459721648595371",
      "t" : 1756459721648,
      "tn" : 1756459721648595371,
      "q" : "6",
      "p" : "0.227486",
      "s" : "buy",
      "i" : "HBAR_USDT",
      "m" : "4611686018435638026"
    }, {
      "d" : "1756459721548511945",
      "t" : 1756459721548,
      "tn" : 1756459721548511945,
      "q" : "6",
      "p" : "0.227486",
      "s" : "buy",
      "i" : "HBAR_USDT",
      "m" : "4611686018435638025"
    }, {
      "d" : "1756459721523778086",
      "t" : 1756459721523,
      "tn" : 1756459721523778086,
      "q" : "6",
      "p" : "0.227486",
      "s" : "buy",
      "i" : "HBAR_USDT",
      "m" : "4611686018435638024"
    }, {
      "d" : "1756459721448404646",
      "t" : 1756459721448,
      "tn" : 1756459721448404646,
      "q" : "6",
      "p" : "0.227486",
      "s" : "buy",
      "i" : "HBAR_USDT",
      "m" : "4611686018435638023"
    }, {
      "d" : "1756459721395350215",
      "t" : 1756459721395,
      "tn" : 1756459721395350215,
      "q" : "6",
      "p" : "0.227486",
      "s" : "buy",
      "i" : "HBAR_USDT",
      "m" : "4611686018435638022"
    }, {
      "d" : "1756459683488576657",
      "t" : 1756459683488,
      "tn" : 1756459683488576657,
      "q" : "6",
      "p" : "0.227636",
      "s" : "buy",
      "i" : "HBAR_USDT",
      "m" : "4611686018435638021"
    }, {
      "d" : "1756459682999021746",
      "t" : 1756459682999,
      "tn" : 1756459682999021746,
      "q" : "6",
      "p" : "0.227616",
      "s" : "buy",
      "i" : "HBAR_USDT",
      "m" : "4611686018435638020"
    }, {
      "d" : "1756459568527617192",
      "t" : 1756459568527,
      "tn" : 1756459568527617192,
      "q" : "6",
      "p" : "0.228274",
      "s" : "sell",
      "i" : "HBAR_USDT",
      "m" : "4611686018435638019"
    }, {
      "d" : "1756459553988472633",
      "t" : 1756459553988,
      "tn" : 1756459553988472633,
      "q" : "6",
      "p" : "0.228316",
      "s" : "buy",
      "i" : "HBAR_USDT",
      "m" : "4611686018435638018"
    }, {
      "d" : "1756459549649320803",
      "t" : 1756459549649,
      "tn" : 1756459549649320803,
      "q" : "6",
      "p" : "0.228226",
      "s" : "buy",
      "i" : "HBAR_USDT",
      "m" : "4611686018435638017"
    }, {
      "d" : "1756459545360047916",
      "t" : 1756459545360,
      "tn" : 1756459545360047916,
      "q" : "273",
      "p" : "0.228200",
      "s" : "buy",
      "i" : "HBAR_USDT",
      "m" : "4611686018435638016"
    }, {
      "d" : "1756459545359367241",
      "t" : 1756459545359,
      "tn" : 1756459545359367241,
      "q" : "175",
      "p" : "0.228193",
      "s" : "buy",
      "i" : "HBAR_USDT",
      "m" : "4611686018435638015"
    }, {
      "d" : "1756459545359363358",
      "t" : 1756459545359,
      "tn" : 1756459545359363358,
      "q" : "964",
      "p" : "0.228183",
      "s" : "buy",
      "i" : "HBAR_USDT",
      "m" : "4611686018435638014"
    }, {
      "d" : "1756459453933665975",
      "t" : 1756459453933,
      "tn" : 1756459453933665975,
      "q" : "6",
      "p" : "0.228266",
      "s" : "buy",
      "i" : "HBAR_USDT",
      "m" : "4611686018435638013"
    }, {
      "d" : "1756459445292055720",
      "t" : 1756459445292,
      "tn" : 1756459445292055720,
      "q" : "6",
      "p" : "0.228336",
      "s" : "buy",
      "i" : "HBAR_USDT",
      "m" : "4611686018435638012"
    }, {
      "d" : "1756459444393239288",
      "t" : 1756459444393,
      "tn" : 1756459444393239288,
      "q" : "980",
      "p" : "0.228370",
      "s" : "sell",
      "i" : "HBAR_USDT",
      "m" : "4611686018435638011"
    }, {
      "d" : "1756459444393237059",
      "t" : 1756459444393,
      "tn" : 1756459444393237059,
      "q" : "2189",
      "p" : "0.228376",
      "s" : "sell",
      "i" : "HBAR_USDT",
      "m" : "4611686018435638010"
    }, {
      "d" : "1756459364770265300",
      "t" : 1756459364770,
      "tn" : 1756459364770265300,
      "q" : "709",
      "p" : "0.228740",
      "s" : "sell",
      "i" : "HBAR_USDT",
      "m" : "4611686018435638009"
    }, {
      "d" : "1756459364769350070",
      "t" : 1756459364769,
      "tn" : 1756459364769350070,
      "q" : "708",
      "p" : "0.228740",
      "s" : "sell",
      "i" : "HBAR_USDT",
      "m" : "4611686018435638008"
    }, {
      "d" : "1756459364769253002",
      "t" : 1756459364769,
      "tn" : 1756459364769253002,
      "q" : "165",
      "p" : "0.228740",
      "s" : "sell",
      "i" : "HBAR_USDT",
      "m" : "4611686018435638007"
    }, {
      "d" : "1756459364769251859",
      "t" : 1756459364769,
      "tn" : 1756459364769251859,
      "q" : "6",
      "p" : "0.228754",
      "s" : "sell",
      "i" : "HBAR_USDT",
      "m" : "4611686018435638006"
    }, {
      "d" : "1756459347543645304",
      "t" : 1756459347543,
      "tn" : 1756459347543645304,
      "q" : "6",
      "p" : "0.228816",
      "s" : "buy",
      "i" : "HBAR_USDT",
      "m" : "4611686018435638005"
    }, {
      "d" : "1756459197841485377",
      "t" : 1756459197841,
      "tn" : 1756459197841485377,
      "q" : "4",
      "p" : "0.228948",
      "s" : "buy",
      "i" : "HBAR_USDT",
      "m" : "4611686018435638004"
    }, {
      "d" : "1756459162896276450",
      "t" : 1756459162896,
      "tn" : 1756459162896276450,
      "q" : "197",
      "p" : "0.228647",
      "s" : "sell",
      "i" : "HBAR_USDT",
      "m" : "4611686018435638003"
    }, {
      "d" : "1756459085281489504",
      "t" : 1756459085281,
      "tn" : 1756459085281489504,
      "q" : "6",
      "p" : "0.228226",
      "s" : "buy",
      "i" : "HBAR_USDT",
      "m" : "4611686018435638002"
    }, {
      "d" : "1756459076993089066",
      "t" : 1756459076993,
      "tn" : 1756459076993089066,
      "q" : "6",
      "p" : "0.228146",
      "s" : "buy",
      "i" : "HBAR_USDT",
      "m" : "4611686018435638001"
    }, {
      "d" : "1756459073744474247",
      "t" : 1756459073744,
      "tn" : 1756459073744474247,
      "q" : "356",
      "p" : "0.228030",
      "s" : "buy",
      "i" : "HBAR_USDT",
      "m" : "4611686018435638000"
    }, {
      "d" : "1756459073744471931",
      "t" : 1756459073744,
      "tn" : 1756459073744471931,
      "q" : "6",
      "p" : "0.228019",
      "s" : "buy",
      "i" : "HBAR_USDT",
      "m" : "4611686018435637999"
    }, {
      "d" : "1756459073727802937",
      "t" : 1756459073727,
      "tn" : 1756459073727802937,
      "q" : "615",
      "p" : "0.228030",
      "s" : "buy",
      "i" : "HBAR_USDT",
      "m" : "4611686018435637998"
    }, {
      "d" : "1756459073716166447",
      "t" : 1756459073716,
      "tn" : 1756459073716166447,
      "q" : "803",
      "p" : "0.228027",
      "s" : "buy",
      "i" : "HBAR_USDT",
      "m" : "4611686018435637997"
    }, {
      "d" : "1756459073715455442",
      "t" : 1756459073715,
      "tn" : 1756459073715455442,
      "q" : "92",
      "p" : "0.228027",
      "s" : "buy",
      "i" : "HBAR_USDT",
      "m" : "4611686018435637996"
    }, {
      "d" : "1756459073715453761",
      "t" : 1756459073715,
      "tn" : 1756459073715453761,
      "q" : "219",
      "p" : "0.228026",
      "s" : "buy",
      "i" : "HBAR_USDT",
      "m" : "4611686018435637995"
    }, {
      "d" : "1756459073715451662",
      "t" : 1756459073715,
      "tn" : 1756459073715451662,
      "q" : "6",
      "p" : "0.227996",
      "s" : "buy",
      "i" : "HBAR_USDT",
      "m" : "4611686018435637994"
    }, {
      "d" : "1756459044890362145",
      "t" : 1756459044890,
      "tn" : 1756459044890362145,
      "q" : "6",
      "p" : "0.228126",
      "s" : "buy",
      "i" : "HBAR_USDT",
      "m" : "4611686018435637993"
    }, {
      "d" : "1756459044872897252",
      "t" : 1756459044872,
      "tn" : 1756459044872897252,
      "q" : "6",
      "p" : "0.228126",
      "s" : "buy",
      "i" : "HBAR_USDT",
      "m" : "4611686018435637992"
    }, {
      "d" : "1756459044814986911",
      "t" : 1756459044814,
      "tn" : 1756459044814986911,
      "q" : "6",
      "p" : "0.228126",
      "s" : "buy",
      "i" : "HBAR_USDT",
      "m" : "4611686018435637991"
    }, {
      "d" : "1756459044805002907",
      "t" : 1756459044805,
      "tn" : 1756459044805002907,
      "q" : "6",
      "p" : "0.228126",
      "s" : "buy",
      "i" : "HBAR_USDT",
      "m" : "4611686018435637990"
    }, {
      "d" : "1756459044790137786",
      "t" : 1756459044790,
      "tn" : 1756459044790137786,
      "q" : "6",
      "p" : "0.228128",
      "s" : "buy",
      "i" : "HBAR_USDT",
      "m" : "4611686018435637989"
    }, {
      "d" : "1756459044735175306",
      "t" : 1756459044735,
      "tn" : 1756459044735175306,
      "q" : "6",
      "p" : "0.228127",
      "s" : "buy",
      "i" : "HBAR_USDT",
      "m" : "4611686018435637988"
    }, {
      "d" : "1756459021435657430",
      "t" : 1756459021435,
      "tn" : 1756459021435657430,
      "q" : "6",
      "p" : "0.228056",
      "s" : "buy",
      "i" : "HBAR_USDT",
      "m" : "4611686018435637987"
    }, {
      "d" : "1756459015847148101",
      "t" : 1756459015847,
      "tn" : 1756459015847148101,
      "q" : "6",
      "p" : "0.228066",
      "s" : "buy",
      "i" : "HBAR_USDT",
      "m" : "4611686018435637986"
    }, {
      "d" : "1756459015780967925",
      "t" : 1756459015780,
      "tn" : 1756459015780967925,
      "q" : "6",
      "p" : "0.228066",
      "s" : "buy",
      "i" : "HBAR_USDT",
      "m" : "4611686018435637985"
    }, {
      "d" : "1756458997785781170",
      "t" : 1756458997785,
      "tn" : 1756458997785781170,
      "q" : "6",
      "p" : "0.227906",
      "s" : "buy",
      "i" : "HBAR_USDT",
      "m" : "4611686018435637984"
    }, {
      "d" : "1756458997784210067",
      "t" : 1756458997784,
      "tn" : 1756458997784210067,
      "q" : "6",
      "p" : "0.227906",
      "s" : "buy",
      "i" : "HBAR_USDT",
      "m" : "4611686018435637983"
    }, {
      "d" : "1756458997748891423",
      "t" : 1756458997748,
      "tn" : 1756458997748891423,
      "q" : "6",
      "p" : "0.227906",
      "s" : "buy",
      "i" : "HBAR_USDT",
      "m" : "4611686018435637982"
    }, {
      "d" : "1756458997645305991",
      "t" : 1756458997645,
      "tn" : 1756458997645305991,
      "q" : "6",
      "p" : "0.227906",
      "s" : "buy",
      "i" : "HBAR_USDT",
      "m" : "4611686018435637981"
    }, {
      "d" : "1756458843253996992",
      "t" : 1756458843253,
      "tn" : 1756458843253996992,
      "q" : "48",
      "p" : "0.227974",
      "s" : "sell",
      "i" : "HBAR_USDT",
      "m" : "4611686018435637980"
    }, {
      "d" : "1756458791911080502",
      "t" : 1756458791911,
      "tn" : 1756458791911080502,
      "q" : "273",
      "p" : "0.228225",
      "s" : "sell",
      "i" : "HBAR_USDT",
      "m" : "4611686018435637979"
    }, {
      "d" : "1756458784374637129",
      "t" : 1756458784374,
      "tn" : 1756458784374637128,
      "q" : "273",
      "p" : "0.228184",
      "s" : "sell",
      "i" : "HBAR_USDT",
      "m" : "4611686018435637978"
    }, {
      "d" : "1756458784374637128",
      "t" : 1756458784374,
      "tn" : 1756458784374637128,
      "q" : "6",
      "p" : "0.228184",
      "s" : "sell",
      "i" : "HBAR_USDT",
      "m" : "4611686018435637978"
    }, {
      "d" : "1756458760045989762",
      "t" : 1756458760045,
      "tn" : 1756458760045989762,
      "q" : "6",
      "p" : "0.227947",
      "s" : "buy",
      "i" : "HBAR_USDT",
      "m" : "4611686018435637977"
    }, {
      "d" : "1756458759652535661",
      "t" : 1756458759652,
      "tn" : 1756458759652535661,
      "q" : "6",
      "p" : "0.227947",
      "s" : "buy",
      "i" : "HBAR_USDT",
      "m" : "4611686018435637976"
    }, {
      "d" : "1756458754650106878",
      "t" : 1756458754650,
      "tn" : 1756458754650106878,
      "q" : "6",
      "p" : "0.227918",
      "s" : "buy",
      "i" : "HBAR_USDT",
      "m" : "4611686018435637975"
    }, {
      "d" : "1756458754568584026",
      "t" : 1756458754568,
      "tn" : 1756458754568584026,
      "q" : "6",
      "p" : "0.227916",
      "s" : "buy",
      "i" : "HBAR_USDT",
      "m" : "4611686018435637974"
    }, {
      "d" : "1756458722435371012",
      "t" : 1756458722435,
      "tn" : 1756458722435371012,
      "q" : "6",
      "p" : "0.227926",
      "s" : "buy",
      "i" : "HBAR_USDT",
      "m" : "4611686018435637973"
    }, {
      "d" : "1756458709005448883",
      "t" : 1756458709005,
      "tn" : 1756458709005448883,
      "q" : "197",
      "p" : "0.228074",
      "s" : "sell",
      "i" : "HBAR_USDT",
      "m" : "4611686018435637972"
    }, {
      "d" : "1756458704550643470",
      "t" : 1756458704550,
      "tn" : 1756458704550643470,
      "q" : "6",
      "p" : "0.228038",
      "s" : "buy",
      "i" : "HBAR_USDT",
      "m" : "4611686018435637971"
    }, {
      "d" : "1756458704525643460",
      "t" : 1756458704525,
      "tn" : 1756458704525643460,
      "q" : "6",
      "p" : "0.228038",
      "s" : "buy",
      "i" : "HBAR_USDT",
      "m" : "4611686018435637970"
    }, {
      "d" : "1756458704445435299",
      "t" : 1756458704445,
      "tn" : 1756458704445435299,
      "q" : "6",
      "p" : "0.228038",
      "s" : "buy",
      "i" : "HBAR_USDT",
      "m" : "4611686018435637969"
    }, {
      "d" : "1756458704408721228",
      "t" : 1756458704408,
      "tn" : 1756458704408721228,
      "q" : "6",
      "p" : "0.228038",
      "s" : "buy",
      "i" : "HBAR_USDT",
      "m" : "4611686018435637968"
    }, {
      "d" : "1756458704345391527",
      "t" : 1756458704345,
      "tn" : 1756458704345391527,
      "q" : "6",
      "p" : "0.228038",
      "s" : "buy",
      "i" : "HBAR_USDT",
      "m" : "4611686018435637967"
    }, {
      "d" : "1756458704245236405",
      "t" : 1756458704245,
      "tn" : 1756458704245236405,
      "q" : "6",
      "p" : "0.228037",
      "s" : "buy",
      "i" : "HBAR_USDT",
      "m" : "4611686018435637966"
    }, {
      "d" : "1756458704238518483",
      "t" : 1756458704238,
      "tn" : 1756458704238518483,
      "q" : "6",
      "p" : "0.228037",
      "s" : "buy",
      "i" : "HBAR_USDT",
      "m" : "4611686018435637965"
    }, {
      "d" : "1756458702144952472",
      "t" : 1756458702144,
      "tn" : 1756458702144952472,
      "q" : "6",
      "p" : "0.227998",
      "s" : "buy",
      "i" : "HBAR_USDT",
      "m" : "4611686018435637964"
    }, {
      "d" : "1756458702047990146",
      "t" : 1756458702047,
      "tn" : 1756458702047990146,
      "q" : "6",
      "p" : "0.227998",
      "s" : "buy",
      "i" : "HBAR_USDT",
      "m" : "4611686018435637963"
    }, {
      "d" : "1756458701944223267",
      "t" : 1756458701944,
      "tn" : 1756458701944223267,
      "q" : "6",
      "p" : "0.227998",
      "s" : "buy",
      "i" : "HBAR_USDT",
      "m" : "4611686018435637962"
    }, {
      "d" : "1756458701941979136",
      "t" : 1756458701941,
      "tn" : 1756458701941979136,
      "q" : "6",
      "p" : "0.227998",
      "s" : "buy",
      "i" : "HBAR_USDT",
      "m" : "4611686018435637961"
    }, {
      "d" : "1756458701934994584",
      "t" : 1756458701934,
      "tn" : 1756458701934994584,
      "q" : "6",
      "p" : "0.227998",
      "s" : "buy",
      "i" : "HBAR_USDT",
      "m" : "4611686018435637960"
    }, {
      "d" : "1756458701711603480",
      "t" : 1756458701711,
      "tn" : 1756458701711603480,
      "q" : "6",
      "p" : "0.227998",
      "s" : "buy",
      "i" : "HBAR_USDT",
      "m" : "4611686018435637959"
    }, {
      "d" : "1756458689793717535",
      "t" : 1756458689793,
      "tn" : 1756458689793717535,
      "q" : "6",
      "p" : "0.227817",
      "s" : "buy",
      "i" : "HBAR_USDT",
      "m" : "4611686018435637958"
    }, {
      "d" : "1756458675079757823",
      "t" : 1756458675079,
      "tn" : 1756458675079757823,
      "q" : "197",
      "p" : "0.227924",
      "s" : "sell",
      "i" : "HBAR_USDT",
      "m" : "4611686018435637957"
    }, {
      "d" : "1756458598372967106",
      "t" : 1756458598372,
      "tn" : 1756458598372967106,
      "q" : "6",
      "p" : "0.227806",
      "s" : "buy",
      "i" : "HBAR_USDT",
      "m" : "4611686018435637956"
    }, {
      "d" : "1756458598018614989",
      "t" : 1756458598018,
      "tn" : 1756458598018614989,
      "q" : "6",
      "p" : "0.227773",
      "s" : "buy",
      "i" : "HBAR_USDT",
      "m" : "4611686018435637955"
    }, {
      "d" : "1756458569498924975",
      "t" : 1756458569498,
      "tn" : 1756458569498924975,
      "q" : "6",
      "p" : "0.227886",
      "s" : "buy",
      "i" : "HBAR_USDT",
      "m" : "4611686018435637954"
    }, {
      "d" : "1756458556221108844",
      "t" : 1756458556221,
      "tn" : 1756458556221108844,
      "q" : "6",
      "p" : "0.228036",
      "s" : "buy",
      "i" : "HBAR_USDT",
      "m" : "4611686018435637953"
    }, {
      "d" : "1756458548336058274",
      "t" : 1756458548336,
      "tn" : 1756458548336058274,
      "q" : "6",
      "p" : "0.228076",
      "s" : "buy",
      "i" : "HBAR_USDT",
      "m" : "4611686018435637952"
    }, {
      "d" : "1756458548266533043",
      "t" : 1756458548266,
      "tn" : 1756458548266533043,
      "q" : "6",
      "p" : "0.228077",
      "s" : "buy",
      "i" : "HBAR_USDT",
      "m" : "4611686018435637951"
    }, {
      "d" : "1756458547702688140",
      "t" : 1756458547702,
      "tn" : 1756458547702688140,
      "q" : "6",
      "p" : "0.228005",
      "s" : "buy",
      "i" : "HBAR_USDT",
      "m" : "4611686018435637950"
    }, {
      "d" : "1756458547155338025",
      "t" : 1756458547155,
      "tn" : 1756458547155338025,
      "q" : "6",
      "p" : "0.227975",
      "s" : "buy",
      "i" : "HBAR_USDT",
      "m" : "4611686018435637949"
    }, {
      "d" : "1756458542595945275",
      "t" : 1756458542595,
      "tn" : 1756458542595945275,
      "q" : "6",
      "p" : "0.227995",
      "s" : "buy",
      "i" : "HBAR_USDT",
      "m" : "4611686018435637948"
    }, {
      "d" : "1756458540462412661",
      "t" : 1756458540462,
      "tn" : 1756458540462412661,
      "q" : "6",
      "p" : "0.227906",
      "s" : "buy",
      "i" : "HBAR_USDT",
      "m" : "4611686018435637947"
    }, {
      "d" : "1756458532046276077",
      "t" : 1756458532046,
      "tn" : 1756458532046276077,
      "q" : "6",
      "p" : "0.227919",
      "s" : "buy",
      "i" : "HBAR_USDT",
      "m" : "4611686018435637946"
    }, {
      "d" : "1756458532026024781",
      "t" : 1756458532026,
      "tn" : 1756458532026024781,
      "q" : "6",
      "p" : "0.227919",
      "s" : "buy",
      "i" : "HBAR_USDT",
      "m" : "4611686018435637945"
    }, {
      "d" : "1756458532024391676",
      "t" : 1756458532024,
      "tn" : 1756458532024391676,
      "q" : "6",
      "p" : "0.227919",
      "s" : "buy",
      "i" : "HBAR_USDT",
      "m" : "4611686018435637944"
    }, {
      "d" : "1756458532023498716",
      "t" : 1756458532023,
      "tn" : 1756458532023498716,
      "q" : "6",
      "p" : "0.227919",
      "s" : "buy",
      "i" : "HBAR_USDT",
      "m" : "4611686018435637943"
    }, {
      "d" : "1756458532021161198",
      "t" : 1756458532021,
      "tn" : 1756458532021161198,
      "q" : "6",
      "p" : "0.227919",
      "s" : "buy",
      "i" : "HBAR_USDT",
      "m" : "4611686018435637942"
    }, {
      "d" : "1756458531849817972",
      "t" : 1756458531849,
      "tn" : 1756458531849817972,
      "q" : "6",
      "p" : "0.227919",
      "s" : "buy",
      "i" : "HBAR_USDT",
      "m" : "4611686018435637941"
    }, {
      "d" : "1756458531749496662",
      "t" : 1756458531749,
      "tn" : 1756458531749496662,
      "q" : "6",
      "p" : "0.227919",
      "s" : "buy",
      "i" : "HBAR_USDT",
      "m" : "4611686018435637940"
    }, {
      "d" : "1756458531700858735",
      "t" : 1756458531700,
      "tn" : 1756458531700858735,
      "q" : "6",
      "p" : "0.227919",
      "s" : "buy",
      "i" : "HBAR_USDT",
      "m" : "4611686018435637939"
    }, {
      "d" : "1756458511947478191",
      "t" : 1756458511947,
      "tn" : 1756458511947478191,
      "q" : "6",
      "p" : "0.227867",
      "s" : "buy",
      "i" : "HBAR_USDT",
      "m" : "4611686018435637938"
    }, {
      "d" : "1756458511861252333",
      "t" : 1756458511861,
      "tn" : 1756458511861252333,
      "q" : "6",
      "p" : "0.227867",
      "s" : "buy",
      "i" : "HBAR_USDT",
      "m" : "4611686018435637937"
    }, {
      "d" : "1756458511848822573",
      "t" : 1756458511848,
      "tn" : 1756458511848822573,
      "q" : "6",
      "p" : "0.227867",
      "s" : "buy",
      "i" : "HBAR_USDT",
      "m" : "4611686018435637936"
    }, {
      "d" : "1756458511712871106",
      "t" : 1756458511712,
      "tn" : 1756458511712871106,
      "q" : "6",
      "p" : "0.227866",
      "s" : "buy",
      "i" : "HBAR_USDT",
      "m" : "4611686018435637935"
    }, {
      "d" : "1756458497985396532",
      "t" : 1756458497985,
      "tn" : 1756458497985396532,
      "q" : "6",
      "p" : "0.228016",
      "s" : "buy",
      "i" : "HBAR_USDT",
      "m" : "4611686018435637934"
    }, {
      "d" : "1756458497949947116",
      "t" : 1756458497949,
      "tn" : 1756458497949947116,
      "q" : "6",
      "p" : "0.228016",
      "s" : "buy",
      "i" : "HBAR_USDT",
      "m" : "4611686018435637933"
    }, {
      "d" : "1756458497848773945",
      "t" : 1756458497848,
      "tn" : 1756458497848773945,
      "q" : "6",
      "p" : "0.228016",
      "s" : "buy",
      "i" : "HBAR_USDT",
      "m" : "4611686018435637932"
    }, {
      "d" : "1756458497748979681",
      "t" : 1756458497748,
      "tn" : 1756458497748979681,
      "q" : "6",
      "p" : "0.228016",
      "s" : "buy",
      "i" : "HBAR_USDT",
      "m" : "4611686018435637931"
    }, {
      "d" : "1756458497654933272",
      "t" : 1756458497654,
      "tn" : 1756458497654933272,
      "q" : "6",
      "p" : "0.228016",
      "s" : "buy",
      "i" : "HBAR_USDT",
      "m" : "4611686018435637930"
    }, {
      "d" : "1756458497598470514",
      "t" : 1756458497598,
      "tn" : 1756458497598470514,
      "q" : "6",
      "p" : "0.228016",
      "s" : "buy",
      "i" : "HBAR_USDT",
      "m" : "4611686018435637929"
    }, {
      "d" : "1756458497539885314",
      "t" : 1756458497539,
      "tn" : 1756458497539885314,
      "q" : "6",
      "p" : "0.228016",
      "s" : "buy",
      "i" : "HBAR_USDT",
      "m" : "4611686018435637928"
    } ]
  }
}