{
  "id" : -1,
  "method" : "public/get-trades",
  "code" : 0,
  "result" : {
    "data" : [ {
      "d" : "1756461222942078629",
      "t" : 1756461222942,
      "tn" : 1756461222942078629,
      "q" : "1",
      "p" : "0.228195",
      "s" : "buy",
      "i" : "HBAR_USD",
      "m" : "4611686018454124571"
    }, {
      "d" : "1756461222942076937",
      "t" : 1756461222942,
      "tn" : 1756461222942076937,
      "q" : "6",
      "p" : "0.228160",
      "s" : "buy",
      "i" : "HBAR_USD",
      "m" : "4611686018454124570"
    }, {
      "d" : "1756461221941507650",
      "t" : 1756461221941,
      "tn" : 1756461221941507650,
      "q" : "6",
      "p" : "0.228160",
      "s" : "buy",
      "i" : "HBAR_USD",
      "m" : "4611686018454124569"
    }, {
      "d" : "1756461221357962861",
      "t" : 1756461221357,
      "tn" : 1756461221357962824,
      "q" : "12",
      "p" : "0.228109",
      "s" : "buy",
      "i" : "HBAR_USD",
      "m" : "4611686018454124568"
    }, {
      "d" : "1756461221357962860",
      "t" : 1756461221357,
      "tn" : 1756461221357962824,
      "q" : "19",
      "p" : "0.228109",
      "s" : "buy",
      "i" : "HBAR_USD",
      "m" : "4611686018454124568"
    }, {
      "d" : "1756461221357962859",
      "t" : 1756461221357,
      "tn" : 1756461221357962824,
      "q" : "14",
      "p" : "0.228109",
      "s" : "buy",
      "i" : "HBAR_USD",
      "m" : "4611686018454124568"
    }, {
      "d" : "1756461221357962858",
      "t" : 1756461221357,
      "tn" : 1756461221357962824,
      "q" : "20",
      "p" : "0.228109",
      "s" : "buy",
      "i" : "HBAR_USD",
      "m" : "4611686018454124568"
    }, {
      "d" : "1756461221357962857",
      "t" : 1756461221357,
      "tn" : 1756461221357962824,
      "q" : "11",
      "p" : "0.228109",
      "s" : "buy",
      "i" : "HBAR_USD",
      "m" : "4611686018454124568"
    }, {
      "d" : "1756461221357962856",
      "t" : 1756461221357,
      "tn" : 1756461221357962824,
      "q" : "19",
      "p" : "0.228109",
      "s" : "buy",
      "i" : "HBAR_USD",
      "m" : "4611686018454124568"
    }, {
      "d" : "1756461221357962855",
      "t" : 1756461221357,
      "tn" : 1756461221357962824,
      "q" : "15",
      "p" : "0.228109",
      "s" : "buy",
      "i" : "HBAR_USD",
      "m" : "4611686018454124568"
    }, {
      "d" : "1756461221357962854",
      "t" : 1756461221357,
      "tn" : 1756461221357962824,
      "q" : "19",
      "p" : "0.228109",
      "s" : "buy",
      "i" : "HBAR_USD",
      "m" : "4611686018454124568"
    }, {
      "d" : "1756461221357962853",
      "t" : 1756461221357,
      "tn" : 1756461221357962824,
      "q" : "12",
      "p" : "0.228109",
      "s" : "buy",
      "i" : "HBAR_USD",
      "m" : "4611686018454124568"
    }, {
      "d" : "1756461221357962852",
      "t" : 1756461221357,
      "tn" : 1756461221357962824,
      "q" : "19",
      "p" : "0.228109",
      "s" : "buy",
      "i" : "HBAR_USD",
      "m" : "4611686018454124568"
    }, {
      "d" : "1756461221357962851",
      "t" : 1756461221357,
      "tn" : 1756461221357962824,
      "q" : "13",
      "p" : "0.228109",
      "s" : "buy",
      "i" : "HBAR_USD",
      "m" : "4611686018454124568"
    }, {
      "d" : "1756461221357962850",
      "t" : 1756461221357,
      "tn" : 1756461221357962824,
      "q" : "19",
      "p" : "0.228109",
      "s" : "buy",
      "i" : "HBAR_USD",
      "m" : "4611686018454124568"
    }, {
      "d" : "1756461221357962849",
      "t" : 1756461221357,
      "tn" : 1756461221357962824,
      "q" : "13",
      "p" : "0.228109",
      "s" : "buy",
      "i" : "HBAR_USD",
      "m" : "4611686018454124568"
    }, {
      "d" : "1756461221357962848",
      "t" : 1756461221357,
      "tn" : 1756461221357962824,
      "q" : "19",
      "p" : "0.228109",
      "s" : "buy",
      "i" : "HBAR_USD",
      "m" : "4611686018454124568"
    }, {
      "d" : "1756461221357962847",
      "t" : 1756461221357,
      "tn" : 1756461221357962824,
      "q" : "14",
      "p" : "0.228109",
      "s" : "buy",
      "i" : "HBAR_USD",
      "m" : "4611686018454124568"
    }, {
      "d" : "1756461221357962846",
      "t" : 1756461221357,
      "tn" : 1756461221357962824,
      "q" : "19",
      "p" : "0.228109",
      "s" : "buy",
      "i" : "HBAR_USD",
      "m" : "4611686018454124568"
    }, {
      "d" : "1756461221357962845",
      "t" : 1756461221357,
      "tn" : 1756461221357962824,
      "q" : "13",
      "p" : "0.228109",
      "s" : "buy",
      "i" : "HBAR_USD",
      "m" : "4611686018454124568"
    }, {
      "d" : "1756461221357962844",
      "t" : 1756461221357,
      "tn" : 1756461221357962824,
      "q" : "19",
      "p" : "0.228109",
      "s" : "buy",
      "i" : "HBAR_USD",
      "m" : "4611686018454124568"
    }, {
      "d" : "1756461221357962843",
      "t" : 1756461221357,
      "tn" : 1756461221357962824,
      "q" : "12",
      "p" : "0.228109",
      "s" : "buy",
      "i" : "HBAR_USD",
      "m" : "4611686018454124568"
    }, {
      "d" : "1756461221357962842",
      "t" : 1756461221357,
      "tn" : 1756461221357962824,
      "q" : "19",
      "p" : "0.228109",
      "s" : "buy",
      "i" : "HBAR_USD",
      "m" : "4611686018454124568"
    }, {
      "d" : "1756461221357962841",
      "t" : 1756461221357,
      "tn" : 1756461221357962824,
      "q" : "13",
      "p" : "0.228109",
      "s" : "buy",
      "i" : "HBAR_USD",
      "m" : "4611686018454124568"
    }, {
      "d" : "1756461221357962840",
      "t" : 1756461221357,
      "tn" : 1756461221357962824,
      "q" : "20",
      "p" : "0.228109",
      "s" : "buy",
      "i" : "HBAR_USD",
      "m" : "4611686018454124568"
    }, {
      "d" : "1756461221357962839",
      "t" : 1756461221357,
      "tn" : 1756461221357962824,
      "q" : "13",
      "p" : "0.228109",
      "s" : "buy",
      "i" : "HBAR_USD",
      "m" : "4611686018454124568"
    }, {
      "d" : "1756461221357962838",
      "t" : 1756461221357,
      "tn" : 1756461221357962824,
      "q" : "19",
      "p" : "0.228109",
      "s" : "buy",
      "i" : "HBAR_USD",
      "m" : "4611686018454124568"
    }, {
      "d" : "1756461221357962837",
      "t" : 1756461221357,
      "tn" : 1756461221357962824,
      "q" : "13",
      "p" : "0.228109",
      "s" : "buy",
      "i" : "HBAR_USD",
      "m" : "4611686018454124568"
    }, {
      "d" : "1756461221357962836",
      "t" : 1756461221357,
      "tn" : 1756461221357962824,
      "q" : "19",
      "p" : "0.228109",
      "s" : "buy",
      "i" : "HBAR_USD",
      "m" : "4611686018454124568"
    }, {
      "d" : "1756461221357962835",
      "t" : 1756461221357,
      "tn" : 1756461221357962824,
      "q" : "14",
      "p" : "0.228109",
      "s" : "buy",
      "i" : "HBAR_USD",
      "m" : "4611686018454124568"
    }, {
      "d" : "1756461221357962834",
      "t" : 1756461221357,
      "tn" : 1756461221357962824,
      "q" : "19",
      "p" : "0.228109",
      "s" : "buy",
      "i" : "HBAR_USD",
      "m" : "4611686018454124568"
    }, {
      "d" : "1756461221357962833",
      "t" : 1756461221357,
      "tn" : 1756461221357962824,
      "q" : "11",
      "p" : "0.228109",
      "s" : "buy",
      "i" : "HBAR_USD",
      "m" : "4611686018454124568"
    }, {
      "d" : "1756461221357962832",
      "t" : 1756461221357,
      "tn" : 1756461221357962824,
      "q" : "19",
      "p" : "0.228109",
      "s" : "buy",
      "i" : "HBAR_USD",
      "m" : "4611686018454124568"
    }, {
      "d" : "1756461221357962831",
      "t" : 1756461221357,
      "tn" : 1756461221357962824,
      "q" : "15",
      "p" : "0.228109",
      "s" : "buy",
      "i" : "HBAR_USD",
      "m" : "4611686018454124568"
    }, {
      "d" : "1756461221357962830",
      "t" : 1756461221357,
      "tn" : 1756461221357962824,
      "q" : "19",
      "p" : "0.228109",
      "s" : "buy",
      "i" : "HBAR_USD",
      "m" : "4611686018454124568"
    }, {
      "d" : "1756461221357962829",
      "t" : 1756461221357,
      "tn" : 1756461221357962824,
      "q" : "10",
      "p" : "0.228109",
      "s" : "buy",
      "i" : "HBAR_USD",
      "m" : "4611686018454124568"
    }, {
      "d" : "1756461221357962828",
      "t" : 1756461221357,
      "tn" : 1756461221357962824,
      "q" : "20",
      "p" : "0.228109",
      "s" : "buy",
      "i" : "HBAR_USD",
      "m" : "4611686018454124568"
    }, {
      "d" : "1756461221357962827",
      "t" : 1756461221357,
      "tn" : 1756461221357962824,
      "q" : "20",
      "p" : "0.228109",
      "s" : "buy",
      "i" : "HBAR_USD",
      "m" : "4611686018454124568"
    }, {
      "d" : "1756461221357962826",
      "t" : 1756461221357,
      "tn" : 1756461221357962824,
      "q" : "19",
      "p" : "0.228109",
      "s" : "buy",
      "i" : "HBAR_USD",
      "m" : "4611686018454124568"
    }, {
      "d" : "1756461221357962825",
      "t" : 1756461221357,
      "tn" : 1756461221357962824,
      "q" : "132",
      "p" : "0.228109",
      "s" : "buy",
      "i" : "HBAR_USD",
      "m" : "4611686018454124568"
    }, {
      "d" : "1756461221357962824",
      "t" : 1756461221357,
      "tn" : 1756461221357962824,
      "q" : "21",
      "p" : "0.228109",
      "s" : "buy",
      "i" : "HBAR_USD",
      "m" : "4611686018454124568"
    }, {
      "d" : "1756461220941771805",
      "t" : 1756461220941,
      "tn" : 1756461220941771805,
      "q" : "7",
      "p" : "0.228109",
      "s" : "buy",
      "i" : "HBAR_USD",
      "m" : "4611686018454124567"
    }, {
      "d" : "1756461219941288720",
      "t" : 1756461219941,
      "tn" : 1756461219941288720,
      "q" : "6",
      "p" : "0.228109",
      "s" : "buy",
      "i" : "HBAR_USD",
      "m" : "4611686018454124566"
    }, {
      "d" : "1756461218941467015",
      "t" : 1756461218941,
      "tn" : 1756461218941467015,
      "q" : "7",
      "p" : "0.228109",
      "s" : "buy",
      "i" : "HBAR_USD",
      "m" : "4611686018454124565"
    }, {
      "d" : "1756461217941870204",
      "t" : 1756461217941,
      "tn" : 1756461217941870204,
      "q" : "6",
      "p" : "0.228109",
      "s" : "buy",
      "i" : "HBAR_USD",
      "m" : "4611686018454124564"
    }, {
      "d" : "1756461216941293425",
      "t" : 1756461216941,
      "tn" : 1756461216941293425,
      "q" : "7",
      "p" : "0.228109",
      "s" : "buy",
      "i" : "HBAR_USD",
      "m" : "4611686018454124563"
    }, {
      "d" : "1756461215941856425",
      "t" : 1756461215941,
      "tn" : 1756461215941856425,
      "q" : "6",
      "p" : "0.228109",
      "s" : "buy",
      "i" : "HBAR_USD",
      "m" : "4611686018454124562"
    }, {
      "d" : "1756461214941801909",
      "t" : 1756461214941,
      "tn" : 1756461214941801909,
      "q" : "7",
      "p" : "0.228109",
      "s" : "buy",
      "i" : "HBAR_USD",
      "m" : "4611686018454124561"
    }, {
      "d" : "1756461213941301716",
      "t" : 1756461213941,
      "tn" : 1756461213941301716,
      "q" : "6",
      "p" : "0.228109",
      "s" : "buy",
      "i" : "HBAR_USD",
      "m" : "4611686018454124560"
    }, {
      "d" : "1756461212941592098",
      "t" : 1756461212941,
      "tn" : 1756461212941592098,
      "q" : "7",
      "p" : "0.228109",
      "s" : "buy",
      "i" : "HBAR_USD",
      "m" : "4611686018454124559"
    }, {
      "d" : "1756461211941647955",
      "t" : 1756461211941,
      "tn" : 1756461211941647955,
      "q" : "6",
      "p" : "0.228109",
      "s" : "buy",
      "i" : "HBAR_USD",
      "m" : "4611686018454124558"
    }, {
      "d" : "1756461210941408639",
      "t" : 1756461210941,
      "tn" : 1756461210941408639,
      "q" : "7",
      "p" : "0.228109",
      "s" : "buy",
      "i" : "HBAR_USD",
      "m" : "4611686018454124557"
    }, {
      "d" : "1756461209941880957",
      "t" : 1756461209941,
      "tn" : 1756461209941880957,
      "q" : "6",
      "p" : "0.228109",
      "s" : "buy",
      "i" : "HBAR_USD",
      "m" : "4611686018454124556"
    }, {
      "d" : "1756461208941553738",
      "t" : 1756461208941,
      "tn" : 1756461208941553738,
      "q" : "7",
      "p" : "0.228109",
      "s" : "buy",
      "i" : "HBAR_USD",
      "m" : "4611686018454124555"
    }, {
      "d" : "1756461207941401260",
      "t" : 1756461207941,
      "tn" : 1756461207941401260,
      "q" : "6",
      "p" : "0.228109",
      "s" : "buy",
      "i" : "HBAR_USD",
      "m" : "4611686018454124554"
    }, {
      "d" : "1756461206941281059",
      "t" : 1756461206941,
      "tn" : 1756461206941281059,
      "q" : "7",
      "p" : "0.228109",
      "s" : "buy",
      "i" : "HBAR_USD",
      "m" : "4611686018454124553"
    }, {
      "d" : "1756461205941618395",
      "t" : 1756461205941,
      "tn" : 1756461205941618395,
      "q" : "6",
      "p" : "0.228109",
      "s" : "buy",
      "i" : "HBAR_USD",
      "m" : "4611686018454124552"
    }, {
      "d" : "1756461204941271301",
      "t" : 1756461204941,
      "tn" : 1756461204941271301,
      "q" : "7",
      "p" : "0.228109",
      "s" : "buy",
      "i" : "HBAR_USD",
      "m" : "4611686018454124551"
    }, {
      "d" : "1756461203941655671",
      "t" : 1756461203941,
      "tn" : 1756461203941655671,
      "q" : "6",
      "p" : "0.228109",
      "s" : "buy",
      "i" : "HBAR_USD",
      "m" : "4611686018454124550"
    }, {
      "d" : "1756461202941380961",
      "t" : 1756461202941,
      "tn" : 1756461202941380961,
      "q" : "7",
      "p" : "0.228109",
      "s" : "buy",
      "i" : "HBAR_USD",
      "m" : "4611686018454124549"
    }, {
      "d" : "1756461201942044900",
      "t" : 1756461201942,
      "tn" : 1756461201942044900,
      "q" : "6",
      "p" : "0.228110",
      "s" : "buy",
      "i" : "HBAR_USD",
      "m" : "4611686018454124548"
    }, {
      "d" : "1756461201608279479",
      "t" : 1756461201608,
      "tn" : 1756461201608279479,
      "q" : "329",
      "p" : "0.228095",
      "s" : "sell",
      "i" : "HBAR_USD",
      "m" : "4611686018454124547"
    }, {
      "d" : "1756461201607004809",
      "t" : 1756461201607,
      "tn" : 1756461201607004808,
      "q" : "6",
      "p" : "0.228139",
      "s" : "sell",
      "i" : "HBAR_USD",
      "m" : "4611686018454124546"
    }, {
      "d" : "1756461201607004808",
      "t" : 1756461201607,
      "tn" : 1756461201607004808,
      "q" : "136",
      "p" : "0.228139",
      "s" : "sell",
      "i" : "HBAR_USD",
      "m" : "4611686018454124546"
    }, {
      "d" : "1756461200941695254",
      "t" : 1756461200941,
      "tn" : 1756461200941695253,
      "q" : "1",
      "p" : "0.228140",
      "s" : "buy",
      "i" : "HBAR_USD",
      "m" : "4611686018454124545"
    }, {
      "d" : "1756461200941695253",
      "t" : 1756461200941,
      "tn" : 1756461200941695253,
      "q" : "6",
      "p" : "0.228140",
      "s" : "buy",
      "i" : "HBAR_USD",
      "m" : "4611686018454124545"
    }, {
      "d" : "1756461199942030838",
      "t" : 1756461199942,
      "tn" : 1756461199942030838,
      "q" : "6",
      "p" : "0.228150",
      "s" : "buy",
      "i" : "HBAR_USD",
      "m" : "4611686018454124544"
    }, {
      "d" : "1756461198941752446",
      "t" : 1756461198941,
      "tn" : 1756461198941752446,
      "q" : "7",
      "p" : "0.228150",
      "s" : "buy",
      "i" : "HBAR_USD",
      "m" : "4611686018454124543"
    }, {
      "d" : "1756461197941297483",
      "t" : 1756461197941,
      "tn" : 1756461197941297483,
      "q" : "6",
      "p" : "0.228150",
      "s" : "buy",
      "i" : "HBAR_USD",
      "m" : "4611686018454124542"
    }, {
      "d" : "1756461196941348588",
      "t" : 1756461196941,
      "tn" : 1756461196941348588,
      "q" : "1",
      "p" : "0.228173",
      "s" : "buy",
      "i" : "HBAR_USD",
      "m" : "4611686018454124541"
    }, {
      "d" : "1756461196941346768",
      "t" : 1756461196941,
      "tn" : 1756461196941346768,
      "q" : "6",
      "p" : "0.228140",
      "s" : "buy",
      "i" : "HBAR_USD",
      "m" : "4611686018454124540"
    }, {
      "d" : "1756461196202734384",
      "t" : 1756461196202,
      "tn" : 1756461196202734372,
      "q" : "13",
      "p" : "0.228110",
      "s" : "buy",
      "i" : "HBAR_USD",
      "m" : "4611686018454124539"
    }, {
      "d" : "1756461196202734383",
      "t" : 1756461196202,
      "tn" : 1756461196202734372,
      "q" : "19",
      "p" : "0.228110",
      "s" : "buy",
      "i" : "HBAR_USD",
      "m" : "4611686018454124539"
    }, {
      "d" : "1756461196202734382",
      "t" : 1756461196202,
      "tn" : 1756461196202734372,
      "q" : "11",
      "p" : "0.228110",
      "s" : "buy",
      "i" : "HBAR_USD",
      "m" : "4611686018454124539"
    }, {
      "d" : "1756461196202734381",
      "t" : 1756461196202,
      "tn" : 1756461196202734372,
      "q" : "20",
      "p" : "0.228110",
      "s" : "buy",
      "i" : "HBAR_USD",
      "m" : "4611686018454124539"
    }, {
      "d" : "1756461196202734380",
      "t" : 1756461196202,
      "tn" : 1756461196202734372,
      "q" : "15",
      "p" : "0.228110",
      "s" : "buy",
      "i" : "HBAR_USD",
      "m" : "4611686018454124539"
    }, {
      "d" : "1756461196202734379",
      "t" : 1756461196202,
      "tn" : 1756461196202734372,
      "q" : "19",
      "p" : "0.228110",
      "s" : "buy",
      "i" : "HBAR_USD",
      "m" : "4611686018454124539"
    }, {
      "d" : "1756461196202734378",
      "t" : 1756461196202,
      "tn" : 1756461196202734372,
      "q" : "12",
      "p" : "0.228110",
      "s" : "buy",
      "i" : "HBAR_USD",
      "m" : "4611686018454124539"
    }, {
      "d" : "1756461196202734377",
      "t" : 1756461196202,
      "tn" : 1756461196202734372,
      "q" : "19",
      "p" : "0.228110",
      "s" : "buy",
      "i" : "HBAR_USD",
      "m" : "4611686018454124539"
    }, {
      "d" : "1756461196202734376",
      "t" : 1756461196202,
      "tn" : 1756461196202734372,
      "q" : "13",
      "p" : "0.228110",
      "s" : "buy",
      "i" : "HBAR_USD",
      "m" : "4611686018454124539"
    }, {
      "d" : "1756461196202734375",
      "t" : 1756461196202,
      "tn" : 1756461196202734372,
      "q" : "19",
      "p" : "0.228110",
      "s" : "buy",
      "i" : "HBAR_USD",
      "m" : "4611686018454124539"
    }, {
      "d" : "1756461196202734374",
      "t" : 1756461196202,
      "tn" : 1756461196202734372,
      "q" : "11",
      "p" : "0.228110",
      "s" : "buy",
      "i" : "HBAR_USD",
      "m" : "4611686018454124539"
    }, {
      "d" : "1756461196202734373",
      "t" : 1756461196202,
      "tn" : 1756461196202734372,
      "q" : "74",
      "p" : "0.228110",
      "s" : "buy",
      "i" : "HBAR_USD",
      "m" : "4611686018454124539"
    }, {
      "d" : "1756461196202734372",
      "t" : 1756461196202,
      "tn" : 1756461196202734372,
      "q" : "66",
      "p" : "0.228110",
      "s" : "buy",
      "i" : "HBAR_USD",
      "m" : "4611686018454124539"
    }, {
      "d" : "1756461195941463167",
      "t" : 1756461195941,
      "tn" : 1756461195941463167,
      "q" : "6",
      "p" : "0.228110",
      "s" : "buy",
      "i" : "HBAR_USD",
      "m" : "4611686018454124538"
    }, {
      "d" : "1756461194941383388",
      "t" : 1756461194941,
      "tn" : 1756461194941383388,
      "q" : "7",
      "p" : "0.228110",
      "s" : "buy",
      "i" : "HBAR_USD",
      "m" : "4611686018454124537"
    }, {
      "d" : "1756461193941524325",
      "t" : 1756461193941,
      "tn" : 1756461193941524325,
      "q" : "6",
      "p" : "0.228110",
      "s" : "buy",
      "i" : "HBAR_USD",
      "m" : "4611686018454124536"
    }, {
      "d" : "1756461192942102973",
      "t" : 1756461192942,
      "tn" : 1756461192942102973,
      "q" : "7",
      "p" : "0.228110",
      "s" : "buy",
      "i" : "HBAR_USD",
      "m" : "4611686018454124535"
    }, {
      "d" : "1756461191941319109",
      "t" : 1756461191941,
      "tn" : 1756461191941319109,
      "q" : "6",
      "p" : "0.228110",
      "s" : "buy",
      "i" : "HBAR_USD",
      "m" : "4611686018454124534"
    }, {
      "d" : "1756461190941517767",
      "t" : 1756461190941,
      "tn" : 1756461190941517766,
      "q" : "1",
      "p" : "0.228110",
      "s" : "buy",
      "i" : "HBAR_USD",
      "m" : "4611686018454124533"
    }, {
      "d" : "1756461190941517766",
      "t" : 1756461190941,
      "tn" : 1756461190941517766,
      "q" : "6",
      "p" : "0.228110",
      "s" : "buy",
      "i" : "HBAR_USD",
      "m" : "4611686018454124533"
    }, {
      "d" : "1756461189953111310",
      "t" : 1756461189953,
      "tn" : 1756461189953111310,
      "q" : "322",
      "p" : "0.228132",
      "s" : "sell",
      "i" : "HBAR_USD",
      "m" : "4611686018454124532"
    }, {
      "d" : "1756461189953109281",
      "t" : 1756461189953,
      "tn" : 1756461189953109281,
      "q" : "6",
      "p" : "0.228179",
      "s" : "sell",
      "i" : "HBAR_USD",
      "m" : "4611686018454124531"
    }, {
      "d" : "1756461189941305242",
      "t" : 1756461189941,
      "tn" : 1756461189941305242,
      "q" : "6",
      "p" : "0.228180",
      "s" : "buy",
      "i" : "HBAR_USD",
      "m" : "4611686018454124530"
    }, {
      "d" : "1756461188941681211",
      "t" : 1756461188941,
      "tn" : 1756461188941681210,
      "q" : "1",
      "p" : "0.228180",
      "s" : "buy",
      "i" : "HBAR_USD",
      "m" : "4611686018454124529"
    }, {
      "d" : "1756461188941681210",
      "t" : 1756461188941,
      "tn" : 1756461188941681210,
      "q" : "6",
      "p" : "0.228180",
      "s" : "buy",
      "i" : "HBAR_USD",
      "m" : "4611686018454124529"
    }, {
      "d" : "1756461187941886835",
      "t" : 1756461187941,
      "tn" : 1756461187941886835,
      "q" : "6",
      "p" : "0.228180",
      "s" : "buy",
      "i" : "HBAR_USD",
      "m" : "4611686018454124528"
    }, {
      "d" : "1756461186941260061",
      "t" : 1756461186941,
      "tn" : 1756461186941260061,
      "q" : "1",
      "p" : "0.228211",
      "s" : "buy",
      "i" : "HBAR_USD",
      "m" : "4611686018454124527"
    }, {
      "d" : "1756461186941258410",
      "t" : 1756461186941,
      "tn" : 1756461186941258410,
      "q" : "6",
      "p" : "0.228150",
      "s" : "buy",
      "i" : "HBAR_USD",
      "m" : "4611686018454124526"
    }, {
      "d" : "1756461186866387913",
      "t" : 1756461186866,
      "tn" : 1756461186866387904,
      "q" : "19",
      "p" : "0.228128",
      "s" : "buy",
      "i" : "HBAR_USD",
      "m" : "4611686018454124525"
    }, {
      "d" : "1756461186866387912",
      "t" : 1756461186866,
      "tn" : 1756461186866387904,
      "q" : "13",
      "p" : "0.228128",
      "s" : "buy",
      "i" : "HBAR_USD",
      "m" : "4611686018454124525"
    }, {
      "d" : "1756461186866387911",
      "t" : 1756461186866,
      "tn" : 1756461186866387904,
      "q" : "19",
      "p" : "0.228128",
      "s" : "buy",
      "i" : "HBAR_USD",
      "m" : "4611686018454124525"
    }, {
      "d" : "1756461186866387910",
      "t" : 1756461186866,
      "tn" : 1756461186866387904,
      "q" : "12",
      "p" : "0.228128",
      "s" : "buy",
      "i" : "HBAR_USD",
      "m" : "4611686018454124525"
    }, {
      "d" : "1756461186866387909",
      "t" : 1756461186866,
      "tn" : 1756461186866387904,
      "q" : "20",
      "p" : "0.228128",
      "s" : "buy",
      "i" : "HBAR_USD",
      "m" : "4611686018454124525"
    }, {
      "d" : "1756461186866387908",
      "t" : 1756461186866,
      "tn" : 1756461186866387904,
      "q" : "14",
      "p" : "0.228128",
      "s" : "buy",
      "i" : "HBAR_USD",
      "m" : "4611686018454124525"
    }, {
      "d" : "1756461186866387907",
      "t" : 1756461186866,
      "tn" : 1756461186866387904,
      "q" : "19",
      "p" : "0.228128",
      "s" : "buy",
      "i" : "HBAR_USD",
      "m" : "4611686018454124525"
    }, {
      "d" : "1756461186866387906",
      "t" : 1756461186866,
      "tn" : 1756461186866387904,
      "q" : "9",
      "p" : "0.228128",
      "s" : "buy",
      "i" : "HBAR_USD",
      "m" : "4611686018454124525"
    }, {
      "d" : "1756461186866387905",
      "t" : 1756461186866,
      "tn" : 1756461186866387904,
      "q" : "58",
      "p" : "0.228128",
      "s" : "buy",
      "i" : "HBAR_USD",
      "m" : "4611686018454124525"
    }, {
      "d" : "1756461186866387904",
      "t" : 1756461186866,
      "tn" : 1756461186866387904,
      "q" : "89",
      "p" : "0.228128",
      "s" : "buy",
      "i" : "HBAR_USD",
      "m" : "4611686018454124525"
    }, {
      "d" : "1756461185941461955",
      "t" : 1756461185941,
      "tn" : 1756461185941461955,
      "q" : "6",
      "p" : "0.228128",
      "s" : "buy",
      "i" : "HBAR_USD",
      "m" : "4611686018454124524"
    }, {
      "d" : "1756461184941487038",
      "t" : 1756461184941,
      "tn" : 1756461184941487038,
      "q" : "7",
      "p" : "0.228128",
      "s" : "buy",
      "i" : "HBAR_USD",
      "m" : "4611686018454124523"
    }, {
      "d" : "1756461183941319159",
      "t" : 1756461183941,
      "tn" : 1756461183941319159,
      "q" : "6",
      "p" : "0.228128",
      "s" : "buy",
      "i" : "HBAR_USD",
      "m" : "4611686018454124522"
    }, {
      "d" : "1756461182941571446",
      "t" : 1756461182941,
      "tn" : 1756461182941571445,
      "q" : "1",
      "p" : "0.228128",
      "s" : "buy",
      "i" : "HBAR_USD",
      "m" : "4611686018454124521"
    }, {
      "d" : "1756461182941571445",
      "t" : 1756461182941,
      "tn" : 1756461182941571445,
      "q" : "6",
      "p" : "0.228128",
      "s" : "buy",
      "i" : "HBAR_USD",
      "m" : "4611686018454124521"
    }, {
      "d" : "1756461181942142752",
      "t" : 1756461181942,
      "tn" : 1756461181942142752,
      "q" : "6",
      "p" : "0.228120",
      "s" : "buy",
      "i" : "HBAR_USD",
      "m" : "4611686018454124520"
    }, {
      "d" : "1756461180941567013",
      "t" : 1756461180941,
      "tn" : 1756461180941567013,
      "q" : "1",
      "p" : "0.228183",
      "s" : "buy",
      "i" : "HBAR_USD",
      "m" : "4611686018454124519"
    }, {
      "d" : "1756461180941565016",
      "t" : 1756461180941,
      "tn" : 1756461180941565016,
      "q" : "6",
      "p" : "0.228123",
      "s" : "buy",
      "i" : "HBAR_USD",
      "m" : "4611686018454124518"
    }, {
      "d" : "1756461179941250169",
      "t" : 1756461179941,
      "tn" : 1756461179941250169,
      "q" : "6",
      "p" : "0.228120",
      "s" : "buy",
      "i" : "HBAR_USD",
      "m" : "4611686018454124517"
    }, {
      "d" : "1756461179757257968",
      "t" : 1756461179757,
      "tn" : 1756461179757257968,
      "q" : "6",
      "p" : "0.228090",
      "s" : "buy",
      "i" : "HBAR_USD",
      "m" : "4611686018454124516"
    }, {
      "d" : "1756461179755313375",
      "t" : 1756461179755,
      "tn" : 1756461179755313364,
      "q" : "19",
      "p" : "0.228080",
      "s" : "buy",
      "i" : "HBAR_USD",
      "m" : "4611686018454124515"
    }, {
      "d" : "1756461179755313374",
      "t" : 1756461179755,
      "tn" : 1756461179755313364,
      "q" : "12",
      "p" : "0.228080",
      "s" : "buy",
      "i" : "HBAR_USD",
      "m" : "4611686018454124515"
    }, {
      "d" : "1756461179755313373",
      "t" : 1756461179755,
      "tn" : 1756461179755313364,
      "q" : "19",
      "p" : "0.228080",
      "s" : "buy",
      "i" : "HBAR_USD",
      "m" : "4611686018454124515"
    }, {
      "d" : "1756461179755313372",
      "t" : 1756461179755,
      "tn" : 1756461179755313364,
      "q" : "14",
      "p" : "0.228080",
      "s" : "buy",
      "i" : "HBAR_USD",
      "m" : "4611686018454124515"
    }, {
      "d" : "1756461179755313371",
      "t" : 1756461179755,
      "tn" : 1756461179755313364,
      "q" : "19",
      "p" : "0.228080",
      "s" : "buy",
      "i" : "HBAR_USD",
      "m" : "4611686018454124515"
    }, {
      "d" : "1756461179755313370",
      "t" : 1756461179755,
      "tn" : 1756461179755313364,
      "q" : "11",
      "p" : "0.228080",
      "s" : "buy",
      "i" : "HBAR_USD",
      "m" : "4611686018454124515"
    }, {
      "d" : "1756461179755313369",
      "t" : 1756461179755,
      "tn" : 1756461179755313364,
      "q" : "19",
      "p" : "0.228080",
      "s" : "buy",
      "i" : "HBAR_USD",
      "m" : "4611686018454124515"
    }, {
      "d" : "1756461179755313368",
      "t" : 1756461179755,
      "tn" : 1756461179755313364,
      "q" : "13",
      "p" : "0.228080",
      "s" : "buy",
      "i" : "HBAR_USD",
      "m" : "4611686018454124515"
    }, {
      "d" : "1756461179755313367",
      "t" : 1756461179755,
      "tn" : 1756461179755313364,
      "q" : "20",
      "p" : "0.228080",
      "s" : "buy",
      "i" : "HBAR_USD",
      "m" : "4611686018454124515"
    }, {
      "d" : "1756461179755313366",
      "t" : 1756461179755,
      "tn" : 1756461179755313364,
      "q" : "12",
      "p" : "0.228080",
      "s" : "buy",
      "i" : "HBAR_USD",
      "m" : "4611686018454124515"
    }, {
      "d" : "1756461179755313365",
      "t" : 1756461179755,
      "tn" : 1756461179755313364,
      "q" : "19",
      "p" : "0.228080",
      "s" : "buy",
      "i" : "HBAR_USD",
      "m" : "4611686018454124515"
    }, {
      "d" : "1756461179755313364",
      "t" : 1756461179755,
      "tn" : 1756461179755313364,
      "q" : "6",
      "p" : "0.228080",
      "s" : "buy",
      "i" : "HBAR_USD",
      "m" : "4611686018454124515"
    }, {
      "d" : "1756461179755285531",
      "t" : 1756461179755,
      "tn" : 1756461179755285528,
      "q" : "9",
      "p" : "0.228080",
      "s" : "buy",
      "i" : "HBAR_USD",
      "m" : "4611686018454124514"
    }, {
      "d" : "1756461179755285530",
      "t" : 1756461179755,
      "tn" : 1756461179755285528,
      "q" : "19",
      "p" : "0.228080",
      "s" : "buy",
      "i" : "HBAR_USD",
      "m" : "4611686018454124514"
    }, {
      "d" : "1756461179755285529",
      "t" : 1756461179755,
      "tn" : 1756461179755285528,
      "q" : "11",
      "p" : "0.228080",
      "s" : "buy",
      "i" : "HBAR_USD",
      "m" : "4611686018454124514"
    }, {
      "d" : "1756461179755285528",
      "t" : 1756461179755,
      "tn" : 1756461179755285528,
      "q" : "492",
      "p" : "0.228080",
      "s" : "buy",
      "i" : "HBAR_USD",
      "m" : "4611686018454124514"
    }, {
      "d" : "1756461179755279096",
      "t" : 1756461179755,
      "tn" : 1756461179755279095,
      "q" : "392",
      "p" : "0.228080",
      "s" : "buy",
      "i" : "HBAR_USD",
      "m" : "4611686018454124513"
    }, {
      "d" : "1756461179755279095",
      "t" : 1756461179755,
      "tn" : 1756461179755279095,
      "q" : "653",
      "p" : "0.228080",
      "s" : "buy",
      "i" : "HBAR_USD",
      "m" : "4611686018454124513"
    }, {
      "d" : "1756461178941660752",
      "t" : 1756461178941,
      "tn" : 1756461178941660752,
      "q" : "7",
      "p" : "0.228080",
      "s" : "buy",
      "i" : "HBAR_USD",
      "m" : "4611686018454124512"
    }, {
      "d" : "1756461177941275197",
      "t" : 1756461177941,
      "tn" : 1756461177941275197,
      "q" : "6",
      "p" : "0.228080",
      "s" : "buy",
      "i" : "HBAR_USD",
      "m" : "4611686018454124511"
    }, {
      "d" : "1756461176941800506",
      "t" : 1756461176941,
      "tn" : 1756461176941800506,
      "q" : "7",
      "p" : "0.228080",
      "s" : "buy",
      "i" : "HBAR_USD",
      "m" : "4611686018454124510"
    }, {
      "d" : "1756461175941400756",
      "t" : 1756461175941,
      "tn" : 1756461175941400756,
      "q" : "6",
      "p" : "0.228080",
      "s" : "buy",
      "i" : "HBAR_USD",
      "m" : "4611686018454124509"
    }, {
      "d" : "1756461174941287460",
      "t" : 1756461174941,
      "tn" : 1756461174941287460,
      "q" : "7",
      "p" : "0.228080",
      "s" : "buy",
      "i" : "HBAR_USD",
      "m" : "4611686018454124508"
    }, {
      "d" : "1756461173941837765",
      "t" : 1756461173941,
      "tn" : 1756461173941837765,
      "q" : "6",
      "p" : "0.228080",
      "s" : "buy",
      "i" : "HBAR_USD",
      "m" : "4611686018454124507"
    }, {
      "d" : "1756461172941511749",
      "t" : 1756461172941,
      "tn" : 1756461172941511748,
      "q" : "1",
      "p" : "0.228080",
      "s" : "buy",
      "i" : "HBAR_USD",
      "m" : "4611686018454124506"
    }, {
      "d" : "1756461172941511748",
      "t" : 1756461172941,
      "tn" : 1756461172941511748,
      "q" : "6",
      "p" : "0.228080",
      "s" : "buy",
      "i" : "HBAR_USD",
      "m" : "4611686018454124506"
    }, {
      "d" : "1756461171941335738",
      "t" : 1756461171941,
      "tn" : 1756461171941335738,
      "q" : "6",
      "p" : "0.228082",
      "s" : "buy",
      "i" : "HBAR_USD",
      "m" : "4611686018454124505"
    }, {
      "d" : "1756461170941496596",
      "t" : 1756461170941,
      "tn" : 1756461170941496596,
      "q" : "7",
      "p" : "0.228084",
      "s" : "buy",
      "i" : "HBAR_USD",
      "m" : "4611686018454124504"
    }, {
      "d" : "1756461169941888959",
      "t" : 1756461169941,
      "tn" : 1756461169941888959,
      "q" : "6",
      "p" : "0.228084",
      "s" : "buy",
      "i" : "HBAR_USD",
      "m" : "4611686018454124503"
    }, {
      "d" : "1756461168941658948",
      "t" : 1756461168941,
      "tn" : 1756461168941658948,
      "q" : "7",
      "p" : "0.228084",
      "s" : "buy",
      "i" : "HBAR_USD",
      "m" : "4611686018454124502"
    }, {
      "d" : "1756461167942079426",
      "t" : 1756461167942,
      "tn" : 1756461167942079426,
      "q" : "6",
      "p" : "0.228084",
      "s" : "buy",
      "i" : "HBAR_USD",
      "m" : "4611686018454124501"
    } ]
  }
}