{
  "id" : -1,
  "method" : "public/get-trades",
  "code" : 0,
  "result" : {
    "data" : [ {
      "d" : "1756461219701028631",
      "t" : 1756461219701,
      "tn" : 1756461219701028631,
      "q" : "1660",
      "p" : "0.0028454",
      "s" : "buy",
      "i" : "HEHE_USD",
      "m" : "4611686018427839526"
    }, {
      "d" : "1756461168584866119",
      "t" : 1756461168584,
      "tn" : 1756461168584866119,
      "q" : "2000",
      "p" : "0.0028456",
      "s" : "buy",
      "i" : "HEHE_USD",
      "m" : "4611686018427839525"
    }, {
      "d" : "1756461125044766713",
      "t" : 1756461125044,
      "tn" : 1756461125044766713,
      "q" : "2000",
      "p" : "0.0028479",
      "s" : "buy",
      "i" : "HEHE_USD",
      "m" : "4611686018427839524"
    }, {
      "d" : "1756461084894966474",
      "t" : 1756461084894,
      "tn" : 1756461084894966474,
      "q" : "2000",
      "p" : "0.0028457",
      "s" : "buy",
      "i" : "HEHE_USD",
      "m" : "4611686018427839523"
    }, {
      "d" : "1756461047898980208",
      "t" : 1756461047898,
      "tn" : 1756461047898980208,
      "q" : "2000",
      "p" : "0.0028463",
      "s" : "buy",
      "i" : "HEHE_USD",
      "m" : "4611686018427839522"
    }, {
      "d" : "1756460999397663410",
      "t" : 1756460999397,
      "tn" : 1756460999397663410,
      "q" : "2000",
      "p" : "0.0028523",
      "s" : "buy",
      "i" : "HEHE_USD",
      "m" : "4611686018427839521"
    }, {
      "d" : "1756460959223574330",
      "t" : 1756460959223,
      "tn" : 1756460959223574330,
      "q" : "2000",
      "p" : "0.0028525",
      "s" : "buy",
      "i" : "HEHE_USD",
      "m" : "4611686018427839520"
    }, {
      "d" : "1756460004739121514",
      "t" : 1756460004739,
      "tn" : 1756460004739121514,
      "q" : "13910",
      "p" : "0.0028445",
      "s" : "buy",
      "i" : "HEHE_USD",
      "m" : "4611686018427839519"
    }, {
      "d" : "1756460004496288970",
      "t" : 1756460004496,
      "tn" : 1756460004496288970,
      "q" : "5000",
      "p" : "0.0028443",
      "s" : "buy",
      "i" : "HEHE_USD",
      "m" : "4611686018427839518"
    }, {
      "d" : "1756459566225768011",
      "t" : 1756459566225,
      "tn" : 1756459566225768011,
      "q" : "5000",
      "p" : "0.0028310",
      "s" : "sell",
      "i" : "HEHE_USD",
      "m" : "4611686018427839517"
    }, {
      "d" : "1756459072843494247",
      "t" : 1756459072843,
      "tn" : 1756459072843494246,
      "q" : "18090",
      "p" : "0.0028314",
      "s" : "buy",
      "i" : "HEHE_USD",
      "m" : "4611686018427839516"
    }, {
      "d" : "1756459072843494246",
      "t" : 1756459072843,
      "tn" : 1756459072843494246,
      "q" : "38250",
      "p" : "0.0028314",
      "s" : "buy",
      "i" : "HEHE_USD",
      "m" : "4611686018427839516"
    }, {
      "d" : "1756459070145597011",
      "t" : 1756459070145,
      "tn" : 1756459070145597011,
      "q" : "27450",
      "p" : "0.0028313",
      "s" : "buy",
      "i" : "HEHE_USD",
      "m" : "4611686018427839515"
    }, {
      "d" : "1756459068261296172",
      "t" : 1756459068261,
      "tn" : 1756459068261296172,
      "q" : "27450",
      "p" : "0.0028312",
      "s" : "buy",
      "i" : "HEHE_USD",
      "m" : "4611686018427839514"
    }, {
      "d" : "1756459065380710721",
      "t" : 1756459065380,
      "tn" : 1756459065380710721,
      "q" : "25550",
      "p" : "0.0028310",
      "s" : "buy",
      "i" : "HEHE_USD",
      "m" : "4611686018427839513"
    }, {
      "d" : "1756459065164366348",
      "t" : 1756459065164,
      "tn" : 1756459065164366346,
      "q" : "38250",
      "p" : "0.0028309",
      "s" : "buy",
      "i" : "HEHE_USD",
      "m" : "4611686018427839512"
    }, {
      "d" : "1756459065164366347",
      "t" : 1756459065164,
      "tn" : 1756459065164366346,
      "q" : "15510",
      "p" : "0.0028309",
      "s" : "buy",
      "i" : "HEHE_USD",
      "m" : "4611686018427839512"
    }, {
      "d" : "1756459065164366346",
      "t" : 1756459065164,
      "tn" : 1756459065164366346,
      "q" : "11940",
      "p" : "0.0028309",
      "s" : "buy",
      "i" : "HEHE_USD",
      "m" : "4611686018427839512"
    }, {
      "d" : "1756458690079097346",
      "t" : 1756458690079,
      "tn" : 1756458690079097346,
      "q" : "15510",
      "p" : "0.0028309",
      "s" : "sell",
      "i" : "HEHE_USD",
      "m" : "4611686018427839511"
    }, {
      "d" : "1756458372094881144",
      "t" : 1756458372094,
      "tn" : 1756458372094881144,
      "q" : "6900",
      "p" : "0.0028756",
      "s" : "buy",
      "i" : "HEHE_USD",
      "m" : "4611686018427839510"
    }, {
      "d" : "1756458142515760027",
      "t" : 1756458142515,
      "tn" : 1756458142515760027,
      "q" : "22830",
      "p" : "0.0028755",
      "s" : "sell",
      "i" : "HEHE_USD",
      "m" : "4611686018427839509"
    }, {
      "d" : "1756457667728607855",
      "t" : 1756457667728,
      "tn" : 1756457667728607853,
      "q" : "5310",
      "p" : "0.0028755",
      "s" : "sell",
      "i" : "HEHE_USD",
      "m" : "4611686018427839508"
    }, {
      "d" : "1756457667728607854",
      "t" : 1756457667728,
      "tn" : 1756457667728607853,
      "q" : "24630",
      "p" : "0.0028755",
      "s" : "sell",
      "i" : "HEHE_USD",
      "m" : "4611686018427839508"
    }, {
      "d" : "1756457667728607853",
      "t" : 1756457667728,
      "tn" : 1756457667728607853,
      "q" : "5450",
      "p" : "0.0028755",
      "s" : "sell",
      "i" : "HEHE_USD",
      "m" : "4611686018427839508"
    }, {
      "d" : "1756457604872919130",
      "t" : 1756457604872,
      "tn" : 1756457604872919130,
      "q" : "16920",
      "p" : "0.0028755",
      "s" : "sell",
      "i" : "HEHE_USD",
      "m" : "4611686018427839507"
    }, {
      "d" : "1756457158659588954",
      "t" : 1756457158659,
      "tn" : 1756457158659588954,
      "q" : "20540",
      "p" : "0.0029504",
      "s" : "buy",
      "i" : "HEHE_USD",
      "m" : "4611686018427839506"
    }, {
      "d" : "1756457155789330913",
      "t" : 1756457155789,
      "tn" : 1756457155789330913,
      "q" : "27450",
      "p" : "0.0029503",
      "s" : "buy",
      "i" : "HEHE_USD",
      "m" : "4611686018427839505"
    }, {
      "d" : "1756457152797987586",
      "t" : 1756457152797,
      "tn" : 1756457152797987586,
      "q" : "27450",
      "p" : "0.0029499",
      "s" : "buy",
      "i" : "HEHE_USD",
      "m" : "4611686018427839504"
    }, {
      "d" : "1756457152620728597",
      "t" : 1756457152620,
      "tn" : 1756457152620728597,
      "q" : "2800",
      "p" : "0.0029497",
      "s" : "buy",
      "i" : "HEHE_USD",
      "m" : "4611686018427839503"
    }, {
      "d" : "1756456966959800690",
      "t" : 1756456966959,
      "tn" : 1756456966959800690,
      "q" : "2800",
      "p" : "0.0028901",
      "s" : "sell",
      "i" : "HEHE_USD",
      "m" : "4611686018427839502"
    }, {
      "d" : "1756456963699288324",
      "t" : 1756456963699,
      "tn" : 1756456963699288324,
      "q" : "66640",
      "p" : "0.0028902",
      "s" : "sell",
      "i" : "HEHE_USD",
      "m" : "4611686018427839501"
    }, {
      "d" : "1756456960990111716",
      "t" : 1756456960990,
      "tn" : 1756456960990111716,
      "q" : "10790",
      "p" : "0.0029000",
      "s" : "sell",
      "i" : "HEHE_USD",
      "m" : "4611686018427839500"
    }, {
      "d" : "1756456580405535492",
      "t" : 1756456580405,
      "tn" : 1756456580405535492,
      "q" : "3210",
      "p" : "0.0029356",
      "s" : "buy",
      "i" : "HEHE_USD",
      "m" : "4611686018427839499"
    }, {
      "d" : "1756456577403560307",
      "t" : 1756456577403,
      "tn" : 1756456577403560307,
      "q" : "27450",
      "p" : "0.0029355",
      "s" : "buy",
      "i" : "HEHE_USD",
      "m" : "4611686018427839498"
    }, {
      "d" : "1756456574350390295",
      "t" : 1756456574350,
      "tn" : 1756456574350390295,
      "q" : "27450",
      "p" : "0.0029354",
      "s" : "buy",
      "i" : "HEHE_USD",
      "m" : "4611686018427839497"
    }, {
      "d" : "1756456571403545688",
      "t" : 1756456571403,
      "tn" : 1756456571403545688,
      "q" : "25550",
      "p" : "0.0029353",
      "s" : "buy",
      "i" : "HEHE_USD",
      "m" : "4611686018427839496"
    }, {
      "d" : "1756456571217069282",
      "t" : 1756456571217,
      "tn" : 1756456571217069282,
      "q" : "27450",
      "p" : "0.0029309",
      "s" : "buy",
      "i" : "HEHE_USD",
      "m" : "4611686018427839495"
    }, {
      "d" : "1756456014756550763",
      "t" : 1756456014756,
      "tn" : 1756456014756550763,
      "q" : "17890",
      "p" : "0.0029320",
      "s" : "buy",
      "i" : "HEHE_USD",
      "m" : "4611686018427839494"
    }, {
      "d" : "1756455261319487619",
      "t" : 1756455261319,
      "tn" : 1756455261319487619,
      "q" : "12180",
      "p" : "0.0029316",
      "s" : "buy",
      "i" : "HEHE_USD",
      "m" : "4611686018427839493"
    }, {
      "d" : "1756454206333601972",
      "t" : 1756454206333,
      "tn" : 1756454206333601972,
      "q" : "16390",
      "p" : "0.0029000",
      "s" : "sell",
      "i" : "HEHE_USD",
      "m" : "4611686018427839492"
    }, {
      "d" : "1756452112053065581",
      "t" : 1756452112053,
      "tn" : 1756452112053065581,
      "q" : "10310",
      "p" : "0.0029001",
      "s" : "buy",
      "i" : "HEHE_USD",
      "m" : "4611686018427839491"
    }, {
      "d" : "1756451334577534038",
      "t" : 1756451334577,
      "tn" : 1756451334577534038,
      "q" : "50850",
      "p" : "0.0029000",
      "s" : "sell",
      "i" : "HEHE_USD",
      "m" : "4611686018427839490"
    }, {
      "d" : "1756449767374129794",
      "t" : 1756449767374,
      "tn" : 1756449767374129794,
      "q" : "24550",
      "p" : "0.0029584",
      "s" : "buy",
      "i" : "HEHE_USD",
      "m" : "4611686018427839489"
    }, {
      "d" : "1756449764512344114",
      "t" : 1756449764512,
      "tn" : 1756449764512344114,
      "q" : "27450",
      "p" : "0.0029583",
      "s" : "buy",
      "i" : "HEHE_USD",
      "m" : "4611686018427839488"
    }, {
      "d" : "1756449622164445868",
      "t" : 1756449622164,
      "tn" : 1756449622164445868,
      "q" : "20990",
      "p" : "0.0029453",
      "s" : "buy",
      "i" : "HEHE_USD",
      "m" : "4611686018427839487"
    }, {
      "d" : "1756449619336385351",
      "t" : 1756449619336,
      "tn" : 1756449619336385351,
      "q" : "27450",
      "p" : "0.0029452",
      "s" : "buy",
      "i" : "HEHE_USD",
      "m" : "4611686018427839486"
    }, {
      "d" : "1756449616312286651",
      "t" : 1756449616312,
      "tn" : 1756449616312286651,
      "q" : "43310",
      "p" : "0.0029450",
      "s" : "buy",
      "i" : "HEHE_USD",
      "m" : "4611686018427839485"
    }, {
      "d" : "1756449411549488725",
      "t" : 1756449411549,
      "tn" : 1756449411549488725,
      "q" : "1870",
      "p" : "0.0029678",
      "s" : "buy",
      "i" : "HEHE_USD",
      "m" : "4611686018427839484"
    }, {
      "d" : "1756449392235166818",
      "t" : 1756449392235,
      "tn" : 1756449392235166818,
      "q" : "2970",
      "p" : "0.0029000",
      "s" : "sell",
      "i" : "HEHE_USD",
      "m" : "4611686018427839483"
    }, {
      "d" : "1756443862708996767",
      "t" : 1756443862708,
      "tn" : 1756443862708996767,
      "q" : "8700",
      "p" : "0.0029227",
      "s" : "buy",
      "i" : "HEHE_USD",
      "m" : "4611686018427839482"
    }, {
      "d" : "1756443862412246835",
      "t" : 1756443862412,
      "tn" : 1756443862412246835,
      "q" : "38250",
      "p" : "0.0029227",
      "s" : "sell",
      "i" : "HEHE_USD",
      "m" : "4611686018427839481"
    }, {
      "d" : "1756443861019364382",
      "t" : 1756443861019,
      "tn" : 1756443861019364382,
      "q" : "27450",
      "p" : "0.0029316",
      "s" : "sell",
      "i" : "HEHE_USD",
      "m" : "4611686018427839480"
    }, {
      "d" : "1756443859302934004",
      "t" : 1756443859302,
      "tn" : 1756443859302934004,
      "q" : "1710",
      "p" : "0.0029317",
      "s" : "sell",
      "i" : "HEHE_USD",
      "m" : "4611686018427839479"
    }, {
      "d" : "1756443856322324788",
      "t" : 1756443856322,
      "tn" : 1756443856322324788,
      "q" : "123890",
      "p" : "0.0029318",
      "s" : "sell",
      "i" : "HEHE_USD",
      "m" : "4611686018427839478"
    }, {
      "d" : "1756440612095489982",
      "t" : 1756440612095,
      "tn" : 1756440612095489982,
      "q" : "2550",
      "p" : "0.0029355",
      "s" : "sell",
      "i" : "HEHE_USD",
      "m" : "4611686018427839477"
    }, {
      "d" : "1756440030067845684",
      "t" : 1756440030067,
      "tn" : 1756440030067845684,
      "q" : "1710",
      "p" : "0.0029896",
      "s" : "buy",
      "i" : "HEHE_USD",
      "m" : "4611686018427839476"
    }, {
      "d" : "1756438068880435716",
      "t" : 1756438068880,
      "tn" : 1756438068880435716,
      "q" : "13630",
      "p" : "0.0029279",
      "s" : "sell",
      "i" : "HEHE_USD",
      "m" : "4611686018427839475"
    }, {
      "d" : "1756438065711068861",
      "t" : 1756438065711,
      "tn" : 1756438065711068861,
      "q" : "30370",
      "p" : "0.0029281",
      "s" : "sell",
      "i" : "HEHE_USD",
      "m" : "4611686018427839474"
    }, {
      "d" : "1756438059280365940",
      "t" : 1756438059280,
      "tn" : 1756438059280365940,
      "q" : "14810",
      "p" : "0.0029281",
      "s" : "sell",
      "i" : "HEHE_USD",
      "m" : "4611686018427839473"
    }, {
      "d" : "1756437510991410596",
      "t" : 1756437510991,
      "tn" : 1756437510991410596,
      "q" : "4080",
      "p" : "0.0029651",
      "s" : "buy",
      "i" : "HEHE_USD",
      "m" : "4611686018427839472"
    }, {
      "d" : "1756437510773553461",
      "t" : 1756437510773,
      "tn" : 1756437510773553461,
      "q" : "27450",
      "p" : "0.0029605",
      "s" : "buy",
      "i" : "HEHE_USD",
      "m" : "4611686018427839471"
    }, {
      "d" : "1756437496304251816",
      "t" : 1756437496304,
      "tn" : 1756437496304251816,
      "q" : "17270",
      "p" : "0.0029604",
      "s" : "buy",
      "i" : "HEHE_USD",
      "m" : "4611686018427839470"
    }, {
      "d" : "1756437494177074272",
      "t" : 1756437494177,
      "tn" : 1756437494177074272,
      "q" : "45180",
      "p" : "0.0029602",
      "s" : "buy",
      "i" : "HEHE_USD",
      "m" : "4611686018427839469"
    }, {
      "d" : "1756434854732115400",
      "t" : 1756434854732,
      "tn" : 1756434854732115400,
      "q" : "2740",
      "p" : "0.0029265",
      "s" : "sell",
      "i" : "HEHE_USD",
      "m" : "4611686018427839468"
    }, {
      "d" : "1756434753367120147",
      "t" : 1756434753367,
      "tn" : 1756434753367120146,
      "q" : "1060",
      "p" : "0.0029346",
      "s" : "sell",
      "i" : "HEHE_USD",
      "m" : "4611686018427839467"
    }, {
      "d" : "1756434753367120146",
      "t" : 1756434753367,
      "tn" : 1756434753367120146,
      "q" : "27450",
      "p" : "0.0029346",
      "s" : "sell",
      "i" : "HEHE_USD",
      "m" : "4611686018427839467"
    }, {
      "d" : "1756434751228311618",
      "t" : 1756434751228,
      "tn" : 1756434751228311618,
      "q" : "38250",
      "p" : "0.0029347",
      "s" : "sell",
      "i" : "HEHE_USD",
      "m" : "4611686018427839466"
    }, {
      "d" : "1756434751228308270",
      "t" : 1756434751228,
      "tn" : 1756434751228308270,
      "q" : "27450",
      "p" : "0.0029352",
      "s" : "sell",
      "i" : "HEHE_USD",
      "m" : "4611686018427839465"
    }, {
      "d" : "1756434749126735957",
      "t" : 1756434749126,
      "tn" : 1756434749126735957,
      "q" : "22010",
      "p" : "0.0029353",
      "s" : "sell",
      "i" : "HEHE_USD",
      "m" : "4611686018427839464"
    }, {
      "d" : "1756434746778815886",
      "t" : 1756434746778,
      "tn" : 1756434746778815886,
      "q" : "27450",
      "p" : "0.0029354",
      "s" : "buy",
      "i" : "HEHE_USD",
      "m" : "4611686018427839463"
    }, {
      "d" : "1756434746046919984",
      "t" : 1756434746046,
      "tn" : 1756434746046919984,
      "q" : "38250",
      "p" : "0.0029354",
      "s" : "sell",
      "i" : "HEHE_USD",
      "m" : "4611686018427839462"
    }, {
      "d" : "1756434742833439840",
      "t" : 1756434742833,
      "tn" : 1756434742833439840,
      "q" : "27450",
      "p" : "0.0029443",
      "s" : "sell",
      "i" : "HEHE_USD",
      "m" : "4611686018427839461"
    }, {
      "d" : "1756434740255237398",
      "t" : 1756434740255,
      "tn" : 1756434740255237398,
      "q" : "27450",
      "p" : "0.0029450",
      "s" : "sell",
      "i" : "HEHE_USD",
      "m" : "4611686018427839460"
    }, {
      "d" : "1756434737902111959",
      "t" : 1756434737902,
      "tn" : 1756434737902111959,
      "q" : "27450",
      "p" : "0.0029461",
      "s" : "sell",
      "i" : "HEHE_USD",
      "m" : "4611686018427839459"
    }, {
      "d" : "1756434734862261249",
      "t" : 1756434734862,
      "tn" : 1756434734862261249,
      "q" : "15990",
      "p" : "0.0029463",
      "s" : "sell",
      "i" : "HEHE_USD",
      "m" : "4611686018427839458"
    }, {
      "d" : "1756434661202537298",
      "t" : 1756434661202,
      "tn" : 1756434661202537298,
      "q" : "18100",
      "p" : "0.0029948",
      "s" : "buy",
      "i" : "HEHE_USD",
      "m" : "4611686018427839457"
    }, {
      "d" : "1756432330780013908",
      "t" : 1756432330780,
      "tn" : 1756432330780013908,
      "q" : "1870",
      "p" : "0.0029677",
      "s" : "buy",
      "i" : "HEHE_USD",
      "m" : "4611686018427839456"
    }, {
      "d" : "1756429966285452580",
      "t" : 1756429966285,
      "tn" : 1756429966285452580,
      "q" : "14130",
      "p" : "0.0029612",
      "s" : "buy",
      "i" : "HEHE_USD",
      "m" : "4611686018427839455"
    }, {
      "d" : "1756429734619952462",
      "t" : 1756429734619,
      "tn" : 1756429734619952462,
      "q" : "50000",
      "p" : "0.0029126",
      "s" : "sell",
      "i" : "HEHE_USD",
      "m" : "4611686018427839454"
    }, {
      "d" : "1756429486307436543",
      "t" : 1756429486307,
      "tn" : 1756429486307436543,
      "q" : "2140",
      "p" : "0.0029194",
      "s" : "sell",
      "i" : "HEHE_USD",
      "m" : "4611686018427839453"
    }, {
      "d" : "1756428638402358768",
      "t" : 1756428638402,
      "tn" : 1756428638402358768,
      "q" : "23150",
      "p" : "0.0029352",
      "s" : "sell",
      "i" : "HEHE_USD",
      "m" : "4611686018427839452"
    }, {
      "d" : "1756428635659729237",
      "t" : 1756428635659,
      "tn" : 1756428635659729237,
      "q" : "22010",
      "p" : "0.0029353",
      "s" : "sell",
      "i" : "HEHE_USD",
      "m" : "4611686018427839451"
    }, {
      "d" : "1756428634833373445",
      "t" : 1756428634833,
      "tn" : 1756428634833373445,
      "q" : "27450",
      "p" : "0.0029387",
      "s" : "sell",
      "i" : "HEHE_USD",
      "m" : "4611686018427839450"
    }, {
      "d" : "1756428632511500741",
      "t" : 1756428632511,
      "tn" : 1756428632511500739,
      "q" : "9860",
      "p" : "0.0029403",
      "s" : "sell",
      "i" : "HEHE_USD",
      "m" : "4611686018427839449"
    }, {
      "d" : "1756428632511500740",
      "t" : 1756428632511,
      "tn" : 1756428632511500739,
      "q" : "15300",
      "p" : "0.0029403",
      "s" : "sell",
      "i" : "HEHE_USD",
      "m" : "4611686018427839449"
    }, {
      "d" : "1756428632511500739",
      "t" : 1756428632511,
      "tn" : 1756428632511500739,
      "q" : "19100",
      "p" : "0.0029403",
      "s" : "sell",
      "i" : "HEHE_USD",
      "m" : "4611686018427839449"
    }, {
      "d" : "1756428513356069597",
      "t" : 1756428513356,
      "tn" : 1756428513356069597,
      "q" : "3380",
      "p" : "0.0029403",
      "s" : "sell",
      "i" : "HEHE_USD",
      "m" : "4611686018427839448"
    }, {
      "d" : "1756427830647564176",
      "t" : 1756427830647,
      "tn" : 1756427830647564176,
      "q" : "7000",
      "p" : "0.0029542",
      "s" : "sell",
      "i" : "HEHE_USD",
      "m" : "4611686018427839447"
    }, {
      "d" : "1756427244188841433",
      "t" : 1756427244188,
      "tn" : 1756427244188841433,
      "q" : "10000",
      "p" : "0.0029475",
      "s" : "sell",
      "i" : "HEHE_USD",
      "m" : "4611686018427839446"
    }, {
      "d" : "1756426867948430550",
      "t" : 1756426867948,
      "tn" : 1756426867948430550,
      "q" : "22140",
      "p" : "0.0029411",
      "s" : "sell",
      "i" : "HEHE_USD",
      "m" : "4611686018427839445"
    }, {
      "d" : "1756426865051690825",
      "t" : 1756426865051,
      "tn" : 1756426865051690825,
      "q" : "45180",
      "p" : "0.0029413",
      "s" : "sell",
      "i" : "HEHE_USD",
      "m" : "4611686018427839444"
    }, {
      "d" : "1756426864852886740",
      "t" : 1756426864852,
      "tn" : 1756426864852886740,
      "q" : "34770",
      "p" : "0.0029799",
      "s" : "sell",
      "i" : "HEHE_USD",
      "m" : "4611686018427839443"
    }, {
      "d" : "1756426025484085109",
      "t" : 1756426025484,
      "tn" : 1756426025484085109,
      "q" : "4890",
      "p" : "0.0029799",
      "s" : "sell",
      "i" : "HEHE_USD",
      "m" : "4611686018427839442"
    }, {
      "d" : "1756425588482764918",
      "t" : 1756425588482,
      "tn" : 1756425588482764918,
      "q" : "27450",
      "p" : "0.0029799",
      "s" : "buy",
      "i" : "HEHE_USD",
      "m" : "4611686018427839441"
    }, {
      "d" : "1756425032149887653",
      "t" : 1756425032149,
      "tn" : 1756425032149887653,
      "q" : "4840",
      "p" : "0.0029773",
      "s" : "buy",
      "i" : "HEHE_USD",
      "m" : "4611686018427839440"
    }, {
      "d" : "1756425031971266598",
      "t" : 1756425031971,
      "tn" : 1756425031971266598,
      "q" : "1540",
      "p" : "0.0029772",
      "s" : "buy",
      "i" : "HEHE_USD",
      "m" : "4611686018427839439"
    }, {
      "d" : "1756424943796625909",
      "t" : 1756424943796,
      "tn" : 1756424943796625909,
      "q" : "1540",
      "p" : "0.0029375",
      "s" : "sell",
      "i" : "HEHE_USD",
      "m" : "4611686018427839438"
    }, {
      "d" : "1756423541062110306",
      "t" : 1756423541062,
      "tn" : 1756423541062110306,
      "q" : "4930",
      "p" : "0.0029723",
      "s" : "buy",
      "i" : "HEHE_USD",
      "m" : "4611686018427839437"
    }, {
      "d" : "1756423540464756068",
      "t" : 1756423540464,
      "tn" : 1756423540464756068,
      "q" : "2480",
      "p" : "0.0029722",
      "s" : "buy",
      "i" : "HEHE_USD",
      "m" : "4611686018427839436"
    }, {
      "d" : "1756421482686436875",
      "t" : 1756421482686,
      "tn" : 1756421482686436875,
      "q" : "19560",
      "p" : "0.0029797",
      "s" : "buy",
      "i" : "HEHE_USD",
      "m" : "4611686018427839435"
    }, {
      "d" : "1756420589323082181",
      "t" : 1756420589323,
      "tn" : 1756420589323082181,
      "q" : "10000",
      "p" : "0.0029328",
      "s" : "sell",
      "i" : "HEHE_USD",
      "m" : "4611686018427839434"
    }, {
      "d" : "1756419054537035086",
      "t" : 1756419054537,
      "tn" : 1756419054537035086,
      "q" : "5620",
      "p" : "0.0029281",
      "s" : "sell",
      "i" : "HEHE_USD",
      "m" : "4611686018427839433"
    }, {
      "d" : "1756419034869663285",
      "t" : 1756419034869,
      "tn" : 1756419034869663285,
      "q" : "5620",
      "p" : "0.0029294",
      "s" : "sell",
      "i" : "HEHE_USD",
      "m" : "4611686018427839432"
    }, {
      "d" : "1756418843962016082",
      "t" : 1756418843962,
      "tn" : 1756418843962016082,
      "q" : "3200",
      "p" : "0.0029821",
      "s" : "buy",
      "i" : "HEHE_USD",
      "m" : "4611686018427839431"
    }, {
      "d" : "1756418797466134625",
      "t" : 1756418797466,
      "tn" : 1756418797466134625,
      "q" : "4000",
      "p" : "0.0029306",
      "s" : "sell",
      "i" : "HEHE_USD",
      "m" : "4611686018427839430"
    }, {
      "d" : "1756418155702345107",
      "t" : 1756418155702,
      "tn" : 1756418155702345107,
      "q" : "6640",
      "p" : "0.0029702",
      "s" : "buy",
      "i" : "HEHE_USD",
      "m" : "4611686018427839429"
    }, {
      "d" : "1756416461752474042",
      "t" : 1756416461752,
      "tn" : 1756416461752474042,
      "q" : "31530",
      "p" : "0.0029601",
      "s" : "buy",
      "i" : "HEHE_USD",
      "m" : "4611686018427839428"
    }, {
      "d" : "1756415815281935812",
      "t" : 1756415815281,
      "tn" : 1756415815281935812,
      "q" : "3130",
      "p" : "0.0029228",
      "s" : "sell",
      "i" : "HEHE_USD",
      "m" : "4611686018427839427"
    }, {
      "d" : "1756415051910658324",
      "t" : 1756415051910,
      "tn" : 1756415051910658324,
      "q" : "18050",
      "p" : "0.0029261",
      "s" : "sell",
      "i" : "HEHE_USD",
      "m" : "4611686018427839426"
    }, {
      "d" : "1756413648943670809",
      "t" : 1756413648943,
      "tn" : 1756413648943670809,
      "q" : "12930",
      "p" : "0.0029616",
      "s" : "buy",
      "i" : "HEHE_USD",
      "m" : "4611686018427839425"
    }, {
      "d" : "1756412059619614406",
      "t" : 1756412059619,
      "tn" : 1756412059619614406,
      "q" : "1000",
      "p" : "0.0029493",
      "s" : "buy",
      "i" : "HEHE_USD",
      "m" : "4611686018427839424"
    }, {
      "d" : "1756411908490682759",
      "t" : 1756411908490,
      "tn" : 1756411908490682759,
      "q" : "3240",
      "p" : "0.0028934",
      "s" : "sell",
      "i" : "HEHE_USD",
      "m" : "4611686018427839423"
    }, {
      "d" : "1756411222013030982",
      "t" : 1756411222013,
      "tn" : 1756411222013030982,
      "q" : "21040",
      "p" : "0.0028950",
      "s" : "sell",
      "i" : "HEHE_USD",
      "m" : "4611686018427839422"
    }, {
      "d" : "1756408310632226747",
      "t" : 1756408310632,
      "tn" : 1756408310632226747,
      "q" : "1740",
      "p" : "0.0029586",
      "s" : "buy",
      "i" : "HEHE_USD",
      "m" : "4611686018427839421"
    }, {
      "d" : "1756408307720616307",
      "t" : 1756408307720,
      "tn" : 1756408307720616307,
      "q" : "1480",
      "p" : "0.0029535",
      "s" : "buy",
      "i" : "HEHE_USD",
      "m" : "4611686018427839420"
    }, {
      "d" : "1756408132329565749",
      "t" : 1756408132329,
      "tn" : 1756408132329565749,
      "q" : "1790",
      "p" : "0.0029535",
      "s" : "buy",
      "i" : "HEHE_USD",
      "m" : "4611686018427839419"
    }, {
      "d" : "1756407543547421010",
      "t" : 1756407543547,
      "tn" : 1756407543547421010,
      "q" : "2170",
      "p" : "0.0029504",
      "s" : "buy",
      "i" : "HEHE_USD",
      "m" : "4611686018427839418"
    }, {
      "d" : "1756404999348460127",
      "t" : 1756404999348,
      "tn" : 1756404999348460127,
      "q" : "10770",
      "p" : "0.0029055",
      "s" : "buy",
      "i" : "HEHE_USD",
      "m" : "4611686018427839417"
    }, {
      "d" : "1756404999348458026",
      "t" : 1756404999348,
      "tn" : 1756404999348458026,
      "q" : "27450",
      "p" : "0.0029025",
      "s" : "buy",
      "i" : "HEHE_USD",
      "m" : "4611686018427839416"
    }, {
      "d" : "1756404997535812835",
      "t" : 1756404997535,
      "tn" : 1756404997535812835,
      "q" : "27450",
      "p" : "0.0029024",
      "s" : "buy",
      "i" : "HEHE_USD",
      "m" : "4611686018427839415"
    }, {
      "d" : "1756404994488204991",
      "t" : 1756404994488,
      "tn" : 1756404994488204991,
      "q" : "27450",
      "p" : "0.0029019",
      "s" : "buy",
      "i" : "HEHE_USD",
      "m" : "4611686018427839414"
    }, {
      "d" : "1756404991538730299",
      "t" : 1756404991538,
      "tn" : 1756404991538730299,
      "q" : "27450",
      "p" : "0.0029013",
      "s" : "buy",
      "i" : "HEHE_USD",
      "m" : "4611686018427839413"
    }, {
      "d" : "1756404989170474594",
      "t" : 1756404989170,
      "tn" : 1756404989170474594,
      "q" : "27450",
      "p" : "0.0029008",
      "s" : "buy",
      "i" : "HEHE_USD",
      "m" : "4611686018427839412"
    }, {
      "d" : "1756404987541232808",
      "t" : 1756404987541,
      "tn" : 1756404987541232808,
      "q" : "27450",
      "p" : "0.0029006",
      "s" : "buy",
      "i" : "HEHE_USD",
      "m" : "4611686018427839411"
    }, {
      "d" : "1756404985674534314",
      "t" : 1756404985674,
      "tn" : 1756404985674534314,
      "q" : "8170",
      "p" : "0.0029005",
      "s" : "buy",
      "i" : "HEHE_USD",
      "m" : "4611686018427839410"
    }, {
      "d" : "1756403575524599069",
      "t" : 1756403575524,
      "tn" : 1756403575524599069,
      "q" : "3270",
      "p" : "0.0028971",
      "s" : "sell",
      "i" : "HEHE_USD",
      "m" : "4611686018427839409"
    }, {
      "d" : "1756402213417765424",
      "t" : 1756402213417,
      "tn" : 1756402213417765424,
      "q" : "2000",
      "p" : "0.0029067",
      "s" : "buy",
      "i" : "HEHE_USD",
      "m" : "4611686018427839408"
    }, {
      "d" : "1756402192753724662",
      "t" : 1756402192753,
      "tn" : 1756402192753724662,
      "q" : "2000",
      "p" : "0.0029104",
      "s" : "buy",
      "i" : "HEHE_USD",
      "m" : "4611686018427839407"
    }, {
      "d" : "1756402174453477978",
      "t" : 1756402174453,
      "tn" : 1756402174453477978,
      "q" : "2000",
      "p" : "0.0029118",
      "s" : "buy",
      "i" : "HEHE_USD",
      "m" : "4611686018427839406"
    }, {
      "d" : "1756402153355271519",
      "t" : 1756402153355,
      "tn" : 1756402153355271519,
      "q" : "2000",
      "p" : "0.0029100",
      "s" : "buy",
      "i" : "HEHE_USD",
      "m" : "4611686018427839405"
    }, {
      "d" : "1756402135348676243",
      "t" : 1756402135348,
      "tn" : 1756402135348676243,
      "q" : "2000",
      "p" : "0.0029100",
      "s" : "buy",
      "i" : "HEHE_USD",
      "m" : "4611686018427839404"
    }, {
      "d" : "1756402112626425630",
      "t" : 1756402112626,
      "tn" : 1756402112626425630,
      "q" : "2000",
      "p" : "0.0029092",
      "s" : "buy",
      "i" : "HEHE_USD",
      "m" : "4611686018427839403"
    }, {
      "d" : "1756402094860860935",
      "t" : 1756402094860,
      "tn" : 1756402094860860935,
      "q" : "2000",
      "p" : "0.0029153",
      "s" : "buy",
      "i" : "HEHE_USD",
      "m" : "4611686018427839402"
    }, {
      "d" : "1756402073620904706",
      "t" : 1756402073620,
      "tn" : 1756402073620904706,
      "q" : "2000",
      "p" : "0.0029078",
      "s" : "buy",
      "i" : "HEHE_USD",
      "m" : "4611686018427839401"
    }, {
      "d" : "1756402048294209522",
      "t" : 1756402048294,
      "tn" : 1756402048294209522,
      "q" : "2000",
      "p" : "0.0029063",
      "s" : "buy",
      "i" : "HEHE_USD",
      "m" : "4611686018427839400"
    }, {
      "d" : "1756402030539062098",
      "t" : 1756402030539,
      "tn" : 1756402030539062098,
      "q" : "2000",
      "p" : "0.0029042",
      "s" : "buy",
      "i" : "HEHE_USD",
      "m" : "4611686018427839399"
    }, {
      "d" : "1756402001544077515",
      "t" : 1756402001544,
      "tn" : 1756402001544077515,
      "q" : "2000",
      "p" : "0.0029042",
      "s" : "buy",
      "i" : "HEHE_USD",
      "m" : "4611686018427839398"
    }, {
      "d" : "1756401975620688142",
      "t" : 1756401975620,
      "tn" : 1756401975620688142,
      "q" : "2000",
      "p" : "0.0029042",
      "s" : "buy",
      "i" : "HEHE_USD",
      "m" : "4611686018427839397"
    }, {
      "d" : "1756401949769386601",
      "t" : 1756401949769,
      "tn" : 1756401949769386601,
      "q" : "2000",
      "p" : "0.0029002",
      "s" : "buy",
      "i" : "HEHE_USD",
      "m" : "4611686018427839396"
    }, {
      "d" : "1756401931365382206",
      "t" : 1756401931365,
      "tn" : 1756401931365382206,
      "q" : "2000",
      "p" : "0.0029002",
      "s" : "buy",
      "i" : "HEHE_USD",
      "m" : "4611686018427839395"
    }, {
      "d" : "1756401914548855969",
      "t" : 1756401914548,
      "tn" : 1756401914548855969,
      "q" : "2000",
      "p" : "0.0029000",
      "s" : "buy",
      "i" : "HEHE_USD",
      "m" : "4611686018427839394"
    }, {
      "d" : "1756401895675161562",
      "t" : 1756401895675,
      "tn" : 1756401895675161562,
      "q" : "3000",
      "p" : "0.0028992",
      "s" : "buy",
      "i" : "HEHE_USD",
      "m" : "4611686018427839393"
    }, {
      "d" : "1756399784362024734",
      "t" : 1756399784362,
      "tn" : 1756399784362024734,
      "q" : "24620",
      "p" : "0.0029031",
      "s" : "sell",
      "i" : "HEHE_USD",
      "m" : "4611686018427839392"
    }, {
      "d" : "1756399453673145233",
      "t" : 1756399453673,
      "tn" : 1756399453673145233,
      "q" : "5000",
      "p" : "0.0029417",
      "s" : "buy",
      "i" : "HEHE_USD",
      "m" : "4611686018427839391"
    }, {
      "d" : "1756399393413478366",
      "t" : 1756399393413,
      "tn" : 1756399393413478366,
      "q" : "5000",
      "p" : "0.0029453",
      "s" : "buy",
      "i" : "HEHE_USD",
      "m" : "4611686018427839390"
    }, {
      "d" : "1756399248553727590",
      "t" : 1756399248553,
      "tn" : 1756399248553727590,
      "q" : "11600",
      "p" : "0.0029450",
      "s" : "buy",
      "i" : "HEHE_USD",
      "m" : "4611686018427839389"
    }, {
      "d" : "1756398516321769122",
      "t" : 1756398516321,
      "tn" : 1756398516321769122,
      "q" : "1760",
      "p" : "0.0029032",
      "s" : "sell",
      "i" : "HEHE_USD",
      "m" : "4611686018427839388"
    }, {
      "d" : "1756397997766899361",
      "t" : 1756397997766,
      "tn" : 1756397997766899361,
      "q" : "10000",
      "p" : "0.0029032",
      "s" : "sell",
      "i" : "HEHE_USD",
      "m" : "4611686018427839387"
    }, {
      "d" : "1756397667052943583",
      "t" : 1756397667052,
      "tn" : 1756397667052943583,
      "q" : "16230",
      "p" : "0.0029031",
      "s" : "sell",
      "i" : "HEHE_USD",
      "m" : "4611686018427839386"
    }, {
      "d" : "1756394897839603405",
      "t" : 1756394897839,
      "tn" : 1756394897839603405,
      "q" : "3460",
      "p" : "0.0029031",
      "s" : "sell",
      "i" : "HEHE_USD",
      "m" : "4611686018427839385"
    } ]
  }
}