{
  "id" : -1,
  "method" : "public/get-trades",
  "code" : 0,
  "result" : {
    "data" : [ {
      "d" : "1756459214586156630",
      "t" : 1756459214586,
      "tn" : 1756459214586156630,
      "q" : "47.0",
      "p" : "0.45237",
      "s" : "sell",
      "i" : "HEI_USD",
      "m" : "4611686018427391426"
    }, {
      "d" : "1756459214512784877",
      "t" : 1756459214512,
      "tn" : 1756459214512784877,
      "q" : "70.7",
      "p" : "0.45257",
      "s" : "sell",
      "i" : "HEI_USD",
      "m" : "4611686018427391425"
    }, {
      "d" : "1756459214512782200",
      "t" : 1756459214512,
      "tn" : 1756459214512782200,
      "q" : "14.3",
      "p" : "0.45258",
      "s" : "sell",
      "i" : "HEI_USD",
      "m" : "4611686018427391424"
    }, {
      "d" : "1756453982749210000",
      "t" : 1756453982749,
      "tn" : 1756453982749210000,
      "q" : "2.6",
      "p" : "0.44371",
      "s" : "sell",
      "i" : "HEI_USD",
      "m" : "4611686018427391423"
    }, {
      "d" : "1756453927319096331",
      "t" : 1756453927319,
      "tn" : 1756453927319096331,
      "q" : "5.3",
      "p" : "0.44321",
      "s" : "sell",
      "i" : "HEI_USD",
      "m" : "4611686018427391422"
    }, {
      "d" : "1756453927314646258",
      "t" : 1756453927314,
      "tn" : 1756453927314646258,
      "q" : "14.8",
      "p" : "0.44321",
      "s" : "sell",
      "i" : "HEI_USD",
      "m" : "4611686018427391421"
    }, {
      "d" : "1756453925252934028",
      "t" : 1756453925252,
      "tn" : 1756453925252934028,
      "q" : "7.0",
      "p" : "0.44321",
      "s" : "sell",
      "i" : "HEI_USD",
      "m" : "4611686018427391420"
    }, {
      "d" : "1756442268352386133",
      "t" : 1756442268352,
      "tn" : 1756442268352386133,
      "q" : "18.8",
      "p" : "0.43693",
      "s" : "sell",
      "i" : "HEI_USD",
      "m" : "4611686018427391419"
    }, {
      "d" : "1756442268352384774",
      "t" : 1756442268352,
      "tn" : 1756442268352384774,
      "q" : "2.8",
      "p" : "0.44147",
      "s" : "sell",
      "i" : "HEI_USD",
      "m" : "4611686018427391418"
    }, {
      "d" : "1756442268038116092",
      "t" : 1756442268038,
      "tn" : 1756442268038116092,
      "q" : "2.8",
      "p" : "0.44177",
      "s" : "buy",
      "i" : "HEI_USD",
      "m" : "4611686018427391417"
    }, {
      "d" : "1756442268029735402",
      "t" : 1756442268029,
      "tn" : 1756442268029735402,
      "q" : "59.2",
      "p" : "0.43753",
      "s" : "buy",
      "i" : "HEI_USD",
      "m" : "4611686018427391416"
    }, {
      "d" : "1756442268021431161",
      "t" : 1756442268021,
      "tn" : 1756442268021431161,
      "q" : "30.4",
      "p" : "0.43752",
      "s" : "sell",
      "i" : "HEI_USD",
      "m" : "4611686018427391415"
    }, {
      "d" : "1756442268018658143",
      "t" : 1756442268018,
      "tn" : 1756442268018658143,
      "q" : "64.4",
      "p" : "0.43752",
      "s" : "sell",
      "i" : "HEI_USD",
      "m" : "4611686018427391414"
    }, {
      "d" : "1756442268004264860",
      "t" : 1756442268004,
      "tn" : 1756442268004264860,
      "q" : "250.0",
      "p" : "0.43753",
      "s" : "buy",
      "i" : "HEI_USD",
      "m" : "4611686018427391413"
    }, {
      "d" : "1756442268000240330",
      "t" : 1756442268000,
      "tn" : 1756442268000240330,
      "q" : "52.0",
      "p" : "0.43753",
      "s" : "buy",
      "i" : "HEI_USD",
      "m" : "4611686018427391412"
    }, {
      "d" : "1756442268000235456",
      "t" : 1756442268000,
      "tn" : 1756442268000235456,
      "q" : "86.0",
      "p" : "0.43753",
      "s" : "buy",
      "i" : "HEI_USD",
      "m" : "4611686018427391411"
    }, {
      "d" : "1756442267995484679",
      "t" : 1756442267995,
      "tn" : 1756442267995484679,
      "q" : "103.3",
      "p" : "0.43753",
      "s" : "buy",
      "i" : "HEI_USD",
      "m" : "4611686018427391410"
    }, {
      "d" : "1756442267994990732",
      "t" : 1756442267994,
      "tn" : 1756442267994990732,
      "q" : "61.0",
      "p" : "0.43753",
      "s" : "buy",
      "i" : "HEI_USD",
      "m" : "4611686018427391409"
    }, {
      "d" : "1756442267994922845",
      "t" : 1756442267994,
      "tn" : 1756442267994922845,
      "q" : "200.0",
      "p" : "0.43753",
      "s" : "buy",
      "i" : "HEI_USD",
      "m" : "4611686018427391408"
    }, {
      "d" : "1756442267987986920",
      "t" : 1756442267987,
      "tn" : 1756442267987986920,
      "q" : "450.0",
      "p" : "0.43753",
      "s" : "buy",
      "i" : "HEI_USD",
      "m" : "4611686018427391407"
    }, {
      "d" : "1756442267977966753",
      "t" : 1756442267977,
      "tn" : 1756442267977966753,
      "q" : "42.7",
      "p" : "0.43753",
      "s" : "buy",
      "i" : "HEI_USD",
      "m" : "4611686018427391406"
    }, {
      "d" : "1756442267973242976",
      "t" : 1756442267973,
      "tn" : 1756442267973242975,
      "q" : "170.0",
      "p" : "0.43753",
      "s" : "sell",
      "i" : "HEI_USD",
      "m" : "4611686018427391405"
    }, {
      "d" : "1756442267973242975",
      "t" : 1756442267973,
      "tn" : 1756442267973242975,
      "q" : "14.3",
      "p" : "0.43753",
      "s" : "sell",
      "i" : "HEI_USD",
      "m" : "4611686018427391405"
    }, {
      "d" : "1756442267973238094",
      "t" : 1756442267973,
      "tn" : 1756442267973238094,
      "q" : "2.8",
      "p" : "0.44172",
      "s" : "sell",
      "i" : "HEI_USD",
      "m" : "4611686018427391404"
    }, {
      "d" : "1756442254001848930",
      "t" : 1756442254001,
      "tn" : 1756442254001848930,
      "q" : "2.8",
      "p" : "0.44172",
      "s" : "sell",
      "i" : "HEI_USD",
      "m" : "4611686018427391403"
    }, {
      "d" : "1756442204210300904",
      "t" : 1756442204210,
      "tn" : 1756442204210300904,
      "q" : "2.8",
      "p" : "0.44167",
      "s" : "sell",
      "i" : "HEI_USD",
      "m" : "4611686018427391402"
    }, {
      "d" : "1756412241460453803",
      "t" : 1756412241460,
      "tn" : 1756412241460453803,
      "q" : "2.6",
      "p" : "0.43207",
      "s" : "sell",
      "i" : "HEI_USD",
      "m" : "4611686018427391401"
    }, {
      "d" : "1756412224331728232",
      "t" : 1756412224331,
      "tn" : 1756412224331728232,
      "q" : "178.9",
      "p" : "0.43080",
      "s" : "sell",
      "i" : "HEI_USD",
      "m" : "4611686018427391400"
    }, {
      "d" : "1756403372026872707",
      "t" : 1756403372026,
      "tn" : 1756403372026872707,
      "q" : "2.6",
      "p" : "0.43876",
      "s" : "buy",
      "i" : "HEI_USD",
      "m" : "4611686018427391399"
    } ]
  }
}