{
  "id" : -1,
  "method" : "public/get-trades",
  "code" : 0,
  "result" : {
    "data" : [ {
      "d" : "1756461191818694893",
      "t" : 1756461191818,
      "tn" : 1756461191818694893,
      "q" : "961.6",
      "p" : "0.07642",
      "s" : "sell",
      "i" : "HFT_USD",
      "m" : "4611686018430903704"
    }, {
      "d" : "1756461191818693009",
      "t" : 1756461191818,
      "tn" : 1756461191818693009,
      "q" : "14.5",
      "p" : "0.07646",
      "s" : "sell",
      "i" : "HFT_USD",
      "m" : "4611686018430903703"
    }, {
      "d" : "1756461182186606777",
      "t" : 1756461182186,
      "tn" : 1756461182186606777,
      "q" : "980.5",
      "p" : "0.07640",
      "s" : "buy",
      "i" : "HFT_USD",
      "m" : "4611686018430903702"
    }, {
      "d" : "1756461182186604825",
      "t" : 1756461182186,
      "tn" : 1756461182186604825,
      "q" : "14.5",
      "p" : "0.07637",
      "s" : "buy",
      "i" : "HFT_USD",
      "m" : "4611686018430903701"
    }, {
      "d" : "1756461050148297647",
      "t" : 1756461050148,
      "tn" : 1756461050148297647,
      "q" : "958.8",
      "p" : "0.07649",
      "s" : "buy",
      "i" : "HFT_USD",
      "m" : "4611686018430903700"
    }, {
      "d" : "1756461050148294622",
      "t" : 1756461050148,
      "tn" : 1756461050148294622,
      "q" : "14.5",
      "p" : "0.07647",
      "s" : "buy",
      "i" : "HFT_USD",
      "m" : "4611686018430903699"
    }, {
      "d" : "1756460424465958045",
      "t" : 1756460424465,
      "tn" : 1756460424465958044,
      "q" : "14.5",
      "p" : "0.07626",
      "s" : "sell",
      "i" : "HFT_USD",
      "m" : "4611686018430903698"
    }, {
      "d" : "1756460424465958044",
      "t" : 1756460424465,
      "tn" : 1756460424465958044,
      "q" : "988.0",
      "p" : "0.07626",
      "s" : "sell",
      "i" : "HFT_USD",
      "m" : "4611686018430903698"
    }, {
      "d" : "1756460340561561974",
      "t" : 1756460340561,
      "tn" : 1756460340561561974,
      "q" : "985.4",
      "p" : "0.07611",
      "s" : "buy",
      "i" : "HFT_USD",
      "m" : "4611686018430903697"
    }, {
      "d" : "1756460167139140378",
      "t" : 1756460167139,
      "tn" : 1756460167139140378,
      "q" : "957.9",
      "p" : "0.07611",
      "s" : "sell",
      "i" : "HFT_USD",
      "m" : "4611686018430903696"
    }, {
      "d" : "1756460167139138573",
      "t" : 1756460167139,
      "tn" : 1756460167139138573,
      "q" : "14.5",
      "p" : "0.07616",
      "s" : "sell",
      "i" : "HFT_USD",
      "m" : "4611686018430903695"
    }, {
      "d" : "1756460045528389150",
      "t" : 1756460045528,
      "tn" : 1756460045528389150,
      "q" : "958.2",
      "p" : "0.07618",
      "s" : "buy",
      "i" : "HFT_USD",
      "m" : "4611686018430903694"
    }, {
      "d" : "1756460045528386537",
      "t" : 1756460045528,
      "tn" : 1756460045528386537,
      "q" : "14.5",
      "p" : "0.07617",
      "s" : "buy",
      "i" : "HFT_USD",
      "m" : "4611686018430903693"
    }, {
      "d" : "1756459955414075453",
      "t" : 1756459955414,
      "tn" : 1756459955414075453,
      "q" : "14.5",
      "p" : "0.07617",
      "s" : "buy",
      "i" : "HFT_USD",
      "m" : "4611686018430903692"
    }, {
      "d" : "1756459755919298094",
      "t" : 1756459755919,
      "tn" : 1756459755919298093,
      "q" : "14.5",
      "p" : "0.07636",
      "s" : "sell",
      "i" : "HFT_USD",
      "m" : "4611686018430903691"
    }, {
      "d" : "1756459755919298093",
      "t" : 1756459755919,
      "tn" : 1756459755919298093,
      "q" : "964.1",
      "p" : "0.07636",
      "s" : "sell",
      "i" : "HFT_USD",
      "m" : "4611686018430903691"
    }, {
      "d" : "1756459682929710675",
      "t" : 1756459682929,
      "tn" : 1756459682929710675,
      "q" : "942.0",
      "p" : "0.07621",
      "s" : "buy",
      "i" : "HFT_USD",
      "m" : "4611686018430903690"
    }, {
      "d" : "1756459682929708376",
      "t" : 1756459682929,
      "tn" : 1756459682929708376,
      "q" : "14.5",
      "p" : "0.07617",
      "s" : "buy",
      "i" : "HFT_USD",
      "m" : "4611686018430903689"
    }, {
      "d" : "1756458431344447417",
      "t" : 1756458431344,
      "tn" : 1756458431344447417,
      "q" : "993.7",
      "p" : "0.07574",
      "s" : "sell",
      "i" : "HFT_USD",
      "m" : "4611686018430903688"
    }, {
      "d" : "1756458244096103684",
      "t" : 1756458244096,
      "tn" : 1756458244096103684,
      "q" : "982.1",
      "p" : "0.07570",
      "s" : "buy",
      "i" : "HFT_USD",
      "m" : "4611686018430903687"
    }, {
      "d" : "1756458244096101851",
      "t" : 1756458244096,
      "tn" : 1756458244096101851,
      "q" : "14.5",
      "p" : "0.07567",
      "s" : "buy",
      "i" : "HFT_USD",
      "m" : "4611686018430903686"
    }, {
      "d" : "1756458241362445529",
      "t" : 1756458241362,
      "tn" : 1756458241362445529,
      "q" : "308.1",
      "p" : "0.07570",
      "s" : "buy",
      "i" : "HFT_USD",
      "m" : "4611686018430903685"
    }, {
      "d" : "1756458241362267649",
      "t" : 1756458241362,
      "tn" : 1756458241362267649,
      "q" : "668.3",
      "p" : "0.07570",
      "s" : "buy",
      "i" : "HFT_USD",
      "m" : "4611686018430903684"
    }, {
      "d" : "1756458241362265777",
      "t" : 1756458241362,
      "tn" : 1756458241362265777,
      "q" : "14.5",
      "p" : "0.07567",
      "s" : "buy",
      "i" : "HFT_USD",
      "m" : "4611686018430903683"
    }, {
      "d" : "1756458200528182470",
      "t" : 1756458200528,
      "tn" : 1756458200528182470,
      "q" : "983.8",
      "p" : "0.07555",
      "s" : "sell",
      "i" : "HFT_USD",
      "m" : "4611686018430903682"
    }, {
      "d" : "1756458200528180284",
      "t" : 1756458200528,
      "tn" : 1756458200528180284,
      "q" : "14.5",
      "p" : "0.07556",
      "s" : "sell",
      "i" : "HFT_USD",
      "m" : "4611686018430903681"
    }, {
      "d" : "1756458182849683459",
      "t" : 1756458182849,
      "tn" : 1756458182849683459,
      "q" : "981.0",
      "p" : "0.07537",
      "s" : "buy",
      "i" : "HFT_USD",
      "m" : "4611686018430903680"
    }, {
      "d" : "1756458141065882944",
      "t" : 1756458141065,
      "tn" : 1756458141065882944,
      "q" : "954.3",
      "p" : "0.07593",
      "s" : "sell",
      "i" : "HFT_USD",
      "m" : "4611686018430903679"
    }, {
      "d" : "1756458103263224203",
      "t" : 1756458103263,
      "tn" : 1756458103263224203,
      "q" : "964.6",
      "p" : "0.07597",
      "s" : "buy",
      "i" : "HFT_USD",
      "m" : "4611686018430903678"
    }, {
      "d" : "1756457798387453318",
      "t" : 1756457798387,
      "tn" : 1756457798387453318,
      "q" : "966.6",
      "p" : "0.07614",
      "s" : "sell",
      "i" : "HFT_USD",
      "m" : "4611686018430903677"
    }, {
      "d" : "1756457798387451490",
      "t" : 1756457798387,
      "tn" : 1756457798387451490,
      "q" : "14.5",
      "p" : "0.07616",
      "s" : "sell",
      "i" : "HFT_USD",
      "m" : "4611686018430903676"
    }, {
      "d" : "1756457731885623722",
      "t" : 1756457731885,
      "tn" : 1756457731885623722,
      "q" : "962.7",
      "p" : "0.07611",
      "s" : "buy",
      "i" : "HFT_USD",
      "m" : "4611686018430903675"
    }, {
      "d" : "1756457540219682049",
      "t" : 1756457540219,
      "tn" : 1756457540219682049,
      "q" : "943.1",
      "p" : "0.07633",
      "s" : "sell",
      "i" : "HFT_USD",
      "m" : "4611686018430903674"
    }, {
      "d" : "1756457540219679469",
      "t" : 1756457540219,
      "tn" : 1756457540219679469,
      "q" : "14.5",
      "p" : "0.07636",
      "s" : "sell",
      "i" : "HFT_USD",
      "m" : "4611686018430903673"
    }, {
      "d" : "1756457366221939720",
      "t" : 1756457366221,
      "tn" : 1756457366221939720,
      "q" : "638.6",
      "p" : "0.07669",
      "s" : "buy",
      "i" : "HFT_USD",
      "m" : "4611686018430903672"
    }, {
      "d" : "1756457366221938071",
      "t" : 1756457366221,
      "tn" : 1756457366221938071,
      "q" : "14.5",
      "p" : "0.07644",
      "s" : "buy",
      "i" : "HFT_USD",
      "m" : "4611686018430903671"
    }, {
      "d" : "1756457366220171331",
      "t" : 1756457366220,
      "tn" : 1756457366220171331,
      "q" : "14.5",
      "p" : "0.07631",
      "s" : "buy",
      "i" : "HFT_USD",
      "m" : "4611686018430903670"
    }, {
      "d" : "1756457366219284092",
      "t" : 1756457366219,
      "tn" : 1756457366219284092,
      "q" : "964.7",
      "p" : "0.07631",
      "s" : "buy",
      "i" : "HFT_USD",
      "m" : "4611686018430903669"
    }, {
      "d" : "1756457366219282170",
      "t" : 1756457366219,
      "tn" : 1756457366219282170,
      "q" : "14.5",
      "p" : "0.07627",
      "s" : "buy",
      "i" : "HFT_USD",
      "m" : "4611686018430903668"
    }, {
      "d" : "1756456761909870298",
      "t" : 1756456761909,
      "tn" : 1756456761909870297,
      "q" : "14.5",
      "p" : "0.07676",
      "s" : "sell",
      "i" : "HFT_USD",
      "m" : "4611686018430903667"
    }, {
      "d" : "1756456761909870297",
      "t" : 1756456761909,
      "tn" : 1756456761909870297,
      "q" : "978.4",
      "p" : "0.07676",
      "s" : "sell",
      "i" : "HFT_USD",
      "m" : "4611686018430903667"
    }, {
      "d" : "1756456666738986206",
      "t" : 1756456666738,
      "tn" : 1756456666738986206,
      "q" : "944.2",
      "p" : "0.07640",
      "s" : "buy",
      "i" : "HFT_USD",
      "m" : "4611686018430903666"
    }, {
      "d" : "1756456666738984459",
      "t" : 1756456666738,
      "tn" : 1756456666738984459,
      "q" : "14.5",
      "p" : "0.07637",
      "s" : "buy",
      "i" : "HFT_USD",
      "m" : "4611686018430903665"
    }, {
      "d" : "1756456394322254942",
      "t" : 1756456394322,
      "tn" : 1756456394322254941,
      "q" : "959.0",
      "p" : "0.07666",
      "s" : "sell",
      "i" : "HFT_USD",
      "m" : "4611686018430903664"
    }, {
      "d" : "1756456394322254941",
      "t" : 1756456394322,
      "tn" : 1756456394322254941,
      "q" : "14.5",
      "p" : "0.07666",
      "s" : "sell",
      "i" : "HFT_USD",
      "m" : "4611686018430903664"
    }, {
      "d" : "1756456381081626888",
      "t" : 1756456381081,
      "tn" : 1756456381081626888,
      "q" : "978.2",
      "p" : "0.07659",
      "s" : "buy",
      "i" : "HFT_USD",
      "m" : "4611686018430903663"
    }, {
      "d" : "1756456381081624348",
      "t" : 1756456381081,
      "tn" : 1756456381081624348,
      "q" : "14.5",
      "p" : "0.07657",
      "s" : "buy",
      "i" : "HFT_USD",
      "m" : "4611686018430903662"
    }, {
      "d" : "1756456352897853641",
      "t" : 1756456352897,
      "tn" : 1756456352897853641,
      "q" : "980.7",
      "p" : "0.07675",
      "s" : "sell",
      "i" : "HFT_USD",
      "m" : "4611686018430903661"
    }, {
      "d" : "1756456352897851741",
      "t" : 1756456352897,
      "tn" : 1756456352897851741,
      "q" : "14.5",
      "p" : "0.07676",
      "s" : "sell",
      "i" : "HFT_USD",
      "m" : "4611686018430903660"
    }, {
      "d" : "1756456330357946929",
      "t" : 1756456330357,
      "tn" : 1756456330357946929,
      "q" : "14.5",
      "p" : "0.07667",
      "s" : "buy",
      "i" : "HFT_USD",
      "m" : "4611686018430903659"
    }, {
      "d" : "1756456272826339186",
      "t" : 1756456272826,
      "tn" : 1756456272826339186,
      "q" : "961.7",
      "p" : "0.07650",
      "s" : "buy",
      "i" : "HFT_USD",
      "m" : "4611686018430903658"
    }, {
      "d" : "1756456233976754497",
      "t" : 1756456233976,
      "tn" : 1756456233976754497,
      "q" : "955.7",
      "p" : "0.07661",
      "s" : "buy",
      "i" : "HFT_USD",
      "m" : "4611686018430903657"
    }, {
      "d" : "1756456201436510492",
      "t" : 1756456201436,
      "tn" : 1756456201436510492,
      "q" : "975.1",
      "p" : "0.07663",
      "s" : "buy",
      "i" : "HFT_USD",
      "m" : "4611686018430903656"
    }, {
      "d" : "1756456201436507477",
      "t" : 1756456201436,
      "tn" : 1756456201436507477,
      "q" : "14.5",
      "p" : "0.07657",
      "s" : "buy",
      "i" : "HFT_USD",
      "m" : "4611686018430903655"
    }, {
      "d" : "1756455964927429739",
      "t" : 1756455964927,
      "tn" : 1756455964927429739,
      "q" : "14.5",
      "p" : "0.07657",
      "s" : "buy",
      "i" : "HFT_USD",
      "m" : "4611686018430903654"
    }, {
      "d" : "1756455637343815576",
      "t" : 1756455637343,
      "tn" : 1756455637343815576,
      "q" : "14.5",
      "p" : "0.07672",
      "s" : "buy",
      "i" : "HFT_USD",
      "m" : "4611686018430903653"
    }, {
      "d" : "1756454730436757456",
      "t" : 1756454730436,
      "tn" : 1756454730436757456,
      "q" : "98.3",
      "p" : "0.07727",
      "s" : "buy",
      "i" : "HFT_USD",
      "m" : "4611686018430903652"
    }, {
      "d" : "1756454406396003457",
      "t" : 1756454406396,
      "tn" : 1756454406396003457,
      "q" : "1307.3",
      "p" : "0.07726",
      "s" : "sell",
      "i" : "HFT_USD",
      "m" : "4611686018430903651"
    }, {
      "d" : "1756454406390152703",
      "t" : 1756454406390,
      "tn" : 1756454406390152703,
      "q" : "500.3",
      "p" : "0.07730",
      "s" : "sell",
      "i" : "HFT_USD",
      "m" : "4611686018430903650"
    }, {
      "d" : "1756454406390150395",
      "t" : 1756454406390,
      "tn" : 1756454406390150395,
      "q" : "984.9",
      "p" : "0.07745",
      "s" : "sell",
      "i" : "HFT_USD",
      "m" : "4611686018430903649"
    }, {
      "d" : "1756454406390147229",
      "t" : 1756454406390,
      "tn" : 1756454406390147229,
      "q" : "14.5",
      "p" : "0.07746",
      "s" : "sell",
      "i" : "HFT_USD",
      "m" : "4611686018430903648"
    }, {
      "d" : "1756452684525181103",
      "t" : 1756452684525,
      "tn" : 1756452684525181103,
      "q" : "14.5",
      "p" : "0.07787",
      "s" : "buy",
      "i" : "HFT_USD",
      "m" : "4611686018430903647"
    }, {
      "d" : "1756452618224249041",
      "t" : 1756452618224,
      "tn" : 1756452618224249041,
      "q" : "188.5",
      "p" : "0.07780",
      "s" : "sell",
      "i" : "HFT_USD",
      "m" : "4611686018430903646"
    }, {
      "d" : "1756451604915575033",
      "t" : 1756451604915,
      "tn" : 1756451604915575033,
      "q" : "944.0",
      "p" : "0.07812",
      "s" : "sell",
      "i" : "HFT_USD",
      "m" : "4611686018430903645"
    }, {
      "d" : "1756451604915573191",
      "t" : 1756451604915,
      "tn" : 1756451604915573191,
      "q" : "14.5",
      "p" : "0.07817",
      "s" : "sell",
      "i" : "HFT_USD",
      "m" : "4611686018430903644"
    }, {
      "d" : "1756451603212586054",
      "t" : 1756451603212,
      "tn" : 1756451603212586054,
      "q" : "985.3",
      "p" : "0.07809",
      "s" : "buy",
      "i" : "HFT_USD",
      "m" : "4611686018430903643"
    }, {
      "d" : "1756450131702077920",
      "t" : 1756450131702,
      "tn" : 1756450131702077920,
      "q" : "14.5",
      "p" : "0.07927",
      "s" : "buy",
      "i" : "HFT_USD",
      "m" : "4611686018430903642"
    }, {
      "d" : "1756449581683664616",
      "t" : 1756449581683,
      "tn" : 1756449581683664616,
      "q" : "937.7",
      "p" : "0.07895",
      "s" : "sell",
      "i" : "HFT_USD",
      "m" : "4611686018430903641"
    }, {
      "d" : "1756449581683662580",
      "t" : 1756449581683,
      "tn" : 1756449581683662580,
      "q" : "14.5",
      "p" : "0.07896",
      "s" : "sell",
      "i" : "HFT_USD",
      "m" : "4611686018430903640"
    }, {
      "d" : "1756449578481351596",
      "t" : 1756449578481,
      "tn" : 1756449578481351596,
      "q" : "130.5",
      "p" : "0.07900",
      "s" : "sell",
      "i" : "HFT_USD",
      "m" : "4611686018430903639"
    }, {
      "d" : "1756449577255001124",
      "t" : 1756449577255,
      "tn" : 1756449577255001124,
      "q" : "14.5",
      "p" : "0.07883",
      "s" : "buy",
      "i" : "HFT_USD",
      "m" : "4611686018430903638"
    }, {
      "d" : "1756449577254630130",
      "t" : 1756449577254,
      "tn" : 1756449577254630130,
      "q" : "984.6",
      "p" : "0.07883",
      "s" : "buy",
      "i" : "HFT_USD",
      "m" : "4611686018430903637"
    }, {
      "d" : "1756449577254627971",
      "t" : 1756449577254,
      "tn" : 1756449577254627971,
      "q" : "14.5",
      "p" : "0.07877",
      "s" : "buy",
      "i" : "HFT_USD",
      "m" : "4611686018430903636"
    }, {
      "d" : "1756449571469922497",
      "t" : 1756449571469,
      "tn" : 1756449571469922497,
      "q" : "74.5",
      "p" : "0.07894",
      "s" : "sell",
      "i" : "HFT_USD",
      "m" : "4611686018430903635"
    }, {
      "d" : "1756448194778067210",
      "t" : 1756448194778,
      "tn" : 1756448194778067210,
      "q" : "937.0",
      "p" : "0.07915",
      "s" : "sell",
      "i" : "HFT_USD",
      "m" : "4611686018430903634"
    }, {
      "d" : "1756448194778065515",
      "t" : 1756448194778,
      "tn" : 1756448194778065515,
      "q" : "14.5",
      "p" : "0.07916",
      "s" : "sell",
      "i" : "HFT_USD",
      "m" : "4611686018430903633"
    }, {
      "d" : "1756448164707643113",
      "t" : 1756448164707,
      "tn" : 1756448164707643113,
      "q" : "947.1",
      "p" : "0.07924",
      "s" : "buy",
      "i" : "HFT_USD",
      "m" : "4611686018430903632"
    }, {
      "d" : "1756448164707641525",
      "t" : 1756448164707,
      "tn" : 1756448164707641525,
      "q" : "14.5",
      "p" : "0.07917",
      "s" : "buy",
      "i" : "HFT_USD",
      "m" : "4611686018430903631"
    }, {
      "d" : "1756448162820060934",
      "t" : 1756448162820,
      "tn" : 1756448162820060934,
      "q" : "14.5",
      "p" : "0.07917",
      "s" : "buy",
      "i" : "HFT_USD",
      "m" : "4611686018430903630"
    }, {
      "d" : "1756447514269569592",
      "t" : 1756447514269,
      "tn" : 1756447514269569592,
      "q" : "972.2",
      "p" : "0.07972",
      "s" : "sell",
      "i" : "HFT_USD",
      "m" : "4611686018430903629"
    }, {
      "d" : "1756447505093124712",
      "t" : 1756447505093,
      "tn" : 1756447505093124712,
      "q" : "938.3",
      "p" : "0.07984",
      "s" : "sell",
      "i" : "HFT_USD",
      "m" : "4611686018430903628"
    }, {
      "d" : "1756447505093122935",
      "t" : 1756447505093,
      "tn" : 1756447505093122935,
      "q" : "14.5",
      "p" : "0.07986",
      "s" : "sell",
      "i" : "HFT_USD",
      "m" : "4611686018430903627"
    }, {
      "d" : "1756447314322418138",
      "t" : 1756447314322,
      "tn" : 1756447314322418138,
      "q" : "957.0",
      "p" : "0.08000",
      "s" : "buy",
      "i" : "HFT_USD",
      "m" : "4611686018430903626"
    }, {
      "d" : "1756447063358492583",
      "t" : 1756447063358,
      "tn" : 1756447063358492583,
      "q" : "969.3",
      "p" : "0.07980",
      "s" : "buy",
      "i" : "HFT_USD",
      "m" : "4611686018430903625"
    }, {
      "d" : "1756446720411064665",
      "t" : 1756446720411,
      "tn" : 1756446720411064665,
      "q" : "14.5",
      "p" : "0.07997",
      "s" : "buy",
      "i" : "HFT_USD",
      "m" : "4611686018430903624"
    }, {
      "d" : "1756446033364098729",
      "t" : 1756446033364,
      "tn" : 1756446033364098729,
      "q" : "969.2",
      "p" : "0.07995",
      "s" : "sell",
      "i" : "HFT_USD",
      "m" : "4611686018430903623"
    }, {
      "d" : "1756446033364096755",
      "t" : 1756446033364,
      "tn" : 1756446033364096755,
      "q" : "14.5",
      "p" : "0.07996",
      "s" : "sell",
      "i" : "HFT_USD",
      "m" : "4611686018430903622"
    }, {
      "d" : "1756445935274449573",
      "t" : 1756445935274,
      "tn" : 1756445935274449573,
      "q" : "961.7",
      "p" : "0.07984",
      "s" : "buy",
      "i" : "HFT_USD",
      "m" : "4611686018430903621"
    }, {
      "d" : "1756445935274149651",
      "t" : 1756445935274,
      "tn" : 1756445935274149651,
      "q" : "14.5",
      "p" : "0.07977",
      "s" : "buy",
      "i" : "HFT_USD",
      "m" : "4611686018430903620"
    }, {
      "d" : "1756445707225687170",
      "t" : 1756445707225,
      "tn" : 1756445707225687170,
      "q" : "14.5",
      "p" : "0.07977",
      "s" : "buy",
      "i" : "HFT_USD",
      "m" : "4611686018430903619"
    }, {
      "d" : "1756445706974183884",
      "t" : 1756445706974,
      "tn" : 1756445706974183884,
      "q" : "14.5",
      "p" : "0.07977",
      "s" : "buy",
      "i" : "HFT_USD",
      "m" : "4611686018430903618"
    }, {
      "d" : "1756445692896302339",
      "t" : 1756445692896,
      "tn" : 1756445692896302339,
      "q" : "14.5",
      "p" : "0.07967",
      "s" : "buy",
      "i" : "HFT_USD",
      "m" : "4611686018430903617"
    }, {
      "d" : "1756445692390912529",
      "t" : 1756445692390,
      "tn" : 1756445692390912529,
      "q" : "14.5",
      "p" : "0.07967",
      "s" : "buy",
      "i" : "HFT_USD",
      "m" : "4611686018430903616"
    }, {
      "d" : "1756445691808163474",
      "t" : 1756445691808,
      "tn" : 1756445691808163474,
      "q" : "14.5",
      "p" : "0.07967",
      "s" : "buy",
      "i" : "HFT_USD",
      "m" : "4611686018430903615"
    }, {
      "d" : "1756445691224385795",
      "t" : 1756445691224,
      "tn" : 1756445691224385795,
      "q" : "14.5",
      "p" : "0.07967",
      "s" : "buy",
      "i" : "HFT_USD",
      "m" : "4611686018430903614"
    }, {
      "d" : "1756445544231209818",
      "t" : 1756445544231,
      "tn" : 1756445544231209818,
      "q" : "977.6",
      "p" : "0.07975",
      "s" : "buy",
      "i" : "HFT_USD",
      "m" : "4611686018430903613"
    }, {
      "d" : "1756445544231206524",
      "t" : 1756445544231,
      "tn" : 1756445544231206524,
      "q" : "14.5",
      "p" : "0.07967",
      "s" : "buy",
      "i" : "HFT_USD",
      "m" : "4611686018430903612"
    }, {
      "d" : "1756445414089035758",
      "t" : 1756445414089,
      "tn" : 1756445414089035757,
      "q" : "14.5",
      "p" : "0.07966",
      "s" : "sell",
      "i" : "HFT_USD",
      "m" : "4611686018430903611"
    }, {
      "d" : "1756445414089035757",
      "t" : 1756445414089,
      "tn" : 1756445414089035757,
      "q" : "957.4",
      "p" : "0.07966",
      "s" : "sell",
      "i" : "HFT_USD",
      "m" : "4611686018430903611"
    }, {
      "d" : "1756445360842368907",
      "t" : 1756445360842,
      "tn" : 1756445360842368907,
      "q" : "954.7",
      "p" : "0.07952",
      "s" : "buy",
      "i" : "HFT_USD",
      "m" : "4611686018430903610"
    }, {
      "d" : "1756445360842085826",
      "t" : 1756445360842,
      "tn" : 1756445360842085826,
      "q" : "14.5",
      "p" : "0.07947",
      "s" : "buy",
      "i" : "HFT_USD",
      "m" : "4611686018430903609"
    }, {
      "d" : "1756444827225404727",
      "t" : 1756444827225,
      "tn" : 1756444827225404727,
      "q" : "964.9",
      "p" : "0.07953",
      "s" : "sell",
      "i" : "HFT_USD",
      "m" : "4611686018430903608"
    }, {
      "d" : "1756444516409444903",
      "t" : 1756444516409,
      "tn" : 1756444516409444903,
      "q" : "988.6",
      "p" : "0.07961",
      "s" : "sell",
      "i" : "HFT_USD",
      "m" : "4611686018430903607"
    }, {
      "d" : "1756444496673890444",
      "t" : 1756444496673,
      "tn" : 1756444496673890444,
      "q" : "14.5",
      "p" : "0.07976",
      "s" : "sell",
      "i" : "HFT_USD",
      "m" : "4611686018430903606"
    }, {
      "d" : "1756444406095767775",
      "t" : 1756444406095,
      "tn" : 1756444406095767775,
      "q" : "960.5",
      "p" : "0.07977",
      "s" : "buy",
      "i" : "HFT_USD",
      "m" : "4611686018430903605"
    }, {
      "d" : "1756444405548022772",
      "t" : 1756444405548,
      "tn" : 1756444405548022772,
      "q" : "967.8",
      "p" : "0.07978",
      "s" : "buy",
      "i" : "HFT_USD",
      "m" : "4611686018430903604"
    }, {
      "d" : "1756443985375154026",
      "t" : 1756443985375,
      "tn" : 1756443985375154025,
      "q" : "14.5",
      "p" : "0.08016",
      "s" : "sell",
      "i" : "HFT_USD",
      "m" : "4611686018430903603"
    }, {
      "d" : "1756443985375154025",
      "t" : 1756443985375,
      "tn" : 1756443985375154025,
      "q" : "990.1",
      "p" : "0.08016",
      "s" : "sell",
      "i" : "HFT_USD",
      "m" : "4611686018430903603"
    }, {
      "d" : "1756443894806464960",
      "t" : 1756443894806,
      "tn" : 1756443894806464960,
      "q" : "980.9",
      "p" : "0.08002",
      "s" : "sell",
      "i" : "HFT_USD",
      "m" : "4611686018430903602"
    }, {
      "d" : "1756443894806463485",
      "t" : 1756443894806,
      "tn" : 1756443894806463485,
      "q" : "14.5",
      "p" : "0.08006",
      "s" : "sell",
      "i" : "HFT_USD",
      "m" : "4611686018430903601"
    }, {
      "d" : "1756443823735053003",
      "t" : 1756443823735,
      "tn" : 1756443823735053003,
      "q" : "984.5",
      "p" : "0.08014",
      "s" : "sell",
      "i" : "HFT_USD",
      "m" : "4611686018430903600"
    }, {
      "d" : "1756443823735050977",
      "t" : 1756443823735,
      "tn" : 1756443823735050977,
      "q" : "14.5",
      "p" : "0.08016",
      "s" : "sell",
      "i" : "HFT_USD",
      "m" : "4611686018430903599"
    }, {
      "d" : "1756443549583729439",
      "t" : 1756443549583,
      "tn" : 1756443549583729439,
      "q" : "977.1",
      "p" : "0.08001",
      "s" : "buy",
      "i" : "HFT_USD",
      "m" : "4611686018430903598"
    }, {
      "d" : "1756443549583727894",
      "t" : 1756443549583,
      "tn" : 1756443549583727894,
      "q" : "14.5",
      "p" : "0.07997",
      "s" : "buy",
      "i" : "HFT_USD",
      "m" : "4611686018430903597"
    }, {
      "d" : "1756443498095315519",
      "t" : 1756443498095,
      "tn" : 1756443498095315519,
      "q" : "14.5",
      "p" : "0.08006",
      "s" : "sell",
      "i" : "HFT_USD",
      "m" : "4611686018430903596"
    }, {
      "d" : "1756443487373275665",
      "t" : 1756443487373,
      "tn" : 1756443487373275665,
      "q" : "14.5",
      "p" : "0.07997",
      "s" : "buy",
      "i" : "HFT_USD",
      "m" : "4611686018430903595"
    }, {
      "d" : "1756443398000160841",
      "t" : 1756443398000,
      "tn" : 1756443398000160841,
      "q" : "14.5",
      "p" : "0.08009",
      "s" : "buy",
      "i" : "HFT_USD",
      "m" : "4611686018430903594"
    }, {
      "d" : "1756443397999931755",
      "t" : 1756443397999,
      "tn" : 1756443397999931755,
      "q" : "966.6",
      "p" : "0.08009",
      "s" : "buy",
      "i" : "HFT_USD",
      "m" : "4611686018430903593"
    }, {
      "d" : "1756443397999929093",
      "t" : 1756443397999,
      "tn" : 1756443397999929093,
      "q" : "14.5",
      "p" : "0.08007",
      "s" : "buy",
      "i" : "HFT_USD",
      "m" : "4611686018430903592"
    }, {
      "d" : "1756442497565529669",
      "t" : 1756442497565,
      "tn" : 1756442497565529669,
      "q" : "987.9",
      "p" : "0.08061",
      "s" : "buy",
      "i" : "HFT_USD",
      "m" : "4611686018430903591"
    }, {
      "d" : "1756442297768538350",
      "t" : 1756442297768,
      "tn" : 1756442297768538350,
      "q" : "992.4",
      "p" : "0.08082",
      "s" : "sell",
      "i" : "HFT_USD",
      "m" : "4611686018430903590"
    }, {
      "d" : "1756441860221543569",
      "t" : 1756441860221,
      "tn" : 1756441860221543569,
      "q" : "965.1",
      "p" : "0.08091",
      "s" : "buy",
      "i" : "HFT_USD",
      "m" : "4611686018430903589"
    }, {
      "d" : "1756441798984248302",
      "t" : 1756441798984,
      "tn" : 1756441798984248302,
      "q" : "72.7",
      "p" : "0.08110",
      "s" : "sell",
      "i" : "HFT_USD",
      "m" : "4611686018430903588"
    }, {
      "d" : "1756441572214809161",
      "t" : 1756441572214,
      "tn" : 1756441572214809161,
      "q" : "14.5",
      "p" : "0.08088",
      "s" : "buy",
      "i" : "HFT_USD",
      "m" : "4611686018430903587"
    }, {
      "d" : "1756441327679320396",
      "t" : 1756441327679,
      "tn" : 1756441327679320396,
      "q" : "981.8",
      "p" : "0.08076",
      "s" : "sell",
      "i" : "HFT_USD",
      "m" : "4611686018430903586"
    }, {
      "d" : "1756441327679318757",
      "t" : 1756441327679,
      "tn" : 1756441327679318757,
      "q" : "14.5",
      "p" : "0.08077",
      "s" : "sell",
      "i" : "HFT_USD",
      "m" : "4611686018430903585"
    }, {
      "d" : "1756441216802268905",
      "t" : 1756441216802,
      "tn" : 1756441216802268905,
      "q" : "14.5",
      "p" : "0.08058",
      "s" : "buy",
      "i" : "HFT_USD",
      "m" : "4611686018430903584"
    }, {
      "d" : "1756441020471948390",
      "t" : 1756441020471,
      "tn" : 1756441020471948390,
      "q" : "197.0",
      "p" : "0.08060",
      "s" : "sell",
      "i" : "HFT_USD",
      "m" : "4611686018430903583"
    }, {
      "d" : "1756440964800592895",
      "t" : 1756440964800,
      "tn" : 1756440964800592895,
      "q" : "14.5",
      "p" : "0.08042",
      "s" : "buy",
      "i" : "HFT_USD",
      "m" : "4611686018430903582"
    }, {
      "d" : "1756440811801375654",
      "t" : 1756440811801,
      "tn" : 1756440811801375654,
      "q" : "14.5",
      "p" : "0.08048",
      "s" : "buy",
      "i" : "HFT_USD",
      "m" : "4611686018430903581"
    }, {
      "d" : "1756440406805850200",
      "t" : 1756440406805,
      "tn" : 1756440406805850200,
      "q" : "115.7",
      "p" : "0.08039",
      "s" : "buy",
      "i" : "HFT_USD",
      "m" : "4611686018430903580"
    }, {
      "d" : "1756440356000488194",
      "t" : 1756440356000,
      "tn" : 1756440356000488194,
      "q" : "919.3",
      "p" : "0.08053",
      "s" : "sell",
      "i" : "HFT_USD",
      "m" : "4611686018430903579"
    }, {
      "d" : "1756440356000470543",
      "t" : 1756440356000,
      "tn" : 1756440356000470542,
      "q" : "14.5",
      "p" : "0.08057",
      "s" : "sell",
      "i" : "HFT_USD",
      "m" : "4611686018430903578"
    }, {
      "d" : "1756440356000470542",
      "t" : 1756440356000,
      "tn" : 1756440356000470542,
      "q" : "52.7",
      "p" : "0.08057",
      "s" : "sell",
      "i" : "HFT_USD",
      "m" : "4611686018430903578"
    }, {
      "d" : "1756440251114488644",
      "t" : 1756440251114,
      "tn" : 1756440251114488644,
      "q" : "671.8",
      "p" : "0.08053",
      "s" : "sell",
      "i" : "HFT_USD",
      "m" : "4611686018430903577"
    }, {
      "d" : "1756440251114486824",
      "t" : 1756440251114,
      "tn" : 1756440251114486823,
      "q" : "14.2",
      "p" : "0.08057",
      "s" : "sell",
      "i" : "HFT_USD",
      "m" : "4611686018430903576"
    }, {
      "d" : "1756440251114486823",
      "t" : 1756440251114,
      "tn" : 1756440251114486823,
      "q" : "280.1",
      "p" : "0.08057",
      "s" : "sell",
      "i" : "HFT_USD",
      "m" : "4611686018430903576"
    }, {
      "d" : "1756440190990458022",
      "t" : 1756440190990,
      "tn" : 1756440190990458021,
      "q" : "14.5",
      "p" : "0.08052",
      "s" : "buy",
      "i" : "HFT_USD",
      "m" : "4611686018430903575"
    }, {
      "d" : "1756440190990458021",
      "t" : 1756440190990,
      "tn" : 1756440190990458021,
      "q" : "991.8",
      "p" : "0.08052",
      "s" : "buy",
      "i" : "HFT_USD",
      "m" : "4611686018430903575"
    }, {
      "d" : "1756440123177243958",
      "t" : 1756440123177,
      "tn" : 1756440123177243958,
      "q" : "14.5",
      "p" : "0.08048",
      "s" : "buy",
      "i" : "HFT_USD",
      "m" : "4611686018430903574"
    }, {
      "d" : "1756440089405500102",
      "t" : 1756440089405,
      "tn" : 1756440089405500102,
      "q" : "961.8",
      "p" : "0.08040",
      "s" : "buy",
      "i" : "HFT_USD",
      "m" : "4611686018430903573"
    }, {
      "d" : "1756440089405497693",
      "t" : 1756440089405,
      "tn" : 1756440089405497693,
      "q" : "14.5",
      "p" : "0.08038",
      "s" : "buy",
      "i" : "HFT_USD",
      "m" : "4611686018430903572"
    }, {
      "d" : "1756440085755711860",
      "t" : 1756440085755,
      "tn" : 1756440085755711860,
      "q" : "14.5",
      "p" : "0.08047",
      "s" : "sell",
      "i" : "HFT_USD",
      "m" : "4611686018430903571"
    }, {
      "d" : "1756440085489939342",
      "t" : 1756440085489,
      "tn" : 1756440085489939342,
      "q" : "14.5",
      "p" : "0.08047",
      "s" : "sell",
      "i" : "HFT_USD",
      "m" : "4611686018430903570"
    }, {
      "d" : "1756440084416049716",
      "t" : 1756440084416,
      "tn" : 1756440084416049716,
      "q" : "14.5",
      "p" : "0.08047",
      "s" : "sell",
      "i" : "HFT_USD",
      "m" : "4611686018430903569"
    }, {
      "d" : "1756440083867467510",
      "t" : 1756440083867,
      "tn" : 1756440083867467510,
      "q" : "14.5",
      "p" : "0.08047",
      "s" : "sell",
      "i" : "HFT_USD",
      "m" : "4611686018430903568"
    }, {
      "d" : "1756440083608867434",
      "t" : 1756440083608,
      "tn" : 1756440083608867434,
      "q" : "14.5",
      "p" : "0.08047",
      "s" : "sell",
      "i" : "HFT_USD",
      "m" : "4611686018430903567"
    }, {
      "d" : "1756440083358683494",
      "t" : 1756440083358,
      "tn" : 1756440083358683494,
      "q" : "14.5",
      "p" : "0.08047",
      "s" : "sell",
      "i" : "HFT_USD",
      "m" : "4611686018430903566"
    }, {
      "d" : "1756440030727936453",
      "t" : 1756440030727,
      "tn" : 1756440030727936452,
      "q" : "14.5",
      "p" : "0.08038",
      "s" : "buy",
      "i" : "HFT_USD",
      "m" : "4611686018430903565"
    }, {
      "d" : "1756440030727936452",
      "t" : 1756440030727,
      "tn" : 1756440030727936452,
      "q" : "951.1",
      "p" : "0.08038",
      "s" : "buy",
      "i" : "HFT_USD",
      "m" : "4611686018430903565"
    } ]
  }
}