{
  "id" : -1,
  "method" : "public/get-trades",
  "code" : 0,
  "result" : {
    "data" : [ {
      "d" : "1756457366221076990",
      "t" : 1756457366221,
      "tn" : 1756457366221076990,
      "q" : "653",
      "p" : "0.07652",
      "s" : "buy",
      "i" : "HFTUSD-PERP",
      "m" : "4611686018429385745"
    }, {
      "d" : "1756457366221074599",
      "t" : 1756457366221,
      "tn" : 1756457366221074599,
      "q" : "1",
      "p" : "0.07637",
      "s" : "buy",
      "i" : "HFTUSD-PERP",
      "m" : "4611686018429385744"
    }, {
      "d" : "1756436457883682232",
      "t" : 1756436457883,
      "tn" : 1756436457883682232,
      "q" : "1",
      "p" : "0.08010",
      "s" : "buy",
      "i" : "HFTUSD-PERP",
      "m" : "4611686018429385743"
    }, {
      "d" : "1756433980701404897",
      "t" : 1756433980701,
      "tn" : 1756433980701404897,
      "q" : "1",
      "p" : "0.08006",
      "s" : "sell",
      "i" : "HFTUSD-PERP",
      "m" : "4611686018429385742"
    }, {
      "d" : "1756433980697196158",
      "t" : 1756433980697,
      "tn" : 1756433980697196158,
      "q" : "1",
      "p" : "0.08015",
      "s" : "sell",
      "i" : "HFTUSD-PERP",
      "m" : "4611686018429385741"
    }, {
      "d" : "1756433439813755790",
      "t" : 1756433439813,
      "tn" : 1756433439813755790,
      "q" : "1",
      "p" : "0.07996",
      "s" : "buy",
      "i" : "HFTUSD-PERP",
      "m" : "4611686018429385740"
    }, {
      "d" : "1756432725193758734",
      "t" : 1756432725193,
      "tn" : 1756432725193758734,
      "q" : "1",
      "p" : "0.08009",
      "s" : "buy",
      "i" : "HFTUSD-PERP",
      "m" : "4611686018429385739"
    }, {
      "d" : "1756429572022026865",
      "t" : 1756429572022,
      "tn" : 1756429572022026865,
      "q" : "1237",
      "p" : "0.08080",
      "s" : "buy",
      "i" : "HFTUSD-PERP",
      "m" : "4611686018429385738"
    }, {
      "d" : "1756429572022025172",
      "t" : 1756429572022,
      "tn" : 1756429572022025172,
      "q" : "1",
      "p" : "0.08061",
      "s" : "buy",
      "i" : "HFTUSD-PERP",
      "m" : "4611686018429385737"
    }, {
      "d" : "1756429572022022948",
      "t" : 1756429572022,
      "tn" : 1756429572022022948,
      "q" : "1",
      "p" : "0.08057",
      "s" : "buy",
      "i" : "HFTUSD-PERP",
      "m" : "4611686018429385736"
    }, {
      "d" : "1756429522703663603",
      "t" : 1756429522703,
      "tn" : 1756429522703663603,
      "q" : "1",
      "p" : "0.08061",
      "s" : "buy",
      "i" : "HFTUSD-PERP",
      "m" : "4611686018429385735"
    }, {
      "d" : "1756411291227678839",
      "t" : 1756411291227,
      "tn" : 1756411291227678839,
      "q" : "1554",
      "p" : "0.07938",
      "s" : "buy",
      "i" : "HFTUSD-PERP",
      "m" : "4611686018429385734"
    }, {
      "d" : "1756411291227676944",
      "t" : 1756411291227,
      "tn" : 1756411291227676944,
      "q" : "1",
      "p" : "0.07926",
      "s" : "buy",
      "i" : "HFTUSD-PERP",
      "m" : "4611686018429385733"
    }, {
      "d" : "1756404388922577263",
      "t" : 1756404388922,
      "tn" : 1756404388922577263,
      "q" : "1245",
      "p" : "0.08031",
      "s" : "sell",
      "i" : "HFTUSD-PERP",
      "m" : "4611686018429385732"
    }, {
      "d" : "1756404388913045937",
      "t" : 1756404388913,
      "tn" : 1756404388913045937,
      "q" : "1244",
      "p" : "0.08034",
      "s" : "sell",
      "i" : "HFTUSD-PERP",
      "m" : "4611686018429385731"
    }, {
      "d" : "1756404388913044269",
      "t" : 1756404388913,
      "tn" : 1756404388913044269,
      "q" : "1",
      "p" : "0.08039",
      "s" : "sell",
      "i" : "HFTUSD-PERP",
      "m" : "4611686018429385730"
    }, {
      "d" : "1756404388913041931",
      "t" : 1756404388913,
      "tn" : 1756404388913041931,
      "q" : "1",
      "p" : "0.08044",
      "s" : "sell",
      "i" : "HFTUSD-PERP",
      "m" : "4611686018429385729"
    }, {
      "d" : "1756400076243671955",
      "t" : 1756400076243,
      "tn" : 1756400076243671955,
      "q" : "1",
      "p" : "0.08123",
      "s" : "buy",
      "i" : "HFTUSD-PERP",
      "m" : "4611686018429385728"
    }, {
      "d" : "1756400041863745757",
      "t" : 1756400041863,
      "tn" : 1756400041863745757,
      "q" : "1",
      "p" : "0.08131",
      "s" : "buy",
      "i" : "HFTUSD-PERP",
      "m" : "4611686018429385727"
    }, {
      "d" : "1756399967523879253",
      "t" : 1756399967523,
      "tn" : 1756399967523879253,
      "q" : "1",
      "p" : "0.08134",
      "s" : "buy",
      "i" : "HFTUSD-PERP",
      "m" : "4611686018429385726"
    }, {
      "d" : "1756399967013870989",
      "t" : 1756399967013,
      "tn" : 1756399967013870989,
      "q" : "1",
      "p" : "0.08134",
      "s" : "buy",
      "i" : "HFTUSD-PERP",
      "m" : "4611686018429385725"
    }, {
      "d" : "1756399516103948421",
      "t" : 1756399516103,
      "tn" : 1756399516103948421,
      "q" : "1",
      "p" : "0.08174",
      "s" : "buy",
      "i" : "HFTUSD-PERP",
      "m" : "4611686018429385724"
    }, {
      "d" : "1756394073663944779",
      "t" : 1756394073663,
      "tn" : 1756394073663944779,
      "q" : "1",
      "p" : "0.08187",
      "s" : "buy",
      "i" : "HFTUSD-PERP",
      "m" : "4611686018429385723"
    }, {
      "d" : "1756388472640674160",
      "t" : 1756388472640,
      "tn" : 1756388472640674160,
      "q" : "1",
      "p" : "0.08132",
      "s" : "sell",
      "i" : "HFTUSD-PERP",
      "m" : "4611686018429385722"
    }, {
      "d" : "1756388472640047508",
      "t" : 1756388472640,
      "tn" : 1756388472640047508,
      "q" : "1230",
      "p" : "0.08125",
      "s" : "sell",
      "i" : "HFTUSD-PERP",
      "m" : "4611686018429385721"
    }, {
      "d" : "1756388472640045122",
      "t" : 1756388472640,
      "tn" : 1756388472640045122,
      "q" : "1",
      "p" : "0.08134",
      "s" : "sell",
      "i" : "HFTUSD-PERP",
      "m" : "4611686018429385720"
    }, {
      "d" : "1756388472640042681",
      "t" : 1756388472640,
      "tn" : 1756388472640042681,
      "q" : "1",
      "p" : "0.08137",
      "s" : "sell",
      "i" : "HFTUSD-PERP",
      "m" : "4611686018429385719"
    } ]
  }
}