{
  "id" : -1,
  "method" : "public/get-trades",
  "code" : 0,
  "result" : {
    "data" : [ {
      "d" : "1756458157048241506",
      "t" : 1756458157048,
      "tn" : 1756458157048241506,
      "q" : "24.2",
      "p" : "0.5193",
      "s" : "sell",
      "i" : "HIGH_USD",
      "m" : "4611686018430029665"
    }, {
      "d" : "1756456621445486740",
      "t" : 1756456621445,
      "tn" : 1756456621445486740,
      "q" : "185.0",
      "p" : "0.5323",
      "s" : "sell",
      "i" : "HIGH_USD",
      "m" : "4611686018430029664"
    }, {
      "d" : "1756456621440662151",
      "t" : 1756456621440,
      "tn" : 1756456621440662151,
      "q" : "24.2",
      "p" : "0.5323",
      "s" : "buy",
      "i" : "HIGH_USD",
      "m" : "4611686018430029663"
    }, {
      "d" : "1756451572024450975",
      "t" : 1756451572024,
      "tn" : 1756451572024450975,
      "q" : "152.9",
      "p" : "0.5393",
      "s" : "buy",
      "i" : "HIGH_USD",
      "m" : "4611686018430029662"
    }, {
      "d" : "1756451572020009062",
      "t" : 1756451572020,
      "tn" : 1756451572020009062,
      "q" : "24.2",
      "p" : "0.5393",
      "s" : "sell",
      "i" : "HIGH_USD",
      "m" : "4611686018430029661"
    }, {
      "d" : "1756442991055186725",
      "t" : 1756442991055,
      "tn" : 1756442991055186725,
      "q" : "143.7",
      "p" : "0.5569",
      "s" : "sell",
      "i" : "HIGH_USD",
      "m" : "4611686018430029660"
    }, {
      "d" : "1756442990828619739",
      "t" : 1756442990828,
      "tn" : 1756442990828619739,
      "q" : "143.7",
      "p" : "0.5569",
      "s" : "sell",
      "i" : "HIGH_USD",
      "m" : "4611686018430029659"
    }, {
      "d" : "1756442988256605777",
      "t" : 1756442988256,
      "tn" : 1756442988256605777,
      "q" : "143.5",
      "p" : "0.5576",
      "s" : "sell",
      "i" : "HIGH_USD",
      "m" : "4611686018430029658"
    }, {
      "d" : "1756442550329909593",
      "t" : 1756442550329,
      "tn" : 1756442550329909593,
      "q" : "36.4",
      "p" : "0.5611",
      "s" : "buy",
      "i" : "HIGH_USD",
      "m" : "4611686018430029657"
    }, {
      "d" : "1756441121141046677",
      "t" : 1756441121141,
      "tn" : 1756441121141046677,
      "q" : "11.5",
      "p" : "0.5602",
      "s" : "buy",
      "i" : "HIGH_USD",
      "m" : "4611686018430029656"
    }, {
      "d" : "1756440253497812872",
      "t" : 1756440253497,
      "tn" : 1756440253497812872,
      "q" : "6.9",
      "p" : "0.5607",
      "s" : "buy",
      "i" : "HIGH_USD",
      "m" : "4611686018430029655"
    }, {
      "d" : "1756431087271381845",
      "t" : 1756431087271,
      "tn" : 1756431087271381845,
      "q" : "20.1",
      "p" : "0.5581",
      "s" : "buy",
      "i" : "HIGH_USD",
      "m" : "4611686018430029654"
    }, {
      "d" : "1756422748529739453",
      "t" : 1756422748529,
      "tn" : 1756422748529739453,
      "q" : "561.8",
      "p" : "0.5619",
      "s" : "sell",
      "i" : "HIGH_USD",
      "m" : "4611686018430029653"
    }, {
      "d" : "1756422748523617144",
      "t" : 1756422748523,
      "tn" : 1756422748523617143,
      "q" : "200.0",
      "p" : "0.5619",
      "s" : "buy",
      "i" : "HIGH_USD",
      "m" : "4611686018430029652"
    }, {
      "d" : "1756422748523617143",
      "t" : 1756422748523,
      "tn" : 1756422748523617143,
      "q" : "24.2",
      "p" : "0.5619",
      "s" : "buy",
      "i" : "HIGH_USD",
      "m" : "4611686018430029652"
    }, {
      "d" : "1756413733433147456",
      "t" : 1756413733433,
      "tn" : 1756413733433147456,
      "q" : "325.3",
      "p" : "0.5492",
      "s" : "buy",
      "i" : "HIGH_USD",
      "m" : "4611686018430029651"
    }, {
      "d" : "1756413733425235112",
      "t" : 1756413733425,
      "tn" : 1756413733425235111,
      "q" : "182.0",
      "p" : "0.5492",
      "s" : "sell",
      "i" : "HIGH_USD",
      "m" : "4611686018430029650"
    }, {
      "d" : "1756413733425235111",
      "t" : 1756413733425,
      "tn" : 1756413733425235111,
      "q" : "24.2",
      "p" : "0.5492",
      "s" : "sell",
      "i" : "HIGH_USD",
      "m" : "4611686018430029650"
    }, {
      "d" : "1756408403590956110",
      "t" : 1756408403590,
      "tn" : 1756408403590956110,
      "q" : "5.0",
      "p" : "0.5548",
      "s" : "sell",
      "i" : "HIGH_USD",
      "m" : "4611686018430029649"
    }, {
      "d" : "1756407009935805647",
      "t" : 1756407009935,
      "tn" : 1756407009935805647,
      "q" : "50.0",
      "p" : "0.5620",
      "s" : "buy",
      "i" : "HIGH_USD",
      "m" : "4611686018430029648"
    }, {
      "d" : "1756406936845885243",
      "t" : 1756406936845,
      "tn" : 1756406936845885243,
      "q" : "5.9",
      "p" : "0.5624",
      "s" : "buy",
      "i" : "HIGH_USD",
      "m" : "4611686018430029647"
    }, {
      "d" : "1756406925246490814",
      "t" : 1756406925246,
      "tn" : 1756406925246490814,
      "q" : "15.3",
      "p" : "0.5626",
      "s" : "buy",
      "i" : "HIGH_USD",
      "m" : "4611686018430029646"
    }, {
      "d" : "1756406656956266516",
      "t" : 1756406656956,
      "tn" : 1756406656956266516,
      "q" : "13.0",
      "p" : "0.5556",
      "s" : "sell",
      "i" : "HIGH_USD",
      "m" : "4611686018430029645"
    }, {
      "d" : "1756403137483590929",
      "t" : 1756403137483,
      "tn" : 1756403137483590929,
      "q" : "48.2",
      "p" : "0.5615",
      "s" : "buy",
      "i" : "HIGH_USD",
      "m" : "4611686018430029644"
    }, {
      "d" : "1756400851666891509",
      "t" : 1756400851666,
      "tn" : 1756400851666891508,
      "q" : "141.4",
      "p" : "0.5554",
      "s" : "buy",
      "i" : "HIGH_USD",
      "m" : "4611686018430029643"
    }, {
      "d" : "1756400851666891508",
      "t" : 1756400851666,
      "tn" : 1756400851666891508,
      "q" : "18.3",
      "p" : "0.5554",
      "s" : "buy",
      "i" : "HIGH_USD",
      "m" : "4611686018430029643"
    }, {
      "d" : "1756394779331036072",
      "t" : 1756394779331,
      "tn" : 1756394779331036072,
      "q" : "18.3",
      "p" : "0.5615",
      "s" : "sell",
      "i" : "HIGH_USD",
      "m" : "4611686018430029642"
    }, {
      "d" : "1756392900496654290",
      "t" : 1756392900496,
      "tn" : 1756392900496654290,
      "q" : "516.8",
      "p" : "0.5674",
      "s" : "sell",
      "i" : "HIGH_USD",
      "m" : "4611686018430029641"
    }, {
      "d" : "1756392900489364879",
      "t" : 1756392900489,
      "tn" : 1756392900489364878,
      "q" : "47.1",
      "p" : "0.5674",
      "s" : "buy",
      "i" : "HIGH_USD",
      "m" : "4611686018430029640"
    }, {
      "d" : "1756392900489364878",
      "t" : 1756392900489,
      "tn" : 1756392900489364878,
      "q" : "12.8",
      "p" : "0.5674",
      "s" : "buy",
      "i" : "HIGH_USD",
      "m" : "4611686018430029640"
    }, {
      "d" : "1756392657477187078",
      "t" : 1756392657477,
      "tn" : 1756392657477187078,
      "q" : "11.4",
      "p" : "0.5669",
      "s" : "buy",
      "i" : "HIGH_USD",
      "m" : "4611686018430029639"
    }, {
      "d" : "1756391201150334044",
      "t" : 1756391201150,
      "tn" : 1756391201150334043,
      "q" : "34.4",
      "p" : "0.5583",
      "s" : "sell",
      "i" : "HIGH_USD",
      "m" : "4611686018430029638"
    }, {
      "d" : "1756391201150334043",
      "t" : 1756391201150,
      "tn" : 1756391201150334043,
      "q" : "9.8",
      "p" : "0.5583",
      "s" : "sell",
      "i" : "HIGH_USD",
      "m" : "4611686018430029638"
    }, {
      "d" : "1756390842061170199",
      "t" : 1756390842061,
      "tn" : 1756390842061170199,
      "q" : "9.8",
      "p" : "0.5666",
      "s" : "buy",
      "i" : "HIGH_USD",
      "m" : "4611686018430029637"
    }, {
      "d" : "1756390257986606110",
      "t" : 1756390257986,
      "tn" : 1756390257986606109,
      "q" : "12.7",
      "p" : "0.5603",
      "s" : "sell",
      "i" : "HIGH_USD",
      "m" : "4611686018430029636"
    }, {
      "d" : "1756390257986606109",
      "t" : 1756390257986,
      "tn" : 1756390257986606109,
      "q" : "23.0",
      "p" : "0.5603",
      "s" : "sell",
      "i" : "HIGH_USD",
      "m" : "4611686018430029636"
    }, {
      "d" : "1756387767610308153",
      "t" : 1756387767610,
      "tn" : 1756387767610308153,
      "q" : "6.4",
      "p" : "0.5632",
      "s" : "buy",
      "i" : "HIGH_USD",
      "m" : "4611686018430029635"
    }, {
      "d" : "1756387460492917525",
      "t" : 1756387460492,
      "tn" : 1756387460492917525,
      "q" : "12.8",
      "p" : "0.5633",
      "s" : "buy",
      "i" : "HIGH_USD",
      "m" : "4611686018430029634"
    }, {
      "d" : "1756386790662267083",
      "t" : 1756386790662,
      "tn" : 1756386790662267083,
      "q" : "14.0",
      "p" : "0.5567",
      "s" : "sell",
      "i" : "HIGH_USD",
      "m" : "4611686018430029633"
    }, {
      "d" : "1756375941485767781",
      "t" : 1756375941485,
      "tn" : 1756375941485767781,
      "q" : "55.0",
      "p" : "0.5613",
      "s" : "buy",
      "i" : "HIGH_USD",
      "m" : "4611686018430029632"
    }, {
      "d" : "1756375407428427307",
      "t" : 1756375407428,
      "tn" : 1756375407428427307,
      "q" : "13.2",
      "p" : "0.5617",
      "s" : "buy",
      "i" : "HIGH_USD",
      "m" : "4611686018430029631"
    }, {
      "d" : "1756375374270873022",
      "t" : 1756375374270,
      "tn" : 1756375374270873022,
      "q" : "13.3",
      "p" : "0.5601",
      "s" : "buy",
      "i" : "HIGH_USD",
      "m" : "4611686018430029630"
    }, {
      "d" : "1756375343569742689",
      "t" : 1756375343569,
      "tn" : 1756375343569742689,
      "q" : "13.3",
      "p" : "0.5606",
      "s" : "buy",
      "i" : "HIGH_USD",
      "m" : "4611686018430029629"
    } ]
  }
}