{
  "id" : -1,
  "method" : "public/get-trades",
  "code" : 0,
  "result" : {
    "data" : [ {
      "d" : "1756458674749133827",
      "t" : 1756458674749,
      "tn" : 1756458674749133827,
      "q" : "58060",
      "p" : "0.000689",
      "s" : "sell",
      "i" : "HMSTR_USD",
      "m" : "4611686018427607093"
    }, {
      "d" : "1756458674685797857",
      "t" : 1756458674685,
      "tn" : 1756458674685797857,
      "q" : "14720",
      "p" : "0.000689",
      "s" : "sell",
      "i" : "HMSTR_USD",
      "m" : "4611686018427607092"
    }, {
      "d" : "1756458674682984713",
      "t" : 1756458674682,
      "tn" : 1756458674682984713,
      "q" : "14720",
      "p" : "0.000689",
      "s" : "sell",
      "i" : "HMSTR_USD",
      "m" : "4611686018427607091"
    }, {
      "d" : "1756458674682436086",
      "t" : 1756458674682,
      "tn" : 1756458674682436086,
      "q" : "58060",
      "p" : "0.000689",
      "s" : "sell",
      "i" : "HMSTR_USD",
      "m" : "4611686018427607090"
    }, {
      "d" : "1756458669757453872",
      "t" : 1756458669757,
      "tn" : 1756458669757453872,
      "q" : "72780",
      "p" : "0.000689",
      "s" : "sell",
      "i" : "HMSTR_USD",
      "m" : "4611686018427607089"
    }, {
      "d" : "1756458669637247599",
      "t" : 1756458669637,
      "tn" : 1756458669637247599,
      "q" : "72780",
      "p" : "0.000689",
      "s" : "sell",
      "i" : "HMSTR_USD",
      "m" : "4611686018427607088"
    }, {
      "d" : "1756458669622406000",
      "t" : 1756458669622,
      "tn" : 1756458669622406000,
      "q" : "72780",
      "p" : "0.000689",
      "s" : "sell",
      "i" : "HMSTR_USD",
      "m" : "4611686018427607087"
    }, {
      "d" : "1756458669612250265",
      "t" : 1756458669612,
      "tn" : 1756458669612250265,
      "q" : "72780",
      "p" : "0.000689",
      "s" : "sell",
      "i" : "HMSTR_USD",
      "m" : "4611686018427607086"
    }, {
      "d" : "1756458669602246588",
      "t" : 1756458669602,
      "tn" : 1756458669602246588,
      "q" : "72780",
      "p" : "0.000689",
      "s" : "sell",
      "i" : "HMSTR_USD",
      "m" : "4611686018427607085"
    }, {
      "d" : "1756458669592237743",
      "t" : 1756458669592,
      "tn" : 1756458669592237743,
      "q" : "14720",
      "p" : "0.000689",
      "s" : "sell",
      "i" : "HMSTR_USD",
      "m" : "4611686018427607084"
    }, {
      "d" : "1756458669591821274",
      "t" : 1756458669591,
      "tn" : 1756458669591821274,
      "q" : "58060",
      "p" : "0.000689",
      "s" : "sell",
      "i" : "HMSTR_USD",
      "m" : "4611686018427607083"
    }, {
      "d" : "1756458668107659795",
      "t" : 1756458668107,
      "tn" : 1756458668107659795,
      "q" : "72780",
      "p" : "0.000689",
      "s" : "sell",
      "i" : "HMSTR_USD",
      "m" : "4611686018427607082"
    }, {
      "d" : "1756458668077627292",
      "t" : 1756458668077,
      "tn" : 1756458668077627292,
      "q" : "72780",
      "p" : "0.000689",
      "s" : "sell",
      "i" : "HMSTR_USD",
      "m" : "4611686018427607081"
    }, {
      "d" : "1756458667847344330",
      "t" : 1756458667847,
      "tn" : 1756458667847344330,
      "q" : "72780",
      "p" : "0.000689",
      "s" : "sell",
      "i" : "HMSTR_USD",
      "m" : "4611686018427607080"
    }, {
      "d" : "1756458667385444050",
      "t" : 1756458667385,
      "tn" : 1756458667385444050,
      "q" : "72780",
      "p" : "0.000689",
      "s" : "sell",
      "i" : "HMSTR_USD",
      "m" : "4611686018427607079"
    }, {
      "d" : "1756458667200322116",
      "t" : 1756458667200,
      "tn" : 1756458667200322116,
      "q" : "72780",
      "p" : "0.000689",
      "s" : "sell",
      "i" : "HMSTR_USD",
      "m" : "4611686018427607078"
    }, {
      "d" : "1756458667195296517",
      "t" : 1756458667195,
      "tn" : 1756458667195296517,
      "q" : "14720",
      "p" : "0.000689",
      "s" : "sell",
      "i" : "HMSTR_USD",
      "m" : "4611686018427607077"
    }, {
      "d" : "1756458667192518880",
      "t" : 1756458667192,
      "tn" : 1756458667192518880,
      "q" : "58060",
      "p" : "0.000689",
      "s" : "sell",
      "i" : "HMSTR_USD",
      "m" : "4611686018427607076"
    }, {
      "d" : "1756458667185211157",
      "t" : 1756458667185,
      "tn" : 1756458667185211157,
      "q" : "72780",
      "p" : "0.000689",
      "s" : "sell",
      "i" : "HMSTR_USD",
      "m" : "4611686018427607075"
    }, {
      "d" : "1756458542765784536",
      "t" : 1756458542765,
      "tn" : 1756458542765784536,
      "q" : "72780",
      "p" : "0.000689",
      "s" : "sell",
      "i" : "HMSTR_USD",
      "m" : "4611686018427607074"
    }, {
      "d" : "1756458542725711581",
      "t" : 1756458542725,
      "tn" : 1756458542725711581,
      "q" : "72780",
      "p" : "0.000689",
      "s" : "sell",
      "i" : "HMSTR_USD",
      "m" : "4611686018427607073"
    }, {
      "d" : "1756458542715692599",
      "t" : 1756458542715,
      "tn" : 1756458542715692599,
      "q" : "72780",
      "p" : "0.000689",
      "s" : "sell",
      "i" : "HMSTR_USD",
      "m" : "4611686018427607072"
    }, {
      "d" : "1756458542705684980",
      "t" : 1756458542705,
      "tn" : 1756458542705684980,
      "q" : "72780",
      "p" : "0.000689",
      "s" : "sell",
      "i" : "HMSTR_USD",
      "m" : "4611686018427607071"
    }, {
      "d" : "1756458542434237951",
      "t" : 1756458542434,
      "tn" : 1756458542434237951,
      "q" : "72780",
      "p" : "0.000689",
      "s" : "sell",
      "i" : "HMSTR_USD",
      "m" : "4611686018427607070"
    }, {
      "d" : "1756458542334154351",
      "t" : 1756458542334,
      "tn" : 1756458542334154351,
      "q" : "72780",
      "p" : "0.000689",
      "s" : "sell",
      "i" : "HMSTR_USD",
      "m" : "4611686018427607069"
    }, {
      "d" : "1756458542294102062",
      "t" : 1756458542294,
      "tn" : 1756458542294102062,
      "q" : "72780",
      "p" : "0.000689",
      "s" : "sell",
      "i" : "HMSTR_USD",
      "m" : "4611686018427607068"
    }, {
      "d" : "1756458542083600354",
      "t" : 1756458542083,
      "tn" : 1756458542083600354,
      "q" : "14720",
      "p" : "0.000689",
      "s" : "sell",
      "i" : "HMSTR_USD",
      "m" : "4611686018427607067"
    }, {
      "d" : "1756458542077761574",
      "t" : 1756458542077,
      "tn" : 1756458542077761574,
      "q" : "58060",
      "p" : "0.000689",
      "s" : "sell",
      "i" : "HMSTR_USD",
      "m" : "4611686018427607066"
    }, {
      "d" : "1756458542073534544",
      "t" : 1756458542073,
      "tn" : 1756458542073534544,
      "q" : "72780",
      "p" : "0.000689",
      "s" : "sell",
      "i" : "HMSTR_USD",
      "m" : "4611686018427607065"
    }, {
      "d" : "1756458215878325737",
      "t" : 1756458215878,
      "tn" : 1756458215878325737,
      "q" : "72780",
      "p" : "0.000687",
      "s" : "sell",
      "i" : "HMSTR_USD",
      "m" : "4611686018427607064"
    }, {
      "d" : "1756458215366440910",
      "t" : 1756458215366,
      "tn" : 1756458215366440910,
      "q" : "72780",
      "p" : "0.000687",
      "s" : "sell",
      "i" : "HMSTR_USD",
      "m" : "4611686018427607063"
    }, {
      "d" : "1756458210663006596",
      "t" : 1756458210663,
      "tn" : 1756458210663006596,
      "q" : "72780",
      "p" : "0.000687",
      "s" : "sell",
      "i" : "HMSTR_USD",
      "m" : "4611686018427607062"
    }, {
      "d" : "1756458208994416030",
      "t" : 1756458208994,
      "tn" : 1756458208994416030,
      "q" : "72780",
      "p" : "0.000687",
      "s" : "sell",
      "i" : "HMSTR_USD",
      "m" : "4611686018427607061"
    }, {
      "d" : "1756458208984433954",
      "t" : 1756458208984,
      "tn" : 1756458208984433954,
      "q" : "72780",
      "p" : "0.000687",
      "s" : "sell",
      "i" : "HMSTR_USD",
      "m" : "4611686018427607060"
    }, {
      "d" : "1756458208944350829",
      "t" : 1756458208944,
      "tn" : 1756458208944350829,
      "q" : "72780",
      "p" : "0.000687",
      "s" : "sell",
      "i" : "HMSTR_USD",
      "m" : "4611686018427607059"
    }, {
      "d" : "1756458208894226041",
      "t" : 1756458208894,
      "tn" : 1756458208894226041,
      "q" : "72780",
      "p" : "0.000687",
      "s" : "sell",
      "i" : "HMSTR_USD",
      "m" : "4611686018427607058"
    }, {
      "d" : "1756458208864217411",
      "t" : 1756458208864,
      "tn" : 1756458208864217411,
      "q" : "72780",
      "p" : "0.000687",
      "s" : "sell",
      "i" : "HMSTR_USD",
      "m" : "4611686018427607057"
    }, {
      "d" : "1756458208849502275",
      "t" : 1756458208849,
      "tn" : 1756458208849502275,
      "q" : "72780",
      "p" : "0.000687",
      "s" : "sell",
      "i" : "HMSTR_USD",
      "m" : "4611686018427607056"
    }, {
      "d" : "1756458208819054605",
      "t" : 1756458208819,
      "tn" : 1756458208819054605,
      "q" : "72780",
      "p" : "0.000687",
      "s" : "sell",
      "i" : "HMSTR_USD",
      "m" : "4611686018427607055"
    }, {
      "d" : "1756458208788950751",
      "t" : 1756458208788,
      "tn" : 1756458208788950751,
      "q" : "72780",
      "p" : "0.000687",
      "s" : "sell",
      "i" : "HMSTR_USD",
      "m" : "4611686018427607054"
    }, {
      "d" : "1756458188783432314",
      "t" : 1756458188783,
      "tn" : 1756458188783432314,
      "q" : "72780",
      "p" : "0.000685",
      "s" : "sell",
      "i" : "HMSTR_USD",
      "m" : "4611686018427607053"
    }, {
      "d" : "1756458188703411753",
      "t" : 1756458188703,
      "tn" : 1756458188703411753,
      "q" : "72780",
      "p" : "0.000685",
      "s" : "sell",
      "i" : "HMSTR_USD",
      "m" : "4611686018427607052"
    }, {
      "d" : "1756458176222019298",
      "t" : 1756458176222,
      "tn" : 1756458176222019298,
      "q" : "72780",
      "p" : "0.000685",
      "s" : "sell",
      "i" : "HMSTR_USD",
      "m" : "4611686018427607051"
    }, {
      "d" : "1756457887309363519",
      "t" : 1756457887309,
      "tn" : 1756457887309363519,
      "q" : "68920",
      "p" : "0.000694",
      "s" : "sell",
      "i" : "HMSTR_USD",
      "m" : "4611686018427607050"
    }, {
      "d" : "1756457159459818880",
      "t" : 1756457159459,
      "tn" : 1756457159459818880,
      "q" : "68920",
      "p" : "0.000695",
      "s" : "buy",
      "i" : "HMSTR_USD",
      "m" : "4611686018427607049"
    }, {
      "d" : "1756457159424845108",
      "t" : 1756457159424,
      "tn" : 1756457159424845108,
      "q" : "68920",
      "p" : "0.000695",
      "s" : "buy",
      "i" : "HMSTR_USD",
      "m" : "4611686018427607048"
    }, {
      "d" : "1756457158136874658",
      "t" : 1756457158136,
      "tn" : 1756457158136874658,
      "q" : "68920",
      "p" : "0.000695",
      "s" : "buy",
      "i" : "HMSTR_USD",
      "m" : "4611686018427607047"
    }, {
      "d" : "1756457157399777204",
      "t" : 1756457157399,
      "tn" : 1756457157399777204,
      "q" : "68920",
      "p" : "0.000695",
      "s" : "buy",
      "i" : "HMSTR_USD",
      "m" : "4611686018427607046"
    }, {
      "d" : "1756457157004213609",
      "t" : 1756457157004,
      "tn" : 1756457157004213609,
      "q" : "68920",
      "p" : "0.000695",
      "s" : "buy",
      "i" : "HMSTR_USD",
      "m" : "4611686018427607045"
    }, {
      "d" : "1756457132531001421",
      "t" : 1756457132531,
      "tn" : 1756457132531001421,
      "q" : "68920",
      "p" : "0.000695",
      "s" : "buy",
      "i" : "HMSTR_USD",
      "m" : "4611686018427607044"
    }, {
      "d" : "1756457132522155978",
      "t" : 1756457132522,
      "tn" : 1756457132522155978,
      "q" : "68920",
      "p" : "0.000695",
      "s" : "buy",
      "i" : "HMSTR_USD",
      "m" : "4611686018427607043"
    }, {
      "d" : "1756457003205182142",
      "t" : 1756457003205,
      "tn" : 1756457003205182142,
      "q" : "44940",
      "p" : "0.000695",
      "s" : "buy",
      "i" : "HMSTR_USD",
      "m" : "4611686018427607042"
    }, {
      "d" : "1756457000026499761",
      "t" : 1756457000026,
      "tn" : 1756457000026499761,
      "q" : "68920",
      "p" : "0.000695",
      "s" : "buy",
      "i" : "HMSTR_USD",
      "m" : "4611686018427607041"
    }, {
      "d" : "1756456996766570823",
      "t" : 1756456996766,
      "tn" : 1756456996766570823,
      "q" : "68920",
      "p" : "0.000695",
      "s" : "buy",
      "i" : "HMSTR_USD",
      "m" : "4611686018427607040"
    }, {
      "d" : "1756455374111940785",
      "t" : 1756455374111,
      "tn" : 1756455374111940785,
      "q" : "57470",
      "p" : "0.000696",
      "s" : "buy",
      "i" : "HMSTR_USD",
      "m" : "4611686018427607039"
    }, {
      "d" : "1756455370985677155",
      "t" : 1756455370985,
      "tn" : 1756455370985677155,
      "q" : "68920",
      "p" : "0.000696",
      "s" : "buy",
      "i" : "HMSTR_USD",
      "m" : "4611686018427607038"
    }, {
      "d" : "1756455370970659678",
      "t" : 1756455370970,
      "tn" : 1756455370970659678,
      "q" : "11450",
      "p" : "0.000696",
      "s" : "buy",
      "i" : "HMSTR_USD",
      "m" : "4611686018427607037"
    }, {
      "d" : "1756455370963591237",
      "t" : 1756455370963,
      "tn" : 1756455370963591237,
      "q" : "57470",
      "p" : "0.000696",
      "s" : "buy",
      "i" : "HMSTR_USD",
      "m" : "4611686018427607036"
    }, {
      "d" : "1756455370960611741",
      "t" : 1756455370960,
      "tn" : 1756455370960611741,
      "q" : "68920",
      "p" : "0.000696",
      "s" : "buy",
      "i" : "HMSTR_USD",
      "m" : "4611686018427607035"
    }, {
      "d" : "1756455370955645035",
      "t" : 1756455370955,
      "tn" : 1756455370955645035,
      "q" : "11450",
      "p" : "0.000696",
      "s" : "buy",
      "i" : "HMSTR_USD",
      "m" : "4611686018427607034"
    }, {
      "d" : "1756455370949244328",
      "t" : 1756455370949,
      "tn" : 1756455370949244328,
      "q" : "57470",
      "p" : "0.000696",
      "s" : "buy",
      "i" : "HMSTR_USD",
      "m" : "4611686018427607033"
    }, {
      "d" : "1756455370908944864",
      "t" : 1756455370908,
      "tn" : 1756455370908944864,
      "q" : "11450",
      "p" : "0.000696",
      "s" : "buy",
      "i" : "HMSTR_USD",
      "m" : "4611686018427607032"
    }, {
      "d" : "1756455370908927244",
      "t" : 1756455370908,
      "tn" : 1756455370908927244,
      "q" : "57470",
      "p" : "0.000696",
      "s" : "buy",
      "i" : "HMSTR_USD",
      "m" : "4611686018427607031"
    }, {
      "d" : "1756455370905555388",
      "t" : 1756455370905,
      "tn" : 1756455370905555388,
      "q" : "68920",
      "p" : "0.000696",
      "s" : "buy",
      "i" : "HMSTR_USD",
      "m" : "4611686018427607030"
    }, {
      "d" : "1756455370900560961",
      "t" : 1756455370900,
      "tn" : 1756455370900560961,
      "q" : "25820",
      "p" : "0.000696",
      "s" : "buy",
      "i" : "HMSTR_USD",
      "m" : "4611686018427607029"
    }, {
      "d" : "1756455370893442438",
      "t" : 1756455370893,
      "tn" : 1756455370893442438,
      "q" : "43100",
      "p" : "0.000696",
      "s" : "buy",
      "i" : "HMSTR_USD",
      "m" : "4611686018427607028"
    }, {
      "d" : "1756455370890527127",
      "t" : 1756455370890,
      "tn" : 1756455370890527127,
      "q" : "25820",
      "p" : "0.000696",
      "s" : "buy",
      "i" : "HMSTR_USD",
      "m" : "4611686018427607027"
    }, {
      "d" : "1756455370887652676",
      "t" : 1756455370887,
      "tn" : 1756455370887652676,
      "q" : "43100",
      "p" : "0.000696",
      "s" : "buy",
      "i" : "HMSTR_USD",
      "m" : "4611686018427607026"
    }, {
      "d" : "1756455370885585178",
      "t" : 1756455370885,
      "tn" : 1756455370885585178,
      "q" : "57470",
      "p" : "0.000696",
      "s" : "buy",
      "i" : "HMSTR_USD",
      "m" : "4611686018427607025"
    }, {
      "d" : "1756455370880467045",
      "t" : 1756455370880,
      "tn" : 1756455370880467045,
      "q" : "11450",
      "p" : "0.000696",
      "s" : "buy",
      "i" : "HMSTR_USD",
      "m" : "4611686018427607024"
    }, {
      "d" : "1756455370877686961",
      "t" : 1756455370877,
      "tn" : 1756455370877686961,
      "q" : "11450",
      "p" : "0.000696",
      "s" : "buy",
      "i" : "HMSTR_USD",
      "m" : "4611686018427607023"
    }, {
      "d" : "1756455370877586458",
      "t" : 1756455370877,
      "tn" : 1756455370877586458,
      "q" : "57470",
      "p" : "0.000696",
      "s" : "buy",
      "i" : "HMSTR_USD",
      "m" : "4611686018427607022"
    }, {
      "d" : "1756455370870416331",
      "t" : 1756455370870,
      "tn" : 1756455370870416331,
      "q" : "68920",
      "p" : "0.000696",
      "s" : "buy",
      "i" : "HMSTR_USD",
      "m" : "4611686018427607021"
    }, {
      "d" : "1756455370865395415",
      "t" : 1756455370865,
      "tn" : 1756455370865395415,
      "q" : "11450",
      "p" : "0.000696",
      "s" : "buy",
      "i" : "HMSTR_USD",
      "m" : "4611686018427607020"
    }, {
      "d" : "1756455370860940904",
      "t" : 1756455370860,
      "tn" : 1756455370860940904,
      "q" : "57470",
      "p" : "0.000696",
      "s" : "buy",
      "i" : "HMSTR_USD",
      "m" : "4611686018427607019"
    }, {
      "d" : "1756455370857536341",
      "t" : 1756455370857,
      "tn" : 1756455370857536341,
      "q" : "11450",
      "p" : "0.000696",
      "s" : "buy",
      "i" : "HMSTR_USD",
      "m" : "4611686018427607018"
    }, {
      "d" : "1756455370857511694",
      "t" : 1756455370857,
      "tn" : 1756455370857511694,
      "q" : "57470",
      "p" : "0.000696",
      "s" : "buy",
      "i" : "HMSTR_USD",
      "m" : "4611686018427607017"
    }, {
      "d" : "1756455370850397226",
      "t" : 1756455370850,
      "tn" : 1756455370850397226,
      "q" : "68920",
      "p" : "0.000696",
      "s" : "buy",
      "i" : "HMSTR_USD",
      "m" : "4611686018427607016"
    }, {
      "d" : "1756455370842358829",
      "t" : 1756455370842,
      "tn" : 1756455370842358829,
      "q" : "68920",
      "p" : "0.000696",
      "s" : "buy",
      "i" : "HMSTR_USD",
      "m" : "4611686018427607015"
    }, {
      "d" : "1756454715801087975",
      "t" : 1756454715801,
      "tn" : 1756454715801087975,
      "q" : "145000",
      "p" : "0.000700",
      "s" : "sell",
      "i" : "HMSTR_USD",
      "m" : "4611686018427607014"
    }, {
      "d" : "1756453384278201155",
      "t" : 1756453384278,
      "tn" : 1756453384278201155,
      "q" : "56900",
      "p" : "0.000703",
      "s" : "buy",
      "i" : "HMSTR_USD",
      "m" : "4611686018427607013"
    }, {
      "d" : "1756453269439201330",
      "t" : 1756453269439,
      "tn" : 1756453269439201330,
      "q" : "56900",
      "p" : "0.000703",
      "s" : "buy",
      "i" : "HMSTR_USD",
      "m" : "4611686018427607012"
    }, {
      "d" : "1756453268004757559",
      "t" : 1756453268004,
      "tn" : 1756453268004757559,
      "q" : "68920",
      "p" : "0.000703",
      "s" : "buy",
      "i" : "HMSTR_USD",
      "m" : "4611686018427607011"
    }, {
      "d" : "1756453267387713103",
      "t" : 1756453267387,
      "tn" : 1756453267387713103,
      "q" : "68920",
      "p" : "0.000703",
      "s" : "buy",
      "i" : "HMSTR_USD",
      "m" : "4611686018427607010"
    }, {
      "d" : "1756451554769573788",
      "t" : 1756451554769,
      "tn" : 1756451554769573788,
      "q" : "68920",
      "p" : "0.000710",
      "s" : "sell",
      "i" : "HMSTR_USD",
      "m" : "4611686018427607009"
    }, {
      "d" : "1756451554764601030",
      "t" : 1756451554764,
      "tn" : 1756451554764601030,
      "q" : "12580",
      "p" : "0.000710",
      "s" : "sell",
      "i" : "HMSTR_USD",
      "m" : "4611686018427607008"
    }, {
      "d" : "1756451554762938448",
      "t" : 1756451554762,
      "tn" : 1756451554762938448,
      "q" : "56340",
      "p" : "0.000710",
      "s" : "sell",
      "i" : "HMSTR_USD",
      "m" : "4611686018427607007"
    }, {
      "d" : "1756451554754620266",
      "t" : 1756451554754,
      "tn" : 1756451554754620266,
      "q" : "68920",
      "p" : "0.000710",
      "s" : "sell",
      "i" : "HMSTR_USD",
      "m" : "4611686018427607006"
    }, {
      "d" : "1756451554558442302",
      "t" : 1756451554558,
      "tn" : 1756451554558442302,
      "q" : "12580",
      "p" : "0.000710",
      "s" : "sell",
      "i" : "HMSTR_USD",
      "m" : "4611686018427607005"
    }, {
      "d" : "1756451554549138666",
      "t" : 1756451554549,
      "tn" : 1756451554549138666,
      "q" : "56340",
      "p" : "0.000710",
      "s" : "sell",
      "i" : "HMSTR_USD",
      "m" : "4611686018427607004"
    }, {
      "d" : "1756451554473149008",
      "t" : 1756451554473,
      "tn" : 1756451554473149008,
      "q" : "12580",
      "p" : "0.000710",
      "s" : "sell",
      "i" : "HMSTR_USD",
      "m" : "4611686018427607003"
    }, {
      "d" : "1756451554472097822",
      "t" : 1756451554472,
      "tn" : 1756451554472097822,
      "q" : "56340",
      "p" : "0.000710",
      "s" : "sell",
      "i" : "HMSTR_USD",
      "m" : "4611686018427607002"
    }, {
      "d" : "1756451554463225695",
      "t" : 1756451554463,
      "tn" : 1756451554463225695,
      "q" : "12580",
      "p" : "0.000710",
      "s" : "sell",
      "i" : "HMSTR_USD",
      "m" : "4611686018427607001"
    }, {
      "d" : "1756451554454412851",
      "t" : 1756451554454,
      "tn" : 1756451554454412851,
      "q" : "56340",
      "p" : "0.000710",
      "s" : "sell",
      "i" : "HMSTR_USD",
      "m" : "4611686018427607000"
    }, {
      "d" : "1756451554453115104",
      "t" : 1756451554453,
      "tn" : 1756451554453115104,
      "q" : "68920",
      "p" : "0.000710",
      "s" : "sell",
      "i" : "HMSTR_USD",
      "m" : "4611686018427606999"
    }, {
      "d" : "1756451554448101888",
      "t" : 1756451554448,
      "tn" : 1756451554448101888,
      "q" : "12580",
      "p" : "0.000710",
      "s" : "sell",
      "i" : "HMSTR_USD",
      "m" : "4611686018427606998"
    }, {
      "d" : "1756451554441752124",
      "t" : 1756451554441,
      "tn" : 1756451554441752124,
      "q" : "56340",
      "p" : "0.000710",
      "s" : "sell",
      "i" : "HMSTR_USD",
      "m" : "4611686018427606997"
    }, {
      "d" : "1756451554433107242",
      "t" : 1756451554433,
      "tn" : 1756451554433107242,
      "q" : "68920",
      "p" : "0.000710",
      "s" : "sell",
      "i" : "HMSTR_USD",
      "m" : "4611686018427606996"
    }, {
      "d" : "1756451554423124118",
      "t" : 1756451554423,
      "tn" : 1756451554423124118,
      "q" : "68920",
      "p" : "0.000710",
      "s" : "sell",
      "i" : "HMSTR_USD",
      "m" : "4611686018427606995"
    }, {
      "d" : "1756451554413100840",
      "t" : 1756451554413,
      "tn" : 1756451554413100840,
      "q" : "68920",
      "p" : "0.000710",
      "s" : "sell",
      "i" : "HMSTR_USD",
      "m" : "4611686018427606994"
    }, {
      "d" : "1756451554408192641",
      "t" : 1756451554408,
      "tn" : 1756451554408192641,
      "q" : "12580",
      "p" : "0.000710",
      "s" : "sell",
      "i" : "HMSTR_USD",
      "m" : "4611686018427606993"
    }, {
      "d" : "1756451554401528361",
      "t" : 1756451554401,
      "tn" : 1756451554401528361,
      "q" : "56340",
      "p" : "0.000710",
      "s" : "sell",
      "i" : "HMSTR_USD",
      "m" : "4611686018427606992"
    }, {
      "d" : "1756451554398071435",
      "t" : 1756451554398,
      "tn" : 1756451554398071435,
      "q" : "68920",
      "p" : "0.000710",
      "s" : "sell",
      "i" : "HMSTR_USD",
      "m" : "4611686018427606991"
    }, {
      "d" : "1756451554393089038",
      "t" : 1756451554393,
      "tn" : 1756451554393089038,
      "q" : "12580",
      "p" : "0.000710",
      "s" : "sell",
      "i" : "HMSTR_USD",
      "m" : "4611686018427606990"
    }, {
      "d" : "1756451554387355294",
      "t" : 1756451554387,
      "tn" : 1756451554387355294,
      "q" : "56340",
      "p" : "0.000710",
      "s" : "sell",
      "i" : "HMSTR_USD",
      "m" : "4611686018427606989"
    }, {
      "d" : "1756451554382996173",
      "t" : 1756451554382,
      "tn" : 1756451554382996173,
      "q" : "68920",
      "p" : "0.000710",
      "s" : "sell",
      "i" : "HMSTR_USD",
      "m" : "4611686018427606988"
    }, {
      "d" : "1756451554378014729",
      "t" : 1756451554378,
      "tn" : 1756451554378014729,
      "q" : "12580",
      "p" : "0.000710",
      "s" : "sell",
      "i" : "HMSTR_USD",
      "m" : "4611686018427606987"
    }, {
      "d" : "1756451554371468789",
      "t" : 1756451554371,
      "tn" : 1756451554371468789,
      "q" : "56340",
      "p" : "0.000710",
      "s" : "sell",
      "i" : "HMSTR_USD",
      "m" : "4611686018427606986"
    }, {
      "d" : "1756451553422168236",
      "t" : 1756451553422,
      "tn" : 1756451553422168236,
      "q" : "68920",
      "p" : "0.000710",
      "s" : "sell",
      "i" : "HMSTR_USD",
      "m" : "4611686018427606985"
    }, {
      "d" : "1756451454138502247",
      "t" : 1756451454138,
      "tn" : 1756451454138502247,
      "q" : "56180",
      "p" : "0.000712",
      "s" : "sell",
      "i" : "HMSTR_USD",
      "m" : "4611686018427606984"
    }, {
      "d" : "1756451454123924816",
      "t" : 1756451454123,
      "tn" : 1756451454123924816,
      "q" : "40830",
      "p" : "0.000712",
      "s" : "sell",
      "i" : "HMSTR_USD",
      "m" : "4611686018427606983"
    }, {
      "d" : "1756451454122453949",
      "t" : 1756451454122,
      "tn" : 1756451454122453949,
      "q" : "28090",
      "p" : "0.000712",
      "s" : "sell",
      "i" : "HMSTR_USD",
      "m" : "4611686018427606982"
    }, {
      "d" : "1756451454113858966",
      "t" : 1756451454113,
      "tn" : 1756451454113858966,
      "q" : "32060",
      "p" : "0.000712",
      "s" : "sell",
      "i" : "HMSTR_USD",
      "m" : "4611686018427606981"
    }, {
      "d" : "1756451454106636343",
      "t" : 1756451454106,
      "tn" : 1756451454106636343,
      "q" : "36860",
      "p" : "0.000712",
      "s" : "sell",
      "i" : "HMSTR_USD",
      "m" : "4611686018427606980"
    }, {
      "d" : "1756451454093859995",
      "t" : 1756451454093,
      "tn" : 1756451454093859995,
      "q" : "68920",
      "p" : "0.000712",
      "s" : "sell",
      "i" : "HMSTR_USD",
      "m" : "4611686018427606979"
    }, {
      "d" : "1756451454053820824",
      "t" : 1756451454053,
      "tn" : 1756451454053820824,
      "q" : "68920",
      "p" : "0.000712",
      "s" : "sell",
      "i" : "HMSTR_USD",
      "m" : "4611686018427606978"
    }, {
      "d" : "1756451291564182850",
      "t" : 1756451291564,
      "tn" : 1756451291564182850,
      "q" : "68920",
      "p" : "0.000710",
      "s" : "sell",
      "i" : "HMSTR_USD",
      "m" : "4611686018427606977"
    }, {
      "d" : "1756451291538175463",
      "t" : 1756451291538,
      "tn" : 1756451291538175463,
      "q" : "68920",
      "p" : "0.000710",
      "s" : "sell",
      "i" : "HMSTR_USD",
      "m" : "4611686018427606976"
    }, {
      "d" : "1756451291528173898",
      "t" : 1756451291528,
      "tn" : 1756451291528173898,
      "q" : "68920",
      "p" : "0.000710",
      "s" : "sell",
      "i" : "HMSTR_USD",
      "m" : "4611686018427606975"
    }, {
      "d" : "1756451291518056067",
      "t" : 1756451291518,
      "tn" : 1756451291518056067,
      "q" : "68920",
      "p" : "0.000710",
      "s" : "sell",
      "i" : "HMSTR_USD",
      "m" : "4611686018427606974"
    }, {
      "d" : "1756451291492897094",
      "t" : 1756451291492,
      "tn" : 1756451291492897094,
      "q" : "12580",
      "p" : "0.000710",
      "s" : "sell",
      "i" : "HMSTR_USD",
      "m" : "4611686018427606973"
    }, {
      "d" : "1756451291491024539",
      "t" : 1756451291491,
      "tn" : 1756451291491024539,
      "q" : "56340",
      "p" : "0.000710",
      "s" : "sell",
      "i" : "HMSTR_USD",
      "m" : "4611686018427606972"
    }, {
      "d" : "1756451291462844901",
      "t" : 1756451291462,
      "tn" : 1756451291462844901,
      "q" : "38450",
      "p" : "0.000710",
      "s" : "sell",
      "i" : "HMSTR_USD",
      "m" : "4611686018427606971"
    }, {
      "d" : "1756451291456639429",
      "t" : 1756451291456,
      "tn" : 1756451291456639429,
      "q" : "30470",
      "p" : "0.000710",
      "s" : "sell",
      "i" : "HMSTR_USD",
      "m" : "4611686018427606970"
    }, {
      "d" : "1756451291411209120",
      "t" : 1756451291411,
      "tn" : 1756451291411209120,
      "q" : "68920",
      "p" : "0.000710",
      "s" : "sell",
      "i" : "HMSTR_USD",
      "m" : "4611686018427606969"
    }, {
      "d" : "1756450369527591919",
      "t" : 1756450369527,
      "tn" : 1756450369527591919,
      "q" : "13360",
      "p" : "0.000720",
      "s" : "sell",
      "i" : "HMSTR_USD",
      "m" : "4611686018427606968"
    }, {
      "d" : "1756450369526067227",
      "t" : 1756450369526,
      "tn" : 1756450369526067227,
      "q" : "55560",
      "p" : "0.000720",
      "s" : "sell",
      "i" : "HMSTR_USD",
      "m" : "4611686018427606967"
    }, {
      "d" : "1756450369492331494",
      "t" : 1756450369492,
      "tn" : 1756450369492331494,
      "q" : "68920",
      "p" : "0.000720",
      "s" : "sell",
      "i" : "HMSTR_USD",
      "m" : "4611686018427606966"
    }, {
      "d" : "1756450369472303303",
      "t" : 1756450369472,
      "tn" : 1756450369472303303,
      "q" : "68920",
      "p" : "0.000720",
      "s" : "sell",
      "i" : "HMSTR_USD",
      "m" : "4611686018427606965"
    }, {
      "d" : "1756450368896692795",
      "t" : 1756450368896,
      "tn" : 1756450368896692795,
      "q" : "68920",
      "p" : "0.000720",
      "s" : "sell",
      "i" : "HMSTR_USD",
      "m" : "4611686018427606964"
    }, {
      "d" : "1756450368891677019",
      "t" : 1756450368891,
      "tn" : 1756450368891677019,
      "q" : "15100",
      "p" : "0.000720",
      "s" : "sell",
      "i" : "HMSTR_USD",
      "m" : "4611686018427606963"
    }, {
      "d" : "1756450368883913177",
      "t" : 1756450368883,
      "tn" : 1756450368883913177,
      "q" : "53820",
      "p" : "0.000720",
      "s" : "sell",
      "i" : "HMSTR_USD",
      "m" : "4611686018427606962"
    }, {
      "d" : "1756450368876716007",
      "t" : 1756450368876,
      "tn" : 1756450368876716007,
      "q" : "68920",
      "p" : "0.000720",
      "s" : "sell",
      "i" : "HMSTR_USD",
      "m" : "4611686018427606961"
    }, {
      "d" : "1756450368871650757",
      "t" : 1756450368871,
      "tn" : 1756450368871650757,
      "q" : "13360",
      "p" : "0.000720",
      "s" : "sell",
      "i" : "HMSTR_USD",
      "m" : "4611686018427606960"
    }, {
      "d" : "1756450368865438639",
      "t" : 1756450368865,
      "tn" : 1756450368865438639,
      "q" : "55560",
      "p" : "0.000720",
      "s" : "sell",
      "i" : "HMSTR_USD",
      "m" : "4611686018427606959"
    }, {
      "d" : "1756450368861653815",
      "t" : 1756450368861,
      "tn" : 1756450368861653815,
      "q" : "68920",
      "p" : "0.000720",
      "s" : "sell",
      "i" : "HMSTR_USD",
      "m" : "4611686018427606958"
    }, {
      "d" : "1756450368856633421",
      "t" : 1756450368856,
      "tn" : 1756450368856633421,
      "q" : "13360",
      "p" : "0.000720",
      "s" : "sell",
      "i" : "HMSTR_USD",
      "m" : "4611686018427606957"
    }, {
      "d" : "1756450368848936572",
      "t" : 1756450368848,
      "tn" : 1756450368848936572,
      "q" : "55560",
      "p" : "0.000720",
      "s" : "sell",
      "i" : "HMSTR_USD",
      "m" : "4611686018427606956"
    }, {
      "d" : "1756450368826593728",
      "t" : 1756450368826,
      "tn" : 1756450368826593728,
      "q" : "68920",
      "p" : "0.000720",
      "s" : "sell",
      "i" : "HMSTR_USD",
      "m" : "4611686018427606955"
    }, {
      "d" : "1756450368821570953",
      "t" : 1756450368821,
      "tn" : 1756450368821570953,
      "q" : "13360",
      "p" : "0.000720",
      "s" : "sell",
      "i" : "HMSTR_USD",
      "m" : "4611686018427606954"
    }, {
      "d" : "1756450368817526014",
      "t" : 1756450368817,
      "tn" : 1756450368817526014,
      "q" : "55560",
      "p" : "0.000720",
      "s" : "sell",
      "i" : "HMSTR_USD",
      "m" : "4611686018427606953"
    }, {
      "d" : "1756450368691336586",
      "t" : 1756450368691,
      "tn" : 1756450368691336586,
      "q" : "68920",
      "p" : "0.000720",
      "s" : "sell",
      "i" : "HMSTR_USD",
      "m" : "4611686018427606952"
    }, {
      "d" : "1756450368686330733",
      "t" : 1756450368686,
      "tn" : 1756450368686330733,
      "q" : "22100",
      "p" : "0.000720",
      "s" : "sell",
      "i" : "HMSTR_USD",
      "m" : "4611686018427606951"
    }, {
      "d" : "1756450368682480268",
      "t" : 1756450368682,
      "tn" : 1756450368682480268,
      "q" : "46820",
      "p" : "0.000720",
      "s" : "sell",
      "i" : "HMSTR_USD",
      "m" : "4611686018427606950"
    }, {
      "d" : "1756450368676335677",
      "t" : 1756450368676,
      "tn" : 1756450368676335677,
      "q" : "68920",
      "p" : "0.000720",
      "s" : "sell",
      "i" : "HMSTR_USD",
      "m" : "4611686018427606949"
    }, {
      "d" : "1756450368671305134",
      "t" : 1756450368671,
      "tn" : 1756450368671305134,
      "q" : "13360",
      "p" : "0.000720",
      "s" : "sell",
      "i" : "HMSTR_USD",
      "m" : "4611686018427606948"
    }, {
      "d" : "1756450368666463382",
      "t" : 1756450368666,
      "tn" : 1756450368666463382,
      "q" : "55560",
      "p" : "0.000720",
      "s" : "sell",
      "i" : "HMSTR_USD",
      "m" : "4611686018427606947"
    }, {
      "d" : "1756450368661321341",
      "t" : 1756450368661,
      "tn" : 1756450368661321341,
      "q" : "68920",
      "p" : "0.000720",
      "s" : "sell",
      "i" : "HMSTR_USD",
      "m" : "4611686018427606946"
    }, {
      "d" : "1756450368656311831",
      "t" : 1756450368656,
      "tn" : 1756450368656311831,
      "q" : "13360",
      "p" : "0.000720",
      "s" : "sell",
      "i" : "HMSTR_USD",
      "m" : "4611686018427606945"
    }, {
      "d" : "1756450368649003726",
      "t" : 1756450368649,
      "tn" : 1756450368649003726,
      "q" : "55560",
      "p" : "0.000720",
      "s" : "sell",
      "i" : "HMSTR_USD",
      "m" : "4611686018427606944"
    } ]
  }
}