{
  "id" : -1,
  "method" : "public/get-trades",
  "code" : 0,
  "result" : {
    "data" : [ {
      "d" : "1756460877145871690",
      "t" : 1756460877145,
      "tn" : 1756460877145871690,
      "q" : "47.1",
      "p" : "2.5706",
      "s" : "sell",
      "i" : "HNT_USD",
      "m" : "4611686018431552972"
    }, {
      "d" : "1756460782508506904",
      "t" : 1756460782508,
      "tn" : 1756460782508506904,
      "q" : "5.0",
      "p" : "2.5683",
      "s" : "buy",
      "i" : "HNT_USD",
      "m" : "4611686018431552971"
    }, {
      "d" : "1756460772733759592",
      "t" : 1756460772733,
      "tn" : 1756460772733759592,
      "q" : "50.3",
      "p" : "2.5687",
      "s" : "buy",
      "i" : "HNT_USD",
      "m" : "4611686018431552970"
    }, {
      "d" : "1756460772733756939",
      "t" : 1756460772733,
      "tn" : 1756460772733756939,
      "q" : "29.2",
      "p" : "2.5686",
      "s" : "buy",
      "i" : "HNT_USD",
      "m" : "4611686018431552969"
    }, {
      "d" : "1756460772733754388",
      "t" : 1756460772733,
      "tn" : 1756460772733754388,
      "q" : "25.5",
      "p" : "2.5685",
      "s" : "buy",
      "i" : "HNT_USD",
      "m" : "4611686018431552968"
    }, {
      "d" : "1756460544175440100",
      "t" : 1756460544175,
      "tn" : 1756460544175440100,
      "q" : "9.8",
      "p" : "2.5676",
      "s" : "buy",
      "i" : "HNT_USD",
      "m" : "4611686018431552967"
    }, {
      "d" : "1756460543805095742",
      "t" : 1756460543805,
      "tn" : 1756460543805095742,
      "q" : "9.5",
      "p" : "2.5642",
      "s" : "buy",
      "i" : "HNT_USD",
      "m" : "4611686018431552966"
    }, {
      "d" : "1756460543644821211",
      "t" : 1756460543644,
      "tn" : 1756460543644821211,
      "q" : "9.5",
      "p" : "2.5637",
      "s" : "buy",
      "i" : "HNT_USD",
      "m" : "4611686018431552965"
    }, {
      "d" : "1756460496138276638",
      "t" : 1756460496138,
      "tn" : 1756460496138276638,
      "q" : "9.6",
      "p" : "2.5587",
      "s" : "sell",
      "i" : "HNT_USD",
      "m" : "4611686018431552964"
    }, {
      "d" : "1756459858464702346",
      "t" : 1756459858464,
      "tn" : 1756459858464702346,
      "q" : "9.8",
      "p" : "2.5593",
      "s" : "buy",
      "i" : "HNT_USD",
      "m" : "4611686018431552963"
    }, {
      "d" : "1756459603277305566",
      "t" : 1756459603277,
      "tn" : 1756459603277305566,
      "q" : "9.6",
      "p" : "2.5562",
      "s" : "sell",
      "i" : "HNT_USD",
      "m" : "4611686018431552962"
    }, {
      "d" : "1756459167411126359",
      "t" : 1756459167411,
      "tn" : 1756459167411126359,
      "q" : "9.5",
      "p" : "2.5491",
      "s" : "buy",
      "i" : "HNT_USD",
      "m" : "4611686018431552961"
    }, {
      "d" : "1756458951732789915",
      "t" : 1756458951732,
      "tn" : 1756458951732789915,
      "q" : "7.8",
      "p" : "2.5427",
      "s" : "buy",
      "i" : "HNT_USD",
      "m" : "4611686018431552960"
    }, {
      "d" : "1756458317757954520",
      "t" : 1756458317757,
      "tn" : 1756458317757954520,
      "q" : "62.5",
      "p" : "2.5355",
      "s" : "buy",
      "i" : "HNT_USD",
      "m" : "4611686018431552959"
    }, {
      "d" : "1756458237756943908",
      "t" : 1756458237756,
      "tn" : 1756458237756943908,
      "q" : "9.5",
      "p" : "2.5347",
      "s" : "sell",
      "i" : "HNT_USD",
      "m" : "4611686018431552958"
    }, {
      "d" : "1756458232712719378",
      "t" : 1756458232712,
      "tn" : 1756458232712719378,
      "q" : "9.6",
      "p" : "2.5357",
      "s" : "sell",
      "i" : "HNT_USD",
      "m" : "4611686018431552957"
    }, {
      "d" : "1756458148229951746",
      "t" : 1756458148229,
      "tn" : 1756458148229951746,
      "q" : "154.3",
      "p" : "2.5361",
      "s" : "sell",
      "i" : "HNT_USD",
      "m" : "4611686018431552956"
    }, {
      "d" : "1756458148229949891",
      "t" : 1756458148229,
      "tn" : 1756458148229949891,
      "q" : "6.2",
      "p" : "2.5362",
      "s" : "sell",
      "i" : "HNT_USD",
      "m" : "4611686018431552955"
    }, {
      "d" : "1756458148229947224",
      "t" : 1756458148229,
      "tn" : 1756458148229947224,
      "q" : "55.1",
      "p" : "2.5418",
      "s" : "sell",
      "i" : "HNT_USD",
      "m" : "4611686018431552954"
    }, {
      "d" : "1756458147427875909",
      "t" : 1756458147427,
      "tn" : 1756458147427875909,
      "q" : "11.6",
      "p" : "2.5418",
      "s" : "sell",
      "i" : "HNT_USD",
      "m" : "4611686018431552953"
    }, {
      "d" : "1756458147353487257",
      "t" : 1756458147353,
      "tn" : 1756458147353487257,
      "q" : "166.7",
      "p" : "2.5418",
      "s" : "sell",
      "i" : "HNT_USD",
      "m" : "4611686018431552952"
    }, {
      "d" : "1756458147353485206",
      "t" : 1756458147353,
      "tn" : 1756458147353485206,
      "q" : "7.4",
      "p" : "2.5419",
      "s" : "sell",
      "i" : "HNT_USD",
      "m" : "4611686018431552951"
    }, {
      "d" : "1756458144085481122",
      "t" : 1756458144085,
      "tn" : 1756458144085481122,
      "q" : "137.4",
      "p" : "2.5418",
      "s" : "sell",
      "i" : "HNT_USD",
      "m" : "4611686018431552950"
    }, {
      "d" : "1756458144085479621",
      "t" : 1756458144085,
      "tn" : 1756458144085479621,
      "q" : "74.1",
      "p" : "2.5419",
      "s" : "sell",
      "i" : "HNT_USD",
      "m" : "4611686018431552949"
    }, {
      "d" : "1756458144084677980",
      "t" : 1756458144084,
      "tn" : 1756458144084677980,
      "q" : "84.5",
      "p" : "2.5419",
      "s" : "sell",
      "i" : "HNT_USD",
      "m" : "4611686018431552948"
    }, {
      "d" : "1756458144084676294",
      "t" : 1756458144084,
      "tn" : 1756458144084676294,
      "q" : "9.7",
      "p" : "2.5420",
      "s" : "sell",
      "i" : "HNT_USD",
      "m" : "4611686018431552947"
    }, {
      "d" : "1756458144010056619",
      "t" : 1756458144010,
      "tn" : 1756458144010056619,
      "q" : "9.8",
      "p" : "2.5443",
      "s" : "sell",
      "i" : "HNT_USD",
      "m" : "4611686018431552946"
    }, {
      "d" : "1756458143948442934",
      "t" : 1756458143948,
      "tn" : 1756458143948442934,
      "q" : "159.0",
      "p" : "2.5460",
      "s" : "sell",
      "i" : "HNT_USD",
      "m" : "4611686018431552945"
    }, {
      "d" : "1756458094809908014",
      "t" : 1756458094809,
      "tn" : 1756458094809908014,
      "q" : "9.8",
      "p" : "2.5473",
      "s" : "sell",
      "i" : "HNT_USD",
      "m" : "4611686018431552944"
    }, {
      "d" : "1756458094809905531",
      "t" : 1756458094809,
      "tn" : 1756458094809905531,
      "q" : "23.7",
      "p" : "2.5474",
      "s" : "sell",
      "i" : "HNT_USD",
      "m" : "4611686018431552943"
    }, {
      "d" : "1756458078880015811",
      "t" : 1756458078880,
      "tn" : 1756458078880015811,
      "q" : "133.8",
      "p" : "2.5512",
      "s" : "sell",
      "i" : "HNT_USD",
      "m" : "4611686018431552942"
    }, {
      "d" : "1756458078880013956",
      "t" : 1756458078880,
      "tn" : 1756458078880013956,
      "q" : "23.7",
      "p" : "2.5513",
      "s" : "sell",
      "i" : "HNT_USD",
      "m" : "4611686018431552941"
    }, {
      "d" : "1756458075754005716",
      "t" : 1756458075754,
      "tn" : 1756458075754005716,
      "q" : "125.0",
      "p" : "2.5512",
      "s" : "sell",
      "i" : "HNT_USD",
      "m" : "4611686018431552940"
    }, {
      "d" : "1756458075754003856",
      "t" : 1756458075754,
      "tn" : 1756458075754003856,
      "q" : "23.7",
      "p" : "2.5513",
      "s" : "sell",
      "i" : "HNT_USD",
      "m" : "4611686018431552939"
    }, {
      "d" : "1756458066037217749",
      "t" : 1756458066037,
      "tn" : 1756458066037217749,
      "q" : "9.6",
      "p" : "2.5521",
      "s" : "sell",
      "i" : "HNT_USD",
      "m" : "4611686018431552938"
    }, {
      "d" : "1756458064340242551",
      "t" : 1756458064340,
      "tn" : 1756458064340242551,
      "q" : "9.8",
      "p" : "2.5533",
      "s" : "sell",
      "i" : "HNT_USD",
      "m" : "4611686018431552937"
    }, {
      "d" : "1756458046113988783",
      "t" : 1756458046113,
      "tn" : 1756458046113988783,
      "q" : "0.7",
      "p" : "2.5582",
      "s" : "buy",
      "i" : "HNT_USD",
      "m" : "4611686018431552936"
    }, {
      "d" : "1756458011134221703",
      "t" : 1756458011134,
      "tn" : 1756458011134221703,
      "q" : "3.0",
      "p" : "2.5555",
      "s" : "buy",
      "i" : "HNT_USD",
      "m" : "4611686018431552935"
    }, {
      "d" : "1756457993113997743",
      "t" : 1756457993113,
      "tn" : 1756457993113997743,
      "q" : "3.0",
      "p" : "2.5581",
      "s" : "buy",
      "i" : "HNT_USD",
      "m" : "4611686018431552934"
    }, {
      "d" : "1756457959577992720",
      "t" : 1756457959577,
      "tn" : 1756457959577992720,
      "q" : "3.0",
      "p" : "2.5571",
      "s" : "buy",
      "i" : "HNT_USD",
      "m" : "4611686018431552933"
    }, {
      "d" : "1756457940263290055",
      "t" : 1756457940263,
      "tn" : 1756457940263290055,
      "q" : "3.0",
      "p" : "2.5570",
      "s" : "buy",
      "i" : "HNT_USD",
      "m" : "4611686018431552932"
    }, {
      "d" : "1756457927924458350",
      "t" : 1756457927924,
      "tn" : 1756457927924458350,
      "q" : "3.0",
      "p" : "2.5578",
      "s" : "buy",
      "i" : "HNT_USD",
      "m" : "4611686018431552931"
    }, {
      "d" : "1756457899793068956",
      "t" : 1756457899793,
      "tn" : 1756457899793068956,
      "q" : "9.9",
      "p" : "2.5564",
      "s" : "sell",
      "i" : "HNT_USD",
      "m" : "4611686018431552930"
    }, {
      "d" : "1756457899793066260",
      "t" : 1756457899793,
      "tn" : 1756457899793066260,
      "q" : "0.1",
      "p" : "2.5592",
      "s" : "sell",
      "i" : "HNT_USD",
      "m" : "4611686018431552929"
    }, {
      "d" : "1756457856053384546",
      "t" : 1756457856053,
      "tn" : 1756457856053384546,
      "q" : "37.2",
      "p" : "2.5592",
      "s" : "sell",
      "i" : "HNT_USD",
      "m" : "4611686018431552928"
    }, {
      "d" : "1756457856053382435",
      "t" : 1756457856053,
      "tn" : 1756457856053382435,
      "q" : "0.1",
      "p" : "2.5622",
      "s" : "sell",
      "i" : "HNT_USD",
      "m" : "4611686018431552927"
    }, {
      "d" : "1756457845074316093",
      "t" : 1756457845074,
      "tn" : 1756457845074316093,
      "q" : "27.8",
      "p" : "2.5622",
      "s" : "sell",
      "i" : "HNT_USD",
      "m" : "4611686018431552926"
    }, {
      "d" : "1756457735043419865",
      "t" : 1756457735043,
      "tn" : 1756457735043419865,
      "q" : "9.5",
      "p" : "2.5732",
      "s" : "sell",
      "i" : "HNT_USD",
      "m" : "4611686018431552925"
    }, {
      "d" : "1756457573054839789",
      "t" : 1756457573054,
      "tn" : 1756457573054839789,
      "q" : "4.8",
      "p" : "2.5783",
      "s" : "sell",
      "i" : "HNT_USD",
      "m" : "4611686018431552924"
    }, {
      "d" : "1756457400380527123",
      "t" : 1756457400380,
      "tn" : 1756457400380527121,
      "q" : "38.3",
      "p" : "2.5859",
      "s" : "sell",
      "i" : "HNT_USD",
      "m" : "4611686018431552923"
    }, {
      "d" : "1756456269626635967",
      "t" : 1756456269626,
      "tn" : 1756456269626635967,
      "q" : "48.8",
      "p" : "2.5913",
      "s" : "buy",
      "i" : "HNT_USD",
      "m" : "4611686018431552922"
    }, {
      "d" : "1756456269597971157",
      "t" : 1756456269597,
      "tn" : 1756456269597971157,
      "q" : "14.6",
      "p" : "2.5913",
      "s" : "buy",
      "i" : "HNT_USD",
      "m" : "4611686018431552921"
    }, {
      "d" : "1756456269584068429",
      "t" : 1756456269584,
      "tn" : 1756456269584068429,
      "q" : "9.7",
      "p" : "2.5977",
      "s" : "sell",
      "i" : "HNT_USD",
      "m" : "4611686018431552920"
    }, {
      "d" : "1756456148255356154",
      "t" : 1756456148255,
      "tn" : 1756456148255356154,
      "q" : "9.9",
      "p" : "2.6005",
      "s" : "sell",
      "i" : "HNT_USD",
      "m" : "4611686018431552919"
    }, {
      "d" : "1756455989434009765",
      "t" : 1756455989434,
      "tn" : 1756455989434009765,
      "q" : "9.8",
      "p" : "2.5987",
      "s" : "sell",
      "i" : "HNT_USD",
      "m" : "4611686018431552918"
    }, {
      "d" : "1756455722388959658",
      "t" : 1756455722388,
      "tn" : 1756455722388959658,
      "q" : "9.7",
      "p" : "2.5891",
      "s" : "sell",
      "i" : "HNT_USD",
      "m" : "4611686018431552917"
    }, {
      "d" : "1756455722388957532",
      "t" : 1756455722388,
      "tn" : 1756455722388957532,
      "q" : "29.2",
      "p" : "2.5892",
      "s" : "sell",
      "i" : "HNT_USD",
      "m" : "4611686018431552916"
    }, {
      "d" : "1756455006032341469",
      "t" : 1756455006032,
      "tn" : 1756455006032341469,
      "q" : "10.0",
      "p" : "2.5926",
      "s" : "sell",
      "i" : "HNT_USD",
      "m" : "4611686018431552915"
    }, {
      "d" : "1756454957788126946",
      "t" : 1756454957788,
      "tn" : 1756454957788126946,
      "q" : "2.9",
      "p" : "2.6006",
      "s" : "sell",
      "i" : "HNT_USD",
      "m" : "4611686018431552914"
    }, {
      "d" : "1756454674748181105",
      "t" : 1756454674748,
      "tn" : 1756454674748181105,
      "q" : "15.4",
      "p" : "2.6006",
      "s" : "sell",
      "i" : "HNT_USD",
      "m" : "4611686018431552913"
    }, {
      "d" : "1756454673894461635",
      "t" : 1756454673894,
      "tn" : 1756454673894461635,
      "q" : "7.4",
      "p" : "2.6006",
      "s" : "sell",
      "i" : "HNT_USD",
      "m" : "4611686018431552912"
    }, {
      "d" : "1756452028834161760",
      "t" : 1756452028834,
      "tn" : 1756452028834161760,
      "q" : "0.9",
      "p" : "2.6243",
      "s" : "sell",
      "i" : "HNT_USD",
      "m" : "4611686018431552911"
    }, {
      "d" : "1756452028790897913",
      "t" : 1756452028790,
      "tn" : 1756452028790897913,
      "q" : "9.9",
      "p" : "2.6186",
      "s" : "buy",
      "i" : "HNT_USD",
      "m" : "4611686018431552910"
    }, {
      "d" : "1756451814258386077",
      "t" : 1756451814258,
      "tn" : 1756451814258386076,
      "q" : "34.7",
      "p" : "2.6233",
      "s" : "sell",
      "i" : "HNT_USD",
      "m" : "4611686018431552909"
    }, {
      "d" : "1756451814258386076",
      "t" : 1756451814258,
      "tn" : 1756451814258386076,
      "q" : "38.2",
      "p" : "2.6233",
      "s" : "sell",
      "i" : "HNT_USD",
      "m" : "4611686018431552909"
    }, {
      "d" : "1756450947404652760",
      "t" : 1756450947404,
      "tn" : 1756450947404652760,
      "q" : "5.3",
      "p" : "2.6455",
      "s" : "sell",
      "i" : "HNT_USD",
      "m" : "4611686018431552908"
    }, {
      "d" : "1756450947404650959",
      "t" : 1756450947404,
      "tn" : 1756450947404650959,
      "q" : "7.5",
      "p" : "2.6490",
      "s" : "sell",
      "i" : "HNT_USD",
      "m" : "4611686018431552907"
    }, {
      "d" : "1756450947403887494",
      "t" : 1756450947403,
      "tn" : 1756450947403887494,
      "q" : "13.1",
      "p" : "2.6512",
      "s" : "sell",
      "i" : "HNT_USD",
      "m" : "4611686018431552906"
    }, {
      "d" : "1756450897978875830",
      "t" : 1756450897978,
      "tn" : 1756450897978875830,
      "q" : "10.0",
      "p" : "2.6528",
      "s" : "sell",
      "i" : "HNT_USD",
      "m" : "4611686018431552905"
    }, {
      "d" : "1756450893151288154",
      "t" : 1756450893151,
      "tn" : 1756450893151288154,
      "q" : "26.2",
      "p" : "2.6573",
      "s" : "sell",
      "i" : "HNT_USD",
      "m" : "4611686018431552904"
    }, {
      "d" : "1756450626476895280",
      "t" : 1756450626476,
      "tn" : 1756450626476895280,
      "q" : "9.5",
      "p" : "2.6572",
      "s" : "buy",
      "i" : "HNT_USD",
      "m" : "4611686018431552903"
    }, {
      "d" : "1756448264705453297",
      "t" : 1756448264705,
      "tn" : 1756448264705453296,
      "q" : "23.2",
      "p" : "2.6512",
      "s" : "sell",
      "i" : "HNT_USD",
      "m" : "4611686018431552902"
    }, {
      "d" : "1756448264705453296",
      "t" : 1756448264705,
      "tn" : 1756448264705453296,
      "q" : "36.7",
      "p" : "2.6512",
      "s" : "sell",
      "i" : "HNT_USD",
      "m" : "4611686018431552902"
    }, {
      "d" : "1756448264705449745",
      "t" : 1756448264705,
      "tn" : 1756448264705449745,
      "q" : "9.6",
      "p" : "2.6519",
      "s" : "sell",
      "i" : "HNT_USD",
      "m" : "4611686018431552901"
    }, {
      "d" : "1756448168479689074",
      "t" : 1756448168479,
      "tn" : 1756448168479689074,
      "q" : "23.2",
      "p" : "2.6545",
      "s" : "sell",
      "i" : "HNT_USD",
      "m" : "4611686018431552900"
    }, {
      "d" : "1756448168479687330",
      "t" : 1756448168479,
      "tn" : 1756448168479687330,
      "q" : "11.9",
      "p" : "2.6546",
      "s" : "sell",
      "i" : "HNT_USD",
      "m" : "4611686018431552899"
    }, {
      "d" : "1756448168479685496",
      "t" : 1756448168479,
      "tn" : 1756448168479685496,
      "q" : "22.7",
      "p" : "2.6547",
      "s" : "sell",
      "i" : "HNT_USD",
      "m" : "4611686018431552898"
    }, {
      "d" : "1756446191650307129",
      "t" : 1756446191650,
      "tn" : 1756446191650307129,
      "q" : "20.1",
      "p" : "2.6630",
      "s" : "sell",
      "i" : "HNT_USD",
      "m" : "4611686018431552897"
    }, {
      "d" : "1756445348285056540",
      "t" : 1756445348285,
      "tn" : 1756445348285056540,
      "q" : "9.5",
      "p" : "2.6640",
      "s" : "buy",
      "i" : "HNT_USD",
      "m" : "4611686018431552896"
    }, {
      "d" : "1756445113472898240",
      "t" : 1756445113472,
      "tn" : 1756445113472898240,
      "q" : "7.5",
      "p" : "2.6628",
      "s" : "sell",
      "i" : "HNT_USD",
      "m" : "4611686018431552895"
    }, {
      "d" : "1756445112270220809",
      "t" : 1756445112270,
      "tn" : 1756445112270220809,
      "q" : "9.5",
      "p" : "2.6676",
      "s" : "sell",
      "i" : "HNT_USD",
      "m" : "4611686018431552894"
    }, {
      "d" : "1756445111757932422",
      "t" : 1756445111757,
      "tn" : 1756445111757932422,
      "q" : "17.3",
      "p" : "2.6704",
      "s" : "sell",
      "i" : "HNT_USD",
      "m" : "4611686018431552893"
    }, {
      "d" : "1756445111757930506",
      "t" : 1756445111757,
      "tn" : 1756445111757930506,
      "q" : "21.7",
      "p" : "2.6705",
      "s" : "sell",
      "i" : "HNT_USD",
      "m" : "4611686018431552892"
    }, {
      "d" : "1756445111753402280",
      "t" : 1756445111753,
      "tn" : 1756445111753402280,
      "q" : "163.0",
      "p" : "2.6705",
      "s" : "sell",
      "i" : "HNT_USD",
      "m" : "4611686018431552891"
    }, {
      "d" : "1756444776098540395",
      "t" : 1756444776098,
      "tn" : 1756444776098540395,
      "q" : "9.9",
      "p" : "2.6757",
      "s" : "buy",
      "i" : "HNT_USD",
      "m" : "4611686018431552890"
    }, {
      "d" : "1756443824263366512",
      "t" : 1756443824263,
      "tn" : 1756443824263366512,
      "q" : "3.9",
      "p" : "2.6867",
      "s" : "sell",
      "i" : "HNT_USD",
      "m" : "4611686018431552889"
    }, {
      "d" : "1756442996640228272",
      "t" : 1756442996640,
      "tn" : 1756442996640228272,
      "q" : "9.8",
      "p" : "2.6945",
      "s" : "sell",
      "i" : "HNT_USD",
      "m" : "4611686018431552888"
    }, {
      "d" : "1756442996484009653",
      "t" : 1756442996484,
      "tn" : 1756442996484009653,
      "q" : "0.7",
      "p" : "2.6954",
      "s" : "sell",
      "i" : "HNT_USD",
      "m" : "4611686018431552887"
    }, {
      "d" : "1756442689541374107",
      "t" : 1756442689541,
      "tn" : 1756442689541374107,
      "q" : "1.0",
      "p" : "2.7020",
      "s" : "buy",
      "i" : "HNT_USD",
      "m" : "4611686018431552886"
    }, {
      "d" : "1756442548255456027",
      "t" : 1756442548255,
      "tn" : 1756442548255456027,
      "q" : "9.5",
      "p" : "2.7038",
      "s" : "buy",
      "i" : "HNT_USD",
      "m" : "4611686018431552885"
    }, {
      "d" : "1756441996141930546",
      "t" : 1756441996141,
      "tn" : 1756441996141930546,
      "q" : "9.8",
      "p" : "2.7039",
      "s" : "buy",
      "i" : "HNT_USD",
      "m" : "4611686018431552884"
    }, {
      "d" : "1756441888483840751",
      "t" : 1756441888483,
      "tn" : 1756441888483840751,
      "q" : "9.5",
      "p" : "2.6965",
      "s" : "sell",
      "i" : "HNT_USD",
      "m" : "4611686018431552883"
    }, {
      "d" : "1756441830481348005",
      "t" : 1756441830481,
      "tn" : 1756441830481348005,
      "q" : "9.5",
      "p" : "2.7026",
      "s" : "sell",
      "i" : "HNT_USD",
      "m" : "4611686018431552882"
    }, {
      "d" : "1756441810486021818",
      "t" : 1756441810486,
      "tn" : 1756441810486021818,
      "q" : "3.2",
      "p" : "2.7033",
      "s" : "sell",
      "i" : "HNT_USD",
      "m" : "4611686018431552881"
    }, {
      "d" : "1756441810486019822",
      "t" : 1756441810486,
      "tn" : 1756441810486019822,
      "q" : "9.9",
      "p" : "2.7038",
      "s" : "sell",
      "i" : "HNT_USD",
      "m" : "4611686018431552880"
    }, {
      "d" : "1756441810486017307",
      "t" : 1756441810486,
      "tn" : 1756441810486017307,
      "q" : "22.3",
      "p" : "2.7044",
      "s" : "sell",
      "i" : "HNT_USD",
      "m" : "4611686018431552879"
    }, {
      "d" : "1756441770475203402",
      "t" : 1756441770475,
      "tn" : 1756441770475203402,
      "q" : "9.5",
      "p" : "2.7082",
      "s" : "sell",
      "i" : "HNT_USD",
      "m" : "4611686018431552878"
    }, {
      "d" : "1756441754783730560",
      "t" : 1756441754783,
      "tn" : 1756441754783730560,
      "q" : "9.5",
      "p" : "2.7087",
      "s" : "buy",
      "i" : "HNT_USD",
      "m" : "4611686018431552877"
    }, {
      "d" : "1756441750479451729",
      "t" : 1756441750479,
      "tn" : 1756441750479451729,
      "q" : "112.3",
      "p" : "2.7048",
      "s" : "sell",
      "i" : "HNT_USD",
      "m" : "4611686018431552876"
    }, {
      "d" : "1756441750479449985",
      "t" : 1756441750479,
      "tn" : 1756441750479449985,
      "q" : "0.1",
      "p" : "2.7055",
      "s" : "sell",
      "i" : "HNT_USD",
      "m" : "4611686018431552875"
    }, {
      "d" : "1756441750475673650",
      "t" : 1756441750475,
      "tn" : 1756441750475673650,
      "q" : "9.6",
      "p" : "2.7055",
      "s" : "sell",
      "i" : "HNT_USD",
      "m" : "4611686018431552874"
    }, {
      "d" : "1756441673546456166",
      "t" : 1756441673546,
      "tn" : 1756441673546456166,
      "q" : "29.2",
      "p" : "2.7096",
      "s" : "buy",
      "i" : "HNT_USD",
      "m" : "4611686018431552873"
    }, {
      "d" : "1756441673546454015",
      "t" : 1756441673546,
      "tn" : 1756441673546454015,
      "q" : "0.1",
      "p" : "2.7052",
      "s" : "buy",
      "i" : "HNT_USD",
      "m" : "4611686018431552872"
    }, {
      "d" : "1756441673543348515",
      "t" : 1756441673543,
      "tn" : 1756441673543348515,
      "q" : "9.5",
      "p" : "2.7052",
      "s" : "buy",
      "i" : "HNT_USD",
      "m" : "4611686018431552871"
    }, {
      "d" : "1756441430713364240",
      "t" : 1756441430713,
      "tn" : 1756441430713364240,
      "q" : "9.5",
      "p" : "2.7041",
      "s" : "buy",
      "i" : "HNT_USD",
      "m" : "4611686018431552870"
    }, {
      "d" : "1756441372739008920",
      "t" : 1756441372739,
      "tn" : 1756441372739008920,
      "q" : "2.0",
      "p" : "2.7027",
      "s" : "sell",
      "i" : "HNT_USD",
      "m" : "4611686018431552869"
    }, {
      "d" : "1756441372729397381",
      "t" : 1756441372729,
      "tn" : 1756441372729397381,
      "q" : "7.3",
      "p" : "2.7069",
      "s" : "sell",
      "i" : "HNT_USD",
      "m" : "4611686018431552868"
    }, {
      "d" : "1756441372729395027",
      "t" : 1756441372729,
      "tn" : 1756441372729395027,
      "q" : "0.1",
      "p" : "2.7121",
      "s" : "sell",
      "i" : "HNT_USD",
      "m" : "4611686018431552867"
    }, {
      "d" : "1756441372728513537",
      "t" : 1756441372728,
      "tn" : 1756441372728513537,
      "q" : "9.5",
      "p" : "2.7121",
      "s" : "sell",
      "i" : "HNT_USD",
      "m" : "4611686018431552866"
    }, {
      "d" : "1756441372569240727",
      "t" : 1756441372569,
      "tn" : 1756441372569240727,
      "q" : "29.2",
      "p" : "2.7081",
      "s" : "sell",
      "i" : "HNT_USD",
      "m" : "4611686018431552865"
    }, {
      "d" : "1756441351894264759",
      "t" : 1756441351894,
      "tn" : 1756441351894264759,
      "q" : "22.3",
      "p" : "2.7043",
      "s" : "buy",
      "i" : "HNT_USD",
      "m" : "4611686018431552864"
    }, {
      "d" : "1756441326093017805",
      "t" : 1756441326093,
      "tn" : 1756441326093017805,
      "q" : "104.3",
      "p" : "2.7087",
      "s" : "sell",
      "i" : "HNT_USD",
      "m" : "4611686018431552863"
    }, {
      "d" : "1756441306387069799",
      "t" : 1756441306387,
      "tn" : 1756441306387069799,
      "q" : "11.4",
      "p" : "2.6992",
      "s" : "sell",
      "i" : "HNT_USD",
      "m" : "4611686018431552862"
    }, {
      "d" : "1756441306387067841",
      "t" : 1756441306387,
      "tn" : 1756441306387067841,
      "q" : "22.4",
      "p" : "2.6993",
      "s" : "sell",
      "i" : "HNT_USD",
      "m" : "4611686018431552861"
    }, {
      "d" : "1756441299542467468",
      "t" : 1756441299542,
      "tn" : 1756441299542467467,
      "q" : "33.5",
      "p" : "2.7177",
      "s" : "buy",
      "i" : "HNT_USD",
      "m" : "4611686018431552860"
    }, {
      "d" : "1756441299542467467",
      "t" : 1756441299542,
      "tn" : 1756441299542467467,
      "q" : "35.4",
      "p" : "2.7177",
      "s" : "buy",
      "i" : "HNT_USD",
      "m" : "4611686018431552860"
    }, {
      "d" : "1756441299391856084",
      "t" : 1756441299391,
      "tn" : 1756441299391856084,
      "q" : "21.0",
      "p" : "2.7131",
      "s" : "buy",
      "i" : "HNT_USD",
      "m" : "4611686018431552859"
    }, {
      "d" : "1756441299386952122",
      "t" : 1756441299386,
      "tn" : 1756441299386952122,
      "q" : "23.8",
      "p" : "2.7131",
      "s" : "buy",
      "i" : "HNT_USD",
      "m" : "4611686018431552858"
    }, {
      "d" : "1756441299386950631",
      "t" : 1756441299386,
      "tn" : 1756441299386950631,
      "q" : "2.8",
      "p" : "2.7130",
      "s" : "buy",
      "i" : "HNT_USD",
      "m" : "4611686018431552857"
    }, {
      "d" : "1756441299386808293",
      "t" : 1756441299386,
      "tn" : 1756441299386808293,
      "q" : "12.7",
      "p" : "2.7130",
      "s" : "buy",
      "i" : "HNT_USD",
      "m" : "4611686018431552856"
    }, {
      "d" : "1756441299232538685",
      "t" : 1756441299232,
      "tn" : 1756441299232538685,
      "q" : "238.2",
      "p" : "2.7103",
      "s" : "buy",
      "i" : "HNT_USD",
      "m" : "4611686018431552855"
    }, {
      "d" : "1756441299230612957",
      "t" : 1756441299230,
      "tn" : 1756441299230612957,
      "q" : "29.2",
      "p" : "2.7093",
      "s" : "buy",
      "i" : "HNT_USD",
      "m" : "4611686018431552854"
    }, {
      "d" : "1756441299230610658",
      "t" : 1756441299230,
      "tn" : 1756441299230610658,
      "q" : "9.9",
      "p" : "2.7043",
      "s" : "buy",
      "i" : "HNT_USD",
      "m" : "4611686018431552853"
    }, {
      "d" : "1756441299230601039",
      "t" : 1756441299230,
      "tn" : 1756441299230601039,
      "q" : "22.3",
      "p" : "2.7041",
      "s" : "buy",
      "i" : "HNT_USD",
      "m" : "4611686018431552852"
    }, {
      "d" : "1756441266086889954",
      "t" : 1756441266086,
      "tn" : 1756441266086889954,
      "q" : "9.5",
      "p" : "2.7041",
      "s" : "sell",
      "i" : "HNT_USD",
      "m" : "4611686018431552851"
    }, {
      "d" : "1756441261217996525",
      "t" : 1756441261217,
      "tn" : 1756441261217996525,
      "q" : "9.5",
      "p" : "2.7054",
      "s" : "buy",
      "i" : "HNT_USD",
      "m" : "4611686018431552850"
    }, {
      "d" : "1756441260979849859",
      "t" : 1756441260979,
      "tn" : 1756441260979849859,
      "q" : "9.9",
      "p" : "2.7042",
      "s" : "buy",
      "i" : "HNT_USD",
      "m" : "4611686018431552849"
    }, {
      "d" : "1756441188094117288",
      "t" : 1756441188094,
      "tn" : 1756441188094117288,
      "q" : "9.5",
      "p" : "2.7127",
      "s" : "sell",
      "i" : "HNT_USD",
      "m" : "4611686018431552848"
    }, {
      "d" : "1756441171196677291",
      "t" : 1756441171196,
      "tn" : 1756441171196677291,
      "q" : "9.6",
      "p" : "2.7137",
      "s" : "buy",
      "i" : "HNT_USD",
      "m" : "4611686018431552847"
    }, {
      "d" : "1756441170883674236",
      "t" : 1756441170883,
      "tn" : 1756441170883674236,
      "q" : "9.9",
      "p" : "2.7115",
      "s" : "buy",
      "i" : "HNT_USD",
      "m" : "4611686018431552846"
    }, {
      "d" : "1756441170883672444",
      "t" : 1756441170883,
      "tn" : 1756441170883672444,
      "q" : "9.7",
      "p" : "2.7110",
      "s" : "buy",
      "i" : "HNT_USD",
      "m" : "4611686018431552845"
    }, {
      "d" : "1756441167675222357",
      "t" : 1756441167675,
      "tn" : 1756441167675222357,
      "q" : "9.9",
      "p" : "2.7048",
      "s" : "buy",
      "i" : "HNT_USD",
      "m" : "4611686018431552844"
    }, {
      "d" : "1756441098254713361",
      "t" : 1756441098254,
      "tn" : 1756441098254713361,
      "q" : "15.4",
      "p" : "2.7046",
      "s" : "sell",
      "i" : "HNT_USD",
      "m" : "4611686018431552843"
    }, {
      "d" : "1756441098094158567",
      "t" : 1756441098094,
      "tn" : 1756441098094158567,
      "q" : "9.5",
      "p" : "2.7114",
      "s" : "sell",
      "i" : "HNT_USD",
      "m" : "4611686018431552842"
    }, {
      "d" : "1756440912680444873",
      "t" : 1756440912680,
      "tn" : 1756440912680444872,
      "q" : "46.0",
      "p" : "2.6943",
      "s" : "sell",
      "i" : "HNT_USD",
      "m" : "4611686018431552841"
    }, {
      "d" : "1756440912680444872",
      "t" : 1756440912680,
      "tn" : 1756440912680444872,
      "q" : "7.4",
      "p" : "2.6943",
      "s" : "sell",
      "i" : "HNT_USD",
      "m" : "4611686018431552841"
    }, {
      "d" : "1756440912680440875",
      "t" : 1756440912680,
      "tn" : 1756440912680440875,
      "q" : "22.4",
      "p" : "2.6944",
      "s" : "sell",
      "i" : "HNT_USD",
      "m" : "4611686018431552840"
    }, {
      "d" : "1756440765696130231",
      "t" : 1756440765696,
      "tn" : 1756440765696130231,
      "q" : "9.9",
      "p" : "2.6986",
      "s" : "buy",
      "i" : "HNT_USD",
      "m" : "4611686018431552839"
    }, {
      "d" : "1756440765531566240",
      "t" : 1756440765531,
      "tn" : 1756440765531566240,
      "q" : "9.9",
      "p" : "2.6978",
      "s" : "buy",
      "i" : "HNT_USD",
      "m" : "4611686018431552838"
    }, {
      "d" : "1756439469993191753",
      "t" : 1756439469993,
      "tn" : 1756439469993191753,
      "q" : "9.6",
      "p" : "2.6906",
      "s" : "sell",
      "i" : "HNT_USD",
      "m" : "4611686018431552837"
    }, {
      "d" : "1756439469990374211",
      "t" : 1756439469990,
      "tn" : 1756439469990374211,
      "q" : "19.6",
      "p" : "2.6907",
      "s" : "sell",
      "i" : "HNT_USD",
      "m" : "4611686018431552836"
    }, {
      "d" : "1756439469990372657",
      "t" : 1756439469990,
      "tn" : 1756439469990372657,
      "q" : "7.9",
      "p" : "2.6943",
      "s" : "sell",
      "i" : "HNT_USD",
      "m" : "4611686018431552835"
    }, {
      "d" : "1756439268263304542",
      "t" : 1756439268263,
      "tn" : 1756439268263304542,
      "q" : "9.6",
      "p" : "2.6876",
      "s" : "buy",
      "i" : "HNT_USD",
      "m" : "4611686018431552834"
    }, {
      "d" : "1756439085870146831",
      "t" : 1756439085870,
      "tn" : 1756439085870146831,
      "q" : "9.9",
      "p" : "2.6898",
      "s" : "buy",
      "i" : "HNT_USD",
      "m" : "4611686018431552833"
    }, {
      "d" : "1756438990765433301",
      "t" : 1756438990765,
      "tn" : 1756438990765433301,
      "q" : "9.8",
      "p" : "2.6914",
      "s" : "buy",
      "i" : "HNT_USD",
      "m" : "4611686018431552832"
    }, {
      "d" : "1756438673355696400",
      "t" : 1756438673355,
      "tn" : 1756438673355696400,
      "q" : "9.6",
      "p" : "2.6831",
      "s" : "buy",
      "i" : "HNT_USD",
      "m" : "4611686018431552831"
    }, {
      "d" : "1756438228956147983",
      "t" : 1756438228956,
      "tn" : 1756438228956147983,
      "q" : "9.9",
      "p" : "2.6797",
      "s" : "buy",
      "i" : "HNT_USD",
      "m" : "4611686018431552830"
    }, {
      "d" : "1756438051295826601",
      "t" : 1756438051295,
      "tn" : 1756438051295826601,
      "q" : "9.5",
      "p" : "2.6828",
      "s" : "buy",
      "i" : "HNT_USD",
      "m" : "4611686018431552829"
    }, {
      "d" : "1756438051141856438",
      "t" : 1756438051141,
      "tn" : 1756438051141856438,
      "q" : "21.3",
      "p" : "2.6784",
      "s" : "buy",
      "i" : "HNT_USD",
      "m" : "4611686018431552828"
    }, {
      "d" : "1756437985699675045",
      "t" : 1756437985699,
      "tn" : 1756437985699675045,
      "q" : "0.1",
      "p" : "2.6786",
      "s" : "buy",
      "i" : "HNT_USD",
      "m" : "4611686018431552827"
    } ]
  }
}