{
  "id" : -1,
  "method" : "public/get-trades",
  "code" : 0,
  "result" : {
    "data" : [ {
      "d" : "1756459167255756038",
      "t" : 1756459167255,
      "tn" : 1756459167255756038,
      "q" : "43.1",
      "p" : "2.5483",
      "s" : "buy",
      "i" : "HNT_USDT",
      "m" : "4611686018428619174"
    }, {
      "d" : "1756458951731773043",
      "t" : 1756458951731,
      "tn" : 1756458951731773043,
      "q" : "7.8",
      "p" : "2.5464",
      "s" : "sell",
      "i" : "HNT_USDT",
      "m" : "4611686018428619173"
    }, {
      "d" : "1756458147357908357",
      "t" : 1756458147357,
      "tn" : 1756458147357908357,
      "q" : "90.3",
      "p" : "2.5405",
      "s" : "sell",
      "i" : "HNT_USDT",
      "m" : "4611686018428619172"
    }, {
      "d" : "1756454957789176946",
      "t" : 1756454957789,
      "tn" : 1756454957789176946,
      "q" : "2.9",
      "p" : "2.5950",
      "s" : "buy",
      "i" : "HNT_USDT",
      "m" : "4611686018428619171"
    }, {
      "d" : "1756450947403751025",
      "t" : 1756450947403,
      "tn" : 1756450947403751025,
      "q" : "12.8",
      "p" : "2.6471",
      "s" : "sell",
      "i" : "HNT_USDT",
      "m" : "4611686018428619170"
    }, {
      "d" : "1756445113471956102",
      "t" : 1756445113471,
      "tn" : 1756445113471956102,
      "q" : "7.5",
      "p" : "2.6542",
      "s" : "buy",
      "i" : "HNT_USDT",
      "m" : "4611686018428619169"
    }, {
      "d" : "1756441372728439907",
      "t" : 1756441372728,
      "tn" : 1756441372728439907,
      "q" : "9.4",
      "p" : "2.7072",
      "s" : "sell",
      "i" : "HNT_USDT",
      "m" : "4611686018428619168"
    }, {
      "d" : "1756441299262063755",
      "t" : 1756441299262,
      "tn" : 1756441299262063755,
      "q" : "33.3",
      "p" : "2.7055",
      "s" : "buy",
      "i" : "HNT_USDT",
      "m" : "4611686018428619167"
    }, {
      "d" : "1756441299230678328",
      "t" : 1756441299230,
      "tn" : 1756441299230678328,
      "q" : "264.1",
      "p" : "2.7092",
      "s" : "buy",
      "i" : "HNT_USDT",
      "m" : "4611686018428619166"
    }, {
      "d" : "1756436713529596842",
      "t" : 1756436713529,
      "tn" : 1756436713529596842,
      "q" : "7.5",
      "p" : "2.6623",
      "s" : "buy",
      "i" : "HNT_USDT",
      "m" : "4611686018428619165"
    }, {
      "d" : "1756434773300620553",
      "t" : 1756434773300,
      "tn" : 1756434773300620553,
      "q" : "33.6",
      "p" : "2.6823",
      "s" : "buy",
      "i" : "HNT_USDT",
      "m" : "4611686018428619164"
    }, {
      "d" : "1756430390185887639",
      "t" : 1756430390185,
      "tn" : 1756430390185887639,
      "q" : "11.3",
      "p" : "2.6621",
      "s" : "buy",
      "i" : "HNT_USDT",
      "m" : "4611686018428619163"
    }, {
      "d" : "1756430077122866427",
      "t" : 1756430077122,
      "tn" : 1756430077122866427,
      "q" : "93.8",
      "p" : "2.6739",
      "s" : "buy",
      "i" : "HNT_USDT",
      "m" : "4611686018428619162"
    }, {
      "d" : "1756428447543957938",
      "t" : 1756428447543,
      "tn" : 1756428447543957938,
      "q" : "7.4",
      "p" : "2.6712",
      "s" : "sell",
      "i" : "HNT_USDT",
      "m" : "4611686018428619161"
    }, {
      "d" : "1756428155414095176",
      "t" : 1756428155414,
      "tn" : 1756428155414095176,
      "q" : "15.3",
      "p" : "2.6644",
      "s" : "buy",
      "i" : "HNT_USDT",
      "m" : "4611686018428619160"
    }, {
      "d" : "1756424925697487681",
      "t" : 1756424925697,
      "tn" : 1756424925697487681,
      "q" : "7.4",
      "p" : "2.6643",
      "s" : "sell",
      "i" : "HNT_USDT",
      "m" : "4611686018428619159"
    }, {
      "d" : "1756423753136041237",
      "t" : 1756423753136,
      "tn" : 1756423753136041237,
      "q" : "3.1",
      "p" : "2.6624",
      "s" : "sell",
      "i" : "HNT_USDT",
      "m" : "4611686018428619158"
    }, {
      "d" : "1756419529250274356",
      "t" : 1756419529250,
      "tn" : 1756419529250274356,
      "q" : "9.5",
      "p" : "2.6511",
      "s" : "sell",
      "i" : "HNT_USDT",
      "m" : "4611686018428619157"
    }, {
      "d" : "1756401562514997304",
      "t" : 1756401562514,
      "tn" : 1756401562514997304,
      "q" : "60.5",
      "p" : "2.6306",
      "s" : "sell",
      "i" : "HNT_USDT",
      "m" : "4611686018428619156"
    }, {
      "d" : "1756396701372904147",
      "t" : 1756396701372,
      "tn" : 1756396701372904147,
      "q" : "11.3",
      "p" : "2.6690",
      "s" : "buy",
      "i" : "HNT_USDT",
      "m" : "4611686018428619155"
    }, {
      "d" : "1756394782908362687",
      "t" : 1756394782908,
      "tn" : 1756394782908362687,
      "q" : "33.5",
      "p" : "2.6431",
      "s" : "sell",
      "i" : "HNT_USDT",
      "m" : "4611686018428619154"
    }, {
      "d" : "1756392425819344554",
      "t" : 1756392425819,
      "tn" : 1756392425819344554,
      "q" : "7.5",
      "p" : "2.6561",
      "s" : "buy",
      "i" : "HNT_USDT",
      "m" : "4611686018428619153"
    }, {
      "d" : "1756390697162148866",
      "t" : 1756390697162,
      "tn" : 1756390697162148866,
      "q" : "76.7",
      "p" : "2.6593",
      "s" : "buy",
      "i" : "HNT_USDT",
      "m" : "4611686018428619152"
    }, {
      "d" : "1756390697162146565",
      "t" : 1756390697162,
      "tn" : 1756390697162146565,
      "q" : "76.5",
      "p" : "2.6583",
      "s" : "buy",
      "i" : "HNT_USDT",
      "m" : "4611686018428619151"
    }, {
      "d" : "1756389724533524708",
      "t" : 1756389724533,
      "tn" : 1756389724533524708,
      "q" : "53.1",
      "p" : "2.6494",
      "s" : "buy",
      "i" : "HNT_USDT",
      "m" : "4611686018428619150"
    }, {
      "d" : "1756389528601222161",
      "t" : 1756389528601,
      "tn" : 1756389528601222161,
      "q" : "19.8",
      "p" : "2.6483",
      "s" : "sell",
      "i" : "HNT_USDT",
      "m" : "4611686018428619149"
    }, {
      "d" : "1756388728702240768",
      "t" : 1756388728702,
      "tn" : 1756388728702240768,
      "q" : "7.5",
      "p" : "2.6355",
      "s" : "buy",
      "i" : "HNT_USDT",
      "m" : "4611686018428619148"
    }, {
      "d" : "1756387137030413306",
      "t" : 1756387137030,
      "tn" : 1756387137030413306,
      "q" : "170.6",
      "p" : "2.6529",
      "s" : "buy",
      "i" : "HNT_USDT",
      "m" : "4611686018428619147"
    }, {
      "d" : "1756387137024449486",
      "t" : 1756387137024,
      "tn" : 1756387137024449486,
      "q" : "11.4",
      "p" : "2.6529",
      "s" : "buy",
      "i" : "HNT_USDT",
      "m" : "4611686018428619146"
    }, {
      "d" : "1756386270386673283",
      "t" : 1756386270386,
      "tn" : 1756386270386673283,
      "q" : "7.5",
      "p" : "2.6442",
      "s" : "buy",
      "i" : "HNT_USDT",
      "m" : "4611686018428619145"
    }, {
      "d" : "1756386270386671032",
      "t" : 1756386270386,
      "tn" : 1756386270386671032,
      "q" : "13.0",
      "p" : "2.6441",
      "s" : "buy",
      "i" : "HNT_USDT",
      "m" : "4611686018428619144"
    }, {
      "d" : "1756386270384934855",
      "t" : 1756386270384,
      "tn" : 1756386270384934855,
      "q" : "90.1",
      "p" : "2.6441",
      "s" : "buy",
      "i" : "HNT_USDT",
      "m" : "4611686018428619143"
    }, {
      "d" : "1756384549492699531",
      "t" : 1756384549492,
      "tn" : 1756384549492699531,
      "q" : "62.7",
      "p" : "2.6368",
      "s" : "sell",
      "i" : "HNT_USDT",
      "m" : "4611686018428619142"
    }, {
      "d" : "1756384549194350568",
      "t" : 1756384549194,
      "tn" : 1756384549194350568,
      "q" : "103.1",
      "p" : "2.6403",
      "s" : "sell",
      "i" : "HNT_USDT",
      "m" : "4611686018428619141"
    }, {
      "d" : "1756384292534259675",
      "t" : 1756384292534,
      "tn" : 1756384292534259675,
      "q" : "9.6",
      "p" : "2.6344",
      "s" : "sell",
      "i" : "HNT_USDT",
      "m" : "4611686018428619140"
    }, {
      "d" : "1756383575535826465",
      "t" : 1756383575535,
      "tn" : 1756383575535826465,
      "q" : "0.5",
      "p" : "2.6381",
      "s" : "sell",
      "i" : "HNT_USDT",
      "m" : "4611686018428619139"
    }, {
      "d" : "1756382052922306432",
      "t" : 1756382052922,
      "tn" : 1756382052922306432,
      "q" : "238.2",
      "p" : "2.6360",
      "s" : "buy",
      "i" : "HNT_USDT",
      "m" : "4611686018428619138"
    }, {
      "d" : "1756382052922304654",
      "t" : 1756382052922,
      "tn" : 1756382052922304654,
      "q" : "76.3",
      "p" : "2.6334",
      "s" : "buy",
      "i" : "HNT_USDT",
      "m" : "4611686018428619137"
    }, {
      "d" : "1756382052922302057",
      "t" : 1756382052922,
      "tn" : 1756382052922302057,
      "q" : "7.5",
      "p" : "2.6329",
      "s" : "buy",
      "i" : "HNT_USDT",
      "m" : "4611686018428619136"
    }, {
      "d" : "1756377976717785008",
      "t" : 1756377976717,
      "tn" : 1756377976717785008,
      "q" : "9.5",
      "p" : "2.6432",
      "s" : "sell",
      "i" : "HNT_USDT",
      "m" : "4611686018428619135"
    } ]
  }
}