{
  "id" : -1,
  "method" : "public/get-trades",
  "code" : 0,
  "result" : {
    "data" : [ {
      "d" : "1756461079149330232",
      "t" : 1756461079149,
      "tn" : 1756461079149330232,
      "q" : "130000",
      "p" : "0.0009400",
      "s" : "buy",
      "i" : "HOT_USD",
      "m" : "4611686018430060205"
    }, {
      "d" : "1756460349449897437",
      "t" : 1756460349449,
      "tn" : 1756460349449897437,
      "q" : "373200",
      "p" : "0.0009377",
      "s" : "sell",
      "i" : "HOT_USD",
      "m" : "4611686018430060204"
    }, {
      "d" : "1756460083189209176",
      "t" : 1756460083189,
      "tn" : 1756460083189209176,
      "q" : "163600",
      "p" : "0.0009298",
      "s" : "buy",
      "i" : "HOT_USD",
      "m" : "4611686018430060203"
    }, {
      "d" : "1756454539272630444",
      "t" : 1756454539272,
      "tn" : 1756454539272630444,
      "q" : "133900",
      "p" : "0.0009443",
      "s" : "sell",
      "i" : "HOT_USD",
      "m" : "4611686018430060202"
    }, {
      "d" : "1756427644179284894",
      "t" : 1756427644179,
      "tn" : 1756427644179284894,
      "q" : "453300",
      "p" : "0.0009851",
      "s" : "sell",
      "i" : "HOT_USD",
      "m" : "4611686018430060201"
    }, {
      "d" : "1756426308901505024",
      "t" : 1756426308901,
      "tn" : 1756426308901505024,
      "q" : "18700",
      "p" : "0.0009897",
      "s" : "buy",
      "i" : "HOT_USD",
      "m" : "4611686018430060200"
    }, {
      "d" : "1756425675874023866",
      "t" : 1756425675874,
      "tn" : 1756425675874023866,
      "q" : "37000",
      "p" : "0.0009858",
      "s" : "buy",
      "i" : "HOT_USD",
      "m" : "4611686018430060199"
    }, {
      "d" : "1756420667393344542",
      "t" : 1756420667393,
      "tn" : 1756420667393344541,
      "q" : "251800",
      "p" : "0.0009779",
      "s" : "sell",
      "i" : "HOT_USD",
      "m" : "4611686018430060198"
    }, {
      "d" : "1756420667393344541",
      "t" : 1756420667393,
      "tn" : 1756420667393344541,
      "q" : "122900",
      "p" : "0.0009779",
      "s" : "sell",
      "i" : "HOT_USD",
      "m" : "4611686018430060198"
    }, {
      "d" : "1756418061168012259",
      "t" : 1756418061168,
      "tn" : 1756418061168012259,
      "q" : "100400",
      "p" : "0.0009704",
      "s" : "buy",
      "i" : "HOT_USD",
      "m" : "4611686018430060197"
    }, {
      "d" : "1756418061158238597",
      "t" : 1756418061158,
      "tn" : 1756418061158238597,
      "q" : "30600",
      "p" : "0.0009704",
      "s" : "sell",
      "i" : "HOT_USD",
      "m" : "4611686018430060196"
    }, {
      "d" : "1756416423267369134",
      "t" : 1756416423267,
      "tn" : 1756416423267369134,
      "q" : "146700",
      "p" : "0.0009758",
      "s" : "buy",
      "i" : "HOT_USD",
      "m" : "4611686018430060195"
    }, {
      "d" : "1756414053241639764",
      "t" : 1756414053241,
      "tn" : 1756414053241639764,
      "q" : "323700",
      "p" : "0.0009643",
      "s" : "buy",
      "i" : "HOT_USD",
      "m" : "4611686018430060194"
    }, {
      "d" : "1756411431134767624",
      "t" : 1756411431134,
      "tn" : 1756411431134767624,
      "q" : "350800",
      "p" : "0.0009683",
      "s" : "sell",
      "i" : "HOT_USD",
      "m" : "4611686018430060193"
    }, {
      "d" : "1756408947213736610",
      "t" : 1756408947213,
      "tn" : 1756408947213736610,
      "q" : "33600",
      "p" : "0.0009802",
      "s" : "sell",
      "i" : "HOT_USD",
      "m" : "4611686018430060192"
    }, {
      "d" : "1756408947213471829",
      "t" : 1756408947213,
      "tn" : 1756408947213471829,
      "q" : "408100",
      "p" : "0.0009802",
      "s" : "sell",
      "i" : "HOT_USD",
      "m" : "4611686018430060191"
    }, {
      "d" : "1756407279277270962",
      "t" : 1756407279277,
      "tn" : 1756407279277270962,
      "q" : "291200",
      "p" : "0.0009840",
      "s" : "buy",
      "i" : "HOT_USD",
      "m" : "4611686018430060190"
    }, {
      "d" : "1756406673222633872",
      "t" : 1756406673222,
      "tn" : 1756406673222633872,
      "q" : "247300",
      "p" : "0.0009835",
      "s" : "buy",
      "i" : "HOT_USD",
      "m" : "4611686018430060189"
    }, {
      "d" : "1756404664598932149",
      "t" : 1756404664598,
      "tn" : 1756404664598932149,
      "q" : "276600",
      "p" : "0.0009715",
      "s" : "sell",
      "i" : "HOT_USD",
      "m" : "4611686018430060188"
    }, {
      "d" : "1756404649994808748",
      "t" : 1756404649994,
      "tn" : 1756404649994808748,
      "q" : "293600",
      "p" : "0.0009794",
      "s" : "sell",
      "i" : "HOT_USD",
      "m" : "4611686018430060187"
    }, {
      "d" : "1756404322617780922",
      "t" : 1756404322617,
      "tn" : 1756404322617780922,
      "q" : "138300",
      "p" : "0.0009721",
      "s" : "sell",
      "i" : "HOT_USD",
      "m" : "4611686018430060186"
    }, {
      "d" : "1756399109149685404",
      "t" : 1756399109149,
      "tn" : 1756399109149685404,
      "q" : "147500",
      "p" : "0.0009780",
      "s" : "sell",
      "i" : "HOT_USD",
      "m" : "4611686018430060185"
    }, {
      "d" : "1756398399234159777",
      "t" : 1756398399234,
      "tn" : 1756398399234159777,
      "q" : "45700",
      "p" : "0.0009787",
      "s" : "buy",
      "i" : "HOT_USD",
      "m" : "4611686018430060184"
    }, {
      "d" : "1756398399231547795",
      "t" : 1756398399231,
      "tn" : 1756398399231547795,
      "q" : "42700",
      "p" : "0.0009787",
      "s" : "buy",
      "i" : "HOT_USD",
      "m" : "4611686018430060183"
    }, {
      "d" : "1756398399218296582",
      "t" : 1756398399218,
      "tn" : 1756398399218296582,
      "q" : "92000",
      "p" : "0.0009787",
      "s" : "buy",
      "i" : "HOT_USD",
      "m" : "4611686018430060182"
    }, {
      "d" : "1756398399217982821",
      "t" : 1756398399217,
      "tn" : 1756398399217982821,
      "q" : "48300",
      "p" : "0.0009787",
      "s" : "buy",
      "i" : "HOT_USD",
      "m" : "4611686018430060181"
    }, {
      "d" : "1756398399210689714",
      "t" : 1756398399210,
      "tn" : 1756398399210689714,
      "q" : "141800",
      "p" : "0.0009787",
      "s" : "buy",
      "i" : "HOT_USD",
      "m" : "4611686018430060180"
    }, {
      "d" : "1756398399195656739",
      "t" : 1756398399195,
      "tn" : 1756398399195656739,
      "q" : "31200",
      "p" : "0.0009787",
      "s" : "buy",
      "i" : "HOT_USD",
      "m" : "4611686018430060179"
    }, {
      "d" : "1756397861477864213",
      "t" : 1756397861477,
      "tn" : 1756397861477864212,
      "q" : "442100",
      "p" : "0.0009791",
      "s" : "sell",
      "i" : "HOT_USD",
      "m" : "4611686018430060178"
    }, {
      "d" : "1756397861477864212",
      "t" : 1756397861477,
      "tn" : 1756397861477864212,
      "q" : "168900",
      "p" : "0.0009791",
      "s" : "sell",
      "i" : "HOT_USD",
      "m" : "4611686018430060178"
    }, {
      "d" : "1756397855249871399",
      "t" : 1756397855249,
      "tn" : 1756397855249871399,
      "q" : "31200",
      "p" : "0.0009802",
      "s" : "buy",
      "i" : "HOT_USD",
      "m" : "4611686018430060177"
    }, {
      "d" : "1756397794076505205",
      "t" : 1756397794076,
      "tn" : 1756397794076505205,
      "q" : "91200",
      "p" : "0.0009892",
      "s" : "buy",
      "i" : "HOT_USD",
      "m" : "4611686018430060176"
    }, {
      "d" : "1756396429284124798",
      "t" : 1756396429284,
      "tn" : 1756396429284124798,
      "q" : "967000",
      "p" : "0.0009822",
      "s" : "buy",
      "i" : "HOT_USD",
      "m" : "4611686018430060175"
    }, {
      "d" : "1756395765153240635",
      "t" : 1756395765153,
      "tn" : 1756395765153240635,
      "q" : "153100",
      "p" : "0.0009789",
      "s" : "sell",
      "i" : "HOT_USD",
      "m" : "4611686018430060174"
    }, {
      "d" : "1756394559901617739",
      "t" : 1756394559901,
      "tn" : 1756394559901617739,
      "q" : "417200",
      "p" : "0.0009818",
      "s" : "sell",
      "i" : "HOT_USD",
      "m" : "4611686018430060173"
    }, {
      "d" : "1756394330929527860",
      "t" : 1756394330929,
      "tn" : 1756394330929527860,
      "q" : "128600",
      "p" : "0.0009848",
      "s" : "sell",
      "i" : "HOT_USD",
      "m" : "4611686018430060172"
    }, {
      "d" : "1756393415529574912",
      "t" : 1756393415529,
      "tn" : 1756393415529574912,
      "q" : "150900",
      "p" : "0.0009931",
      "s" : "sell",
      "i" : "HOT_USD",
      "m" : "4611686018430060171"
    }, {
      "d" : "1756392865256496970",
      "t" : 1756392865256,
      "tn" : 1756392865256496970,
      "q" : "294100",
      "p" : "0.0009813",
      "s" : "buy",
      "i" : "HOT_USD",
      "m" : "4611686018430060170"
    }, {
      "d" : "1756392865247273530",
      "t" : 1756392865247,
      "tn" : 1756392865247273530,
      "q" : "91700",
      "p" : "0.0009813",
      "s" : "buy",
      "i" : "HOT_USD",
      "m" : "4611686018430060169"
    }, {
      "d" : "1756392865247001123",
      "t" : 1756392865247,
      "tn" : 1756392865247001123,
      "q" : "407300",
      "p" : "0.0009813",
      "s" : "buy",
      "i" : "HOT_USD",
      "m" : "4611686018430060168"
    }, {
      "d" : "1756392865238567566",
      "t" : 1756392865238,
      "tn" : 1756392865238567566,
      "q" : "71700",
      "p" : "0.0009813",
      "s" : "buy",
      "i" : "HOT_USD",
      "m" : "4611686018430060167"
    }, {
      "d" : "1756392865211336874",
      "t" : 1756392865211,
      "tn" : 1756392865211336874,
      "q" : "235200",
      "p" : "0.0009813",
      "s" : "buy",
      "i" : "HOT_USD",
      "m" : "4611686018430060166"
    }, {
      "d" : "1756391525152124846",
      "t" : 1756391525152,
      "tn" : 1756391525152124846,
      "q" : "135000",
      "p" : "0.0009776",
      "s" : "buy",
      "i" : "HOT_USD",
      "m" : "4611686018430060165"
    }, {
      "d" : "1756391525149412315",
      "t" : 1756391525149,
      "tn" : 1756391525149412315,
      "q" : "92100",
      "p" : "0.0009776",
      "s" : "buy",
      "i" : "HOT_USD",
      "m" : "4611686018430060164"
    }, {
      "d" : "1756389733250504715",
      "t" : 1756389733250,
      "tn" : 1756389733250504715,
      "q" : "450300",
      "p" : "0.0009880",
      "s" : "sell",
      "i" : "HOT_USD",
      "m" : "4611686018430060163"
    }, {
      "d" : "1756389684389156192",
      "t" : 1756389684389,
      "tn" : 1756389684389156192,
      "q" : "214200",
      "p" : "0.0009778",
      "s" : "sell",
      "i" : "HOT_USD",
      "m" : "4611686018430060162"
    }, {
      "d" : "1756389518666829556",
      "t" : 1756389518666,
      "tn" : 1756389518666829556,
      "q" : "2661900",
      "p" : "0.0009703",
      "s" : "buy",
      "i" : "HOT_USD",
      "m" : "4611686018430060161"
    }, {
      "d" : "1756389518666643294",
      "t" : 1756389518666,
      "tn" : 1756389518666643294,
      "q" : "1387600",
      "p" : "0.0009703",
      "s" : "buy",
      "i" : "HOT_USD",
      "m" : "4611686018430060160"
    }, {
      "d" : "1756389518660209977",
      "t" : 1756389518660,
      "tn" : 1756389518660209976,
      "q" : "1058200",
      "p" : "0.0009703",
      "s" : "sell",
      "i" : "HOT_USD",
      "m" : "4611686018430060159"
    }, {
      "d" : "1756389518660209976",
      "t" : 1756389518660,
      "tn" : 1756389518660209976,
      "q" : "564500",
      "p" : "0.0009703",
      "s" : "sell",
      "i" : "HOT_USD",
      "m" : "4611686018430060159"
    }, {
      "d" : "1756389518660205187",
      "t" : 1756389518660,
      "tn" : 1756389518660205187,
      "q" : "926100",
      "p" : "0.0009723",
      "s" : "sell",
      "i" : "HOT_USD",
      "m" : "4611686018430060158"
    }, {
      "d" : "1756389518660203063",
      "t" : 1756389518660,
      "tn" : 1756389518660203063,
      "q" : "564500",
      "p" : "0.0009734",
      "s" : "sell",
      "i" : "HOT_USD",
      "m" : "4611686018430060157"
    }, {
      "d" : "1756389518660200656",
      "t" : 1756389518660,
      "tn" : 1756389518660200656,
      "q" : "923500",
      "p" : "0.0009739",
      "s" : "sell",
      "i" : "HOT_USD",
      "m" : "4611686018430060156"
    }, {
      "d" : "1756389518660197886",
      "t" : 1756389518660,
      "tn" : 1756389518660197886,
      "q" : "622000",
      "p" : "0.0009744",
      "s" : "sell",
      "i" : "HOT_USD",
      "m" : "4611686018430060155"
    }, {
      "d" : "1756389518660195405",
      "t" : 1756389518660,
      "tn" : 1756389518660195405,
      "q" : "720700",
      "p" : "0.0009758",
      "s" : "sell",
      "i" : "HOT_USD",
      "m" : "4611686018430060154"
    }, {
      "d" : "1756389518660191658",
      "t" : 1756389518660,
      "tn" : 1756389518660191658,
      "q" : "825100",
      "p" : "0.0009759",
      "s" : "sell",
      "i" : "HOT_USD",
      "m" : "4611686018430060153"
    }, {
      "d" : "1756388957954090223",
      "t" : 1756388957954,
      "tn" : 1756388957954090223,
      "q" : "120800",
      "p" : "0.0009751",
      "s" : "buy",
      "i" : "HOT_USD",
      "m" : "4611686018430060152"
    }, {
      "d" : "1756388957949022483",
      "t" : 1756388957949,
      "tn" : 1756388957949022483,
      "q" : "140500",
      "p" : "0.0009751",
      "s" : "sell",
      "i" : "HOT_USD",
      "m" : "4611686018430060151"
    }, {
      "d" : "1756386915476071983",
      "t" : 1756386915476,
      "tn" : 1756386915476071983,
      "q" : "311800",
      "p" : "0.0009775",
      "s" : "buy",
      "i" : "HOT_USD",
      "m" : "4611686018430060150"
    }, {
      "d" : "1756386147469908429",
      "t" : 1756386147469,
      "tn" : 1756386147469908429,
      "q" : "483200",
      "p" : "0.0009844",
      "s" : "sell",
      "i" : "HOT_USD",
      "m" : "4611686018430060149"
    }, {
      "d" : "1756386147469588452",
      "t" : 1756386147469,
      "tn" : 1756386147469588452,
      "q" : "178600",
      "p" : "0.0009844",
      "s" : "sell",
      "i" : "HOT_USD",
      "m" : "4611686018430060148"
    }, {
      "d" : "1756385779312312220",
      "t" : 1756385779312,
      "tn" : 1756385779312312220,
      "q" : "344800",
      "p" : "0.0009840",
      "s" : "sell",
      "i" : "HOT_USD",
      "m" : "4611686018430060147"
    }, {
      "d" : "1756385779132139177",
      "t" : 1756385779132,
      "tn" : 1756385779132139177,
      "q" : "1100000",
      "p" : "0.0009840",
      "s" : "sell",
      "i" : "HOT_USD",
      "m" : "4611686018430060146"
    }, {
      "d" : "1756384458786220178",
      "t" : 1756384458786,
      "tn" : 1756384458786220178,
      "q" : "27600",
      "p" : "0.0009866",
      "s" : "buy",
      "i" : "HOT_USD",
      "m" : "4611686018430060145"
    }, {
      "d" : "1756383537221517478",
      "t" : 1756383537221,
      "tn" : 1756383537221517478,
      "q" : "184100",
      "p" : "0.0009756",
      "s" : "sell",
      "i" : "HOT_USD",
      "m" : "4611686018430060144"
    }, {
      "d" : "1756383491677746955",
      "t" : 1756383491677,
      "tn" : 1756383491677746955,
      "q" : "2000",
      "p" : "0.0009752",
      "s" : "sell",
      "i" : "HOT_USD",
      "m" : "4611686018430060143"
    }, {
      "d" : "1756383124401208035",
      "t" : 1756383124401,
      "tn" : 1756383124401208035,
      "q" : "128600",
      "p" : "0.0009840",
      "s" : "sell",
      "i" : "HOT_USD",
      "m" : "4611686018430060142"
    }, {
      "d" : "1756383043146845230",
      "t" : 1756383043146,
      "tn" : 1756383043146845230,
      "q" : "202700",
      "p" : "0.0009841",
      "s" : "sell",
      "i" : "HOT_USD",
      "m" : "4611686018430060141"
    }, {
      "d" : "1756382845481835728",
      "t" : 1756382845481,
      "tn" : 1756382845481835728,
      "q" : "22300",
      "p" : "0.0009790",
      "s" : "sell",
      "i" : "HOT_USD",
      "m" : "4611686018430060140"
    }, {
      "d" : "1756382842764999800",
      "t" : 1756382842764,
      "tn" : 1756382842764999800,
      "q" : "181900",
      "p" : "0.0009790",
      "s" : "sell",
      "i" : "HOT_USD",
      "m" : "4611686018430060139"
    }, {
      "d" : "1756382548776304766",
      "t" : 1756382548776,
      "tn" : 1756382548776304766,
      "q" : "30400",
      "p" : "0.0009806",
      "s" : "buy",
      "i" : "HOT_USD",
      "m" : "4611686018430060138"
    }, {
      "d" : "1756382548776241448",
      "t" : 1756382548776,
      "tn" : 1756382548776241448,
      "q" : "30400",
      "p" : "0.0009806",
      "s" : "buy",
      "i" : "HOT_USD",
      "m" : "4611686018430060137"
    }, {
      "d" : "1756382548776239590",
      "t" : 1756382548776,
      "tn" : 1756382548776239590,
      "q" : "30400",
      "p" : "0.0009806",
      "s" : "buy",
      "i" : "HOT_USD",
      "m" : "4611686018430060136"
    }, {
      "d" : "1756382548776237190",
      "t" : 1756382548776,
      "tn" : 1756382548776237190,
      "q" : "30400",
      "p" : "0.0009806",
      "s" : "buy",
      "i" : "HOT_USD",
      "m" : "4611686018430060135"
    }, {
      "d" : "1756382548776234655",
      "t" : 1756382548776,
      "tn" : 1756382548776234655,
      "q" : "30400",
      "p" : "0.0009806",
      "s" : "buy",
      "i" : "HOT_USD",
      "m" : "4611686018430060134"
    }, {
      "d" : "1756382548776168464",
      "t" : 1756382548776,
      "tn" : 1756382548776168464,
      "q" : "30400",
      "p" : "0.0009806",
      "s" : "buy",
      "i" : "HOT_USD",
      "m" : "4611686018430060133"
    }, {
      "d" : "1756382548776092508",
      "t" : 1756382548776,
      "tn" : 1756382548776092508,
      "q" : "30400",
      "p" : "0.0009806",
      "s" : "buy",
      "i" : "HOT_USD",
      "m" : "4611686018430060132"
    }, {
      "d" : "1756382548776065762",
      "t" : 1756382548776,
      "tn" : 1756382548776065762,
      "q" : "30400",
      "p" : "0.0009806",
      "s" : "buy",
      "i" : "HOT_USD",
      "m" : "4611686018430060131"
    }, {
      "d" : "1756382548776063377",
      "t" : 1756382548776,
      "tn" : 1756382548776063377,
      "q" : "30400",
      "p" : "0.0009806",
      "s" : "buy",
      "i" : "HOT_USD",
      "m" : "4611686018430060130"
    }, {
      "d" : "1756382548776051390",
      "t" : 1756382548776,
      "tn" : 1756382548776051390,
      "q" : "30400",
      "p" : "0.0009806",
      "s" : "buy",
      "i" : "HOT_USD",
      "m" : "4611686018430060129"
    }, {
      "d" : "1756382541240976997",
      "t" : 1756382541240,
      "tn" : 1756382541240976997,
      "q" : "204000",
      "p" : "0.0009800",
      "s" : "sell",
      "i" : "HOT_USD",
      "m" : "4611686018430060128"
    }, {
      "d" : "1756377341470026339",
      "t" : 1756377341470,
      "tn" : 1756377341470026339,
      "q" : "311800",
      "p" : "0.0009728",
      "s" : "sell",
      "i" : "HOT_USD",
      "m" : "4611686018430060127"
    }, {
      "d" : "1756377341470023971",
      "t" : 1756377341470,
      "tn" : 1756377341470023971,
      "q" : "417100",
      "p" : "0.0009729",
      "s" : "sell",
      "i" : "HOT_USD",
      "m" : "4611686018430060126"
    } ]
  }
}