{
  "id" : -1,
  "method" : "public/get-trades",
  "code" : 0,
  "result" : {
    "data" : [ {
      "d" : "1756455680419172414",
      "t" : 1756455680419,
      "tn" : 1756455680419172414,
      "q" : "10",
      "p" : "0.29690",
      "s" : "sell",
      "i" : "HYPERUSD-PERP",
      "m" : "4611686018427561288"
    }, {
      "d" : "1756455176549806430",
      "t" : 1756455176549,
      "tn" : 1756455176549806430,
      "q" : "10",
      "p" : "0.29759",
      "s" : "buy",
      "i" : "HYPERUSD-PERP",
      "m" : "4611686018427561287"
    }, {
      "d" : "1756451671722515824",
      "t" : 1756451671722,
      "tn" : 1756451671722515824,
      "q" : "10",
      "p" : "0.29910",
      "s" : "sell",
      "i" : "HYPERUSD-PERP",
      "m" : "4611686018427561286"
    }, {
      "d" : "1756451666648023179",
      "t" : 1756451666648,
      "tn" : 1756451666648023179,
      "q" : "10",
      "p" : "0.29931",
      "s" : "sell",
      "i" : "HYPERUSD-PERP",
      "m" : "4611686018427561285"
    }, {
      "d" : "1756451578035154677",
      "t" : 1756451578035,
      "tn" : 1756451578035154677,
      "q" : "10",
      "p" : "0.30042",
      "s" : "sell",
      "i" : "HYPERUSD-PERP",
      "m" : "4611686018427561284"
    }, {
      "d" : "1756451554731171173",
      "t" : 1756451554731,
      "tn" : 1756451554731171173,
      "q" : "10",
      "p" : "0.30093",
      "s" : "sell",
      "i" : "HYPERUSD-PERP",
      "m" : "4611686018427561283"
    }, {
      "d" : "1756451462343861298",
      "t" : 1756451462343,
      "tn" : 1756451462343861298,
      "q" : "10",
      "p" : "0.30144",
      "s" : "sell",
      "i" : "HYPERUSD-PERP",
      "m" : "4611686018427561282"
    }, {
      "d" : "1756451213437879160",
      "t" : 1756451213437,
      "tn" : 1756451213437879160,
      "q" : "10",
      "p" : "0.30286",
      "s" : "sell",
      "i" : "HYPERUSD-PERP",
      "m" : "4611686018427561281"
    }, {
      "d" : "1756451166331378763",
      "t" : 1756451166331,
      "tn" : 1756451166331378763,
      "q" : "10",
      "p" : "0.30307",
      "s" : "sell",
      "i" : "HYPERUSD-PERP",
      "m" : "4611686018427561280"
    }, {
      "d" : "1756451165623019686",
      "t" : 1756451165623,
      "tn" : 1756451165623019686,
      "q" : "10",
      "p" : "0.30328",
      "s" : "sell",
      "i" : "HYPERUSD-PERP",
      "m" : "4611686018427561279"
    }, {
      "d" : "1756450698412773267",
      "t" : 1756450698412,
      "tn" : 1756450698412773267,
      "q" : "1310",
      "p" : "0.30360",
      "s" : "buy",
      "i" : "HYPERUSD-PERP",
      "m" : "4611686018427561278"
    }, {
      "d" : "1756449628589782669",
      "t" : 1756449628589,
      "tn" : 1756449628589782669,
      "q" : "280",
      "p" : "0.30347",
      "s" : "sell",
      "i" : "HYPERUSD-PERP",
      "m" : "4611686018427561277"
    }, {
      "d" : "1756449628279865110",
      "t" : 1756449628279,
      "tn" : 1756449628279865110,
      "q" : "320",
      "p" : "0.30347",
      "s" : "sell",
      "i" : "HYPERUSD-PERP",
      "m" : "4611686018427561276"
    }, {
      "d" : "1756449627969845063",
      "t" : 1756449627969,
      "tn" : 1756449627969845063,
      "q" : "310",
      "p" : "0.30347",
      "s" : "sell",
      "i" : "HYPERUSD-PERP",
      "m" : "4611686018427561275"
    }, {
      "d" : "1756449626801049347",
      "t" : 1756449626801,
      "tn" : 1756449626801049347,
      "q" : "1290",
      "p" : "0.30347",
      "s" : "sell",
      "i" : "HYPERUSD-PERP",
      "m" : "4611686018427561274"
    }, {
      "d" : "1756445359298151647",
      "t" : 1756445359298,
      "tn" : 1756445359298151647,
      "q" : "10",
      "p" : "0.30567",
      "s" : "buy",
      "i" : "HYPERUSD-PERP",
      "m" : "4611686018427561273"
    }, {
      "d" : "1756431179128158474",
      "t" : 1756431179128,
      "tn" : 1756431179128158474,
      "q" : "10",
      "p" : "0.30688",
      "s" : "sell",
      "i" : "HYPERUSD-PERP",
      "m" : "4611686018427561272"
    }, {
      "d" : "1756429500651188512",
      "t" : 1756429500651,
      "tn" : 1756429500651188512,
      "q" : "1410",
      "p" : "0.30957",
      "s" : "buy",
      "i" : "HYPERUSD-PERP",
      "m" : "4611686018427561271"
    }, {
      "d" : "1756429488994135708",
      "t" : 1756429488994,
      "tn" : 1756429488994135708,
      "q" : "10",
      "p" : "0.30960",
      "s" : "sell",
      "i" : "HYPERUSD-PERP",
      "m" : "4611686018427561270"
    }, {
      "d" : "1756425593720044858",
      "t" : 1756425593720,
      "tn" : 1756425593720044858,
      "q" : "10",
      "p" : "0.31041",
      "s" : "sell",
      "i" : "HYPERUSD-PERP",
      "m" : "4611686018427561269"
    }, {
      "d" : "1756425047085968456",
      "t" : 1756425047085,
      "tn" : 1756425047085968456,
      "q" : "10",
      "p" : "0.31140",
      "s" : "buy",
      "i" : "HYPERUSD-PERP",
      "m" : "4611686018427561268"
    }, {
      "d" : "1756425047085964595",
      "t" : 1756425047085,
      "tn" : 1756425047085964595,
      "q" : "300",
      "p" : "0.31134",
      "s" : "buy",
      "i" : "HYPERUSD-PERP",
      "m" : "4611686018427561267"
    }, {
      "d" : "1756424342579959027",
      "t" : 1756424342579,
      "tn" : 1756424342579959027,
      "q" : "10",
      "p" : "0.31141",
      "s" : "sell",
      "i" : "HYPERUSD-PERP",
      "m" : "4611686018427561266"
    }, {
      "d" : "1756422528209933553",
      "t" : 1756422528209,
      "tn" : 1756422528209933553,
      "q" : "10",
      "p" : "0.31062",
      "s" : "sell",
      "i" : "HYPERUSD-PERP",
      "m" : "4611686018427561265"
    }, {
      "d" : "1756417036793001416",
      "t" : 1756417036793,
      "tn" : 1756417036793001416,
      "q" : "10",
      "p" : "0.30722",
      "s" : "sell",
      "i" : "HYPERUSD-PERP",
      "m" : "4611686018427561264"
    }, {
      "d" : "1756412866036159988",
      "t" : 1756412866036,
      "tn" : 1756412866036159988,
      "q" : "10",
      "p" : "0.30533",
      "s" : "sell",
      "i" : "HYPERUSD-PERP",
      "m" : "4611686018427561263"
    }, {
      "d" : "1756412069553299359",
      "t" : 1756412069553,
      "tn" : 1756412069553299359,
      "q" : "10",
      "p" : "0.30482",
      "s" : "buy",
      "i" : "HYPERUSD-PERP",
      "m" : "4611686018427561262"
    }, {
      "d" : "1756411879253964576",
      "t" : 1756411879253,
      "tn" : 1756411879253964576,
      "q" : "320",
      "p" : "0.30432",
      "s" : "buy",
      "i" : "HYPERUSD-PERP",
      "m" : "4611686018427561261"
    }, {
      "d" : "1756411879253961357",
      "t" : 1756411879253,
      "tn" : 1756411879253961357,
      "q" : "10",
      "p" : "0.30423",
      "s" : "buy",
      "i" : "HYPERUSD-PERP",
      "m" : "4611686018427561260"
    }, {
      "d" : "1756411879253958922",
      "t" : 1756411879253,
      "tn" : 1756411879253958922,
      "q" : "10",
      "p" : "0.30411",
      "s" : "buy",
      "i" : "HYPERUSD-PERP",
      "m" : "4611686018427561259"
    }, {
      "d" : "1756411826026987628",
      "t" : 1756411826026,
      "tn" : 1756411826026987628,
      "q" : "10",
      "p" : "0.30350",
      "s" : "buy",
      "i" : "HYPERUSD-PERP",
      "m" : "4611686018427561258"
    }, {
      "d" : "1756411732909367960",
      "t" : 1756411732909,
      "tn" : 1756411732909367960,
      "q" : "10",
      "p" : "0.30379",
      "s" : "buy",
      "i" : "HYPERUSD-PERP",
      "m" : "4611686018427561257"
    }, {
      "d" : "1756410776748213899",
      "t" : 1756410776748,
      "tn" : 1756410776748213899,
      "q" : "10",
      "p" : "0.30420",
      "s" : "sell",
      "i" : "HYPERUSD-PERP",
      "m" : "4611686018427561256"
    }, {
      "d" : "1756409711780072612",
      "t" : 1756409711780,
      "tn" : 1756409711780072612,
      "q" : "10",
      "p" : "0.30601",
      "s" : "sell",
      "i" : "HYPERUSD-PERP",
      "m" : "4611686018427561255"
    }, {
      "d" : "1756409433619878100",
      "t" : 1756409433619,
      "tn" : 1756409433619878100,
      "q" : "10",
      "p" : "0.30662",
      "s" : "sell",
      "i" : "HYPERUSD-PERP",
      "m" : "4611686018427561254"
    }, {
      "d" : "1756409372529955429",
      "t" : 1756409372529,
      "tn" : 1756409372529955429,
      "q" : "10",
      "p" : "0.30653",
      "s" : "sell",
      "i" : "HYPERUSD-PERP",
      "m" : "4611686018427561253"
    }, {
      "d" : "1756409338720171023",
      "t" : 1756409338720,
      "tn" : 1756409338720171023,
      "q" : "10",
      "p" : "0.30654",
      "s" : "sell",
      "i" : "HYPERUSD-PERP",
      "m" : "4611686018427561252"
    }, {
      "d" : "1756408631040086273",
      "t" : 1756408631040,
      "tn" : 1756408631040086273,
      "q" : "10",
      "p" : "0.30675",
      "s" : "sell",
      "i" : "HYPERUSD-PERP",
      "m" : "4611686018427561251"
    }, {
      "d" : "1756406264309123582",
      "t" : 1756406264309,
      "tn" : 1756406264309123582,
      "q" : "320",
      "p" : "0.30762",
      "s" : "buy",
      "i" : "HYPERUSD-PERP",
      "m" : "4611686018427561250"
    }, {
      "d" : "1756401750854170377",
      "t" : 1756401750854,
      "tn" : 1756401750854170377,
      "q" : "1830",
      "p" : "0.30674",
      "s" : "sell",
      "i" : "HYPERUSD-PERP",
      "m" : "4611686018427561249"
    }, {
      "d" : "1756401748738321638",
      "t" : 1756401748738,
      "tn" : 1756401748738321638,
      "q" : "10",
      "p" : "0.30674",
      "s" : "buy",
      "i" : "HYPERUSD-PERP",
      "m" : "4611686018427561248"
    }, {
      "d" : "1756401742737847656",
      "t" : 1756401742737,
      "tn" : 1756401742737847655,
      "q" : "10",
      "p" : "0.30673",
      "s" : "buy",
      "i" : "HYPERUSD-PERP",
      "m" : "4611686018427561247"
    }, {
      "d" : "1756401742737847655",
      "t" : 1756401742737,
      "tn" : 1756401742737847655,
      "q" : "10",
      "p" : "0.30673",
      "s" : "buy",
      "i" : "HYPERUSD-PERP",
      "m" : "4611686018427561247"
    }, {
      "d" : "1756401736734394935",
      "t" : 1756401736734,
      "tn" : 1756401736734394934,
      "q" : "10",
      "p" : "0.30672",
      "s" : "buy",
      "i" : "HYPERUSD-PERP",
      "m" : "4611686018427561246"
    }, {
      "d" : "1756401736734394934",
      "t" : 1756401736734,
      "tn" : 1756401736734394934,
      "q" : "10",
      "p" : "0.30672",
      "s" : "buy",
      "i" : "HYPERUSD-PERP",
      "m" : "4611686018427561246"
    }, {
      "d" : "1756401730737951964",
      "t" : 1756401730737,
      "tn" : 1756401730737951964,
      "q" : "10",
      "p" : "0.30671",
      "s" : "buy",
      "i" : "HYPERUSD-PERP",
      "m" : "4611686018427561245"
    }, {
      "d" : "1756401724737823208",
      "t" : 1756401724737,
      "tn" : 1756401724737823208,
      "q" : "10",
      "p" : "0.30670",
      "s" : "buy",
      "i" : "HYPERUSD-PERP",
      "m" : "4611686018427561244"
    }, {
      "d" : "1756401718737820342",
      "t" : 1756401718737,
      "tn" : 1756401718737820342,
      "q" : "10",
      "p" : "0.30659",
      "s" : "buy",
      "i" : "HYPERUSD-PERP",
      "m" : "4611686018427561243"
    }, {
      "d" : "1756401709738290986",
      "t" : 1756401709738,
      "tn" : 1756401709738290986,
      "q" : "10",
      "p" : "0.30658",
      "s" : "buy",
      "i" : "HYPERUSD-PERP",
      "m" : "4611686018427561242"
    }, {
      "d" : "1756401703738778256",
      "t" : 1756401703738,
      "tn" : 1756401703738778256,
      "q" : "10",
      "p" : "0.30657",
      "s" : "buy",
      "i" : "HYPERUSD-PERP",
      "m" : "4611686018427561241"
    }, {
      "d" : "1756401698563857124",
      "t" : 1756401698563,
      "tn" : 1756401698563857124,
      "q" : "10",
      "p" : "0.30656",
      "s" : "buy",
      "i" : "HYPERUSD-PERP",
      "m" : "4611686018427561240"
    }, {
      "d" : "1756401694736973708",
      "t" : 1756401694736,
      "tn" : 1756401694736973708,
      "q" : "10",
      "p" : "0.30655",
      "s" : "buy",
      "i" : "HYPERUSD-PERP",
      "m" : "4611686018427561239"
    }, {
      "d" : "1756401688738913911",
      "t" : 1756401688738,
      "tn" : 1756401688738913911,
      "q" : "10",
      "p" : "0.30644",
      "s" : "buy",
      "i" : "HYPERUSD-PERP",
      "m" : "4611686018427561238"
    }, {
      "d" : "1756401682737850822",
      "t" : 1756401682737,
      "tn" : 1756401682737850822,
      "q" : "10",
      "p" : "0.30643",
      "s" : "buy",
      "i" : "HYPERUSD-PERP",
      "m" : "4611686018427561237"
    }, {
      "d" : "1756401676738678865",
      "t" : 1756401676738,
      "tn" : 1756401676738678865,
      "q" : "10",
      "p" : "0.30642",
      "s" : "buy",
      "i" : "HYPERUSD-PERP",
      "m" : "4611686018427561236"
    }, {
      "d" : "1756401670738534561",
      "t" : 1756401670738,
      "tn" : 1756401670738534561,
      "q" : "10",
      "p" : "0.30631",
      "s" : "buy",
      "i" : "HYPERUSD-PERP",
      "m" : "4611686018427561235"
    }, {
      "d" : "1756401661377706745",
      "t" : 1756401661377,
      "tn" : 1756401661377706745,
      "q" : "10",
      "p" : "0.30621",
      "s" : "buy",
      "i" : "HYPERUSD-PERP",
      "m" : "4611686018427561234"
    }, {
      "d" : "1756401655737905167",
      "t" : 1756401655737,
      "tn" : 1756401655737905167,
      "q" : "10",
      "p" : "0.30619",
      "s" : "buy",
      "i" : "HYPERUSD-PERP",
      "m" : "4611686018427561233"
    }, {
      "d" : "1756401649738013164",
      "t" : 1756401649738,
      "tn" : 1756401649738013164,
      "q" : "10",
      "p" : "0.30618",
      "s" : "buy",
      "i" : "HYPERUSD-PERP",
      "m" : "4611686018427561232"
    }, {
      "d" : "1756401643737691989",
      "t" : 1756401643737,
      "tn" : 1756401643737691989,
      "q" : "10",
      "p" : "0.30617",
      "s" : "buy",
      "i" : "HYPERUSD-PERP",
      "m" : "4611686018427561231"
    }, {
      "d" : "1756401637738569049",
      "t" : 1756401637738,
      "tn" : 1756401637738569049,
      "q" : "10",
      "p" : "0.30616",
      "s" : "buy",
      "i" : "HYPERUSD-PERP",
      "m" : "4611686018427561230"
    }, {
      "d" : "1756401631735594850",
      "t" : 1756401631735,
      "tn" : 1756401631735594850,
      "q" : "10",
      "p" : "0.30615",
      "s" : "buy",
      "i" : "HYPERUSD-PERP",
      "m" : "4611686018427561229"
    }, {
      "d" : "1756401601737230514",
      "t" : 1756401601737,
      "tn" : 1756401601737230514,
      "q" : "10",
      "p" : "0.30614",
      "s" : "buy",
      "i" : "HYPERUSD-PERP",
      "m" : "4611686018427561228"
    }, {
      "d" : "1756401595738582611",
      "t" : 1756401595738,
      "tn" : 1756401595738582611,
      "q" : "10",
      "p" : "0.30613",
      "s" : "buy",
      "i" : "HYPERUSD-PERP",
      "m" : "4611686018427561227"
    }, {
      "d" : "1756401589735326609",
      "t" : 1756401589735,
      "tn" : 1756401589735326609,
      "q" : "10",
      "p" : "0.30612",
      "s" : "buy",
      "i" : "HYPERUSD-PERP",
      "m" : "4611686018427561226"
    }, {
      "d" : "1756401578015287071",
      "t" : 1756401578015,
      "tn" : 1756401578015287071,
      "q" : "10",
      "p" : "0.30611",
      "s" : "buy",
      "i" : "HYPERUSD-PERP",
      "m" : "4611686018427561225"
    }, {
      "d" : "1756401553738221905",
      "t" : 1756401553738,
      "tn" : 1756401553738221905,
      "q" : "10",
      "p" : "0.30630",
      "s" : "buy",
      "i" : "HYPERUSD-PERP",
      "m" : "4611686018427561224"
    }, {
      "d" : "1756401547736842806",
      "t" : 1756401547736,
      "tn" : 1756401547736842806,
      "q" : "10",
      "p" : "0.30629",
      "s" : "buy",
      "i" : "HYPERUSD-PERP",
      "m" : "4611686018427561223"
    }, {
      "d" : "1756401541738730153",
      "t" : 1756401541738,
      "tn" : 1756401541738730153,
      "q" : "10",
      "p" : "0.30628",
      "s" : "buy",
      "i" : "HYPERUSD-PERP",
      "m" : "4611686018427561222"
    }, {
      "d" : "1756401532738148669",
      "t" : 1756401532738,
      "tn" : 1756401532738148669,
      "q" : "10",
      "p" : "0.30617",
      "s" : "buy",
      "i" : "HYPERUSD-PERP",
      "m" : "4611686018427561221"
    }, {
      "d" : "1756401526738317090",
      "t" : 1756401526738,
      "tn" : 1756401526738317090,
      "q" : "10",
      "p" : "0.30616",
      "s" : "buy",
      "i" : "HYPERUSD-PERP",
      "m" : "4611686018427561220"
    }, {
      "d" : "1756401522280880496",
      "t" : 1756401522280,
      "tn" : 1756401522280880496,
      "q" : "10",
      "p" : "0.30595",
      "s" : "buy",
      "i" : "HYPERUSD-PERP",
      "m" : "4611686018427561219"
    }, {
      "d" : "1756401517738096778",
      "t" : 1756401517738,
      "tn" : 1756401517738096778,
      "q" : "10",
      "p" : "0.30594",
      "s" : "buy",
      "i" : "HYPERUSD-PERP",
      "m" : "4611686018427561218"
    }, {
      "d" : "1756401511737079578",
      "t" : 1756401511737,
      "tn" : 1756401511737079578,
      "q" : "10",
      "p" : "0.30586",
      "s" : "buy",
      "i" : "HYPERUSD-PERP",
      "m" : "4611686018427561217"
    }, {
      "d" : "1756401505301615464",
      "t" : 1756401505301,
      "tn" : 1756401505301615464,
      "q" : "10",
      "p" : "0.30584",
      "s" : "buy",
      "i" : "HYPERUSD-PERP",
      "m" : "4611686018427561216"
    }, {
      "d" : "1756401477593970737",
      "t" : 1756401477593,
      "tn" : 1756401477593970737,
      "q" : "10",
      "p" : "0.30571",
      "s" : "buy",
      "i" : "HYPERUSD-PERP",
      "m" : "4611686018427561215"
    }, {
      "d" : "1756401472737645664",
      "t" : 1756401472737,
      "tn" : 1756401472737645664,
      "q" : "10",
      "p" : "0.30560",
      "s" : "buy",
      "i" : "HYPERUSD-PERP",
      "m" : "4611686018427561214"
    }, {
      "d" : "1756401466737851683",
      "t" : 1756401466737,
      "tn" : 1756401466737851683,
      "q" : "10",
      "p" : "0.30559",
      "s" : "buy",
      "i" : "HYPERUSD-PERP",
      "m" : "4611686018427561213"
    }, {
      "d" : "1756401460941477307",
      "t" : 1756401460941,
      "tn" : 1756401460941477307,
      "q" : "10",
      "p" : "0.30548",
      "s" : "buy",
      "i" : "HYPERUSD-PERP",
      "m" : "4611686018427561212"
    }, {
      "d" : "1756401408441296636",
      "t" : 1756401408441,
      "tn" : 1756401408441296636,
      "q" : "10",
      "p" : "0.30554",
      "s" : "buy",
      "i" : "HYPERUSD-PERP",
      "m" : "4611686018427561211"
    }, {
      "d" : "1756401400738456622",
      "t" : 1756401400738,
      "tn" : 1756401400738456622,
      "q" : "10",
      "p" : "0.30550",
      "s" : "buy",
      "i" : "HYPERUSD-PERP",
      "m" : "4611686018427561210"
    }, {
      "d" : "1756401340021232260",
      "t" : 1756401340021,
      "tn" : 1756401340021232260,
      "q" : "570",
      "p" : "0.30584",
      "s" : "sell",
      "i" : "HYPERUSD-PERP",
      "m" : "4611686018427561209"
    }, {
      "d" : "1756401190000579560",
      "t" : 1756401190000,
      "tn" : 1756401190000579560,
      "q" : "3380",
      "p" : "0.30583",
      "s" : "sell",
      "i" : "HYPERUSD-PERP",
      "m" : "4611686018427561208"
    }, {
      "d" : "1756400969202122316",
      "t" : 1756400969202,
      "tn" : 1756400969202122316,
      "q" : "10",
      "p" : "0.30509",
      "s" : "buy",
      "i" : "HYPERUSD-PERP",
      "m" : "4611686018427561207"
    }, {
      "d" : "1756400936643826207",
      "t" : 1756400936643,
      "tn" : 1756400936643826207,
      "q" : "10",
      "p" : "0.30488",
      "s" : "buy",
      "i" : "HYPERUSD-PERP",
      "m" : "4611686018427561206"
    }, {
      "d" : "1756400927336749536",
      "t" : 1756400927336,
      "tn" : 1756400927336749536,
      "q" : "10",
      "p" : "0.30427",
      "s" : "buy",
      "i" : "HYPERUSD-PERP",
      "m" : "4611686018427561205"
    }, {
      "d" : "1756400788982569926",
      "t" : 1756400788982,
      "tn" : 1756400788982569926,
      "q" : "10",
      "p" : "0.30298",
      "s" : "sell",
      "i" : "HYPERUSD-PERP",
      "m" : "4611686018427561204"
    }, {
      "d" : "1756400788982567945",
      "t" : 1756400788982,
      "tn" : 1756400788982567945,
      "q" : "160",
      "p" : "0.30300",
      "s" : "sell",
      "i" : "HYPERUSD-PERP",
      "m" : "4611686018427561203"
    }, {
      "d" : "1756400788982565254",
      "t" : 1756400788982,
      "tn" : 1756400788982565254,
      "q" : "10",
      "p" : "0.30303",
      "s" : "sell",
      "i" : "HYPERUSD-PERP",
      "m" : "4611686018427561202"
    }, {
      "d" : "1756400766945965851",
      "t" : 1756400766945,
      "tn" : 1756400766945965851,
      "q" : "160",
      "p" : "0.30372",
      "s" : "sell",
      "i" : "HYPERUSD-PERP",
      "m" : "4611686018427561201"
    }, {
      "d" : "1756400766945963781",
      "t" : 1756400766945,
      "tn" : 1756400766945963781,
      "q" : "160",
      "p" : "0.30378",
      "s" : "sell",
      "i" : "HYPERUSD-PERP",
      "m" : "4611686018427561200"
    }, {
      "d" : "1756400766945961809",
      "t" : 1756400766945,
      "tn" : 1756400766945961809,
      "q" : "160",
      "p" : "0.30390",
      "s" : "sell",
      "i" : "HYPERUSD-PERP",
      "m" : "4611686018427561199"
    }, {
      "d" : "1756400766945959025",
      "t" : 1756400766945,
      "tn" : 1756400766945959025,
      "q" : "160",
      "p" : "0.30396",
      "s" : "sell",
      "i" : "HYPERUSD-PERP",
      "m" : "4611686018427561198"
    }, {
      "d" : "1756400766945956667",
      "t" : 1756400766945,
      "tn" : 1756400766945956667,
      "q" : "10",
      "p" : "0.30429",
      "s" : "sell",
      "i" : "HYPERUSD-PERP",
      "m" : "4611686018427561197"
    }, {
      "d" : "1756400766945953687",
      "t" : 1756400766945,
      "tn" : 1756400766945953687,
      "q" : "10",
      "p" : "0.30435",
      "s" : "sell",
      "i" : "HYPERUSD-PERP",
      "m" : "4611686018427561196"
    }, {
      "d" : "1756400734513860041",
      "t" : 1756400734513,
      "tn" : 1756400734513860041,
      "q" : "10",
      "p" : "0.30440",
      "s" : "sell",
      "i" : "HYPERUSD-PERP",
      "m" : "4611686018427561195"
    }, {
      "d" : "1756400734513857896",
      "t" : 1756400734513,
      "tn" : 1756400734513857896,
      "q" : "10",
      "p" : "0.30444",
      "s" : "sell",
      "i" : "HYPERUSD-PERP",
      "m" : "4611686018427561194"
    }, {
      "d" : "1756400724458492158",
      "t" : 1756400724458,
      "tn" : 1756400724458492158,
      "q" : "410",
      "p" : "0.30429",
      "s" : "sell",
      "i" : "HYPERUSD-PERP",
      "m" : "4611686018427561193"
    }, {
      "d" : "1756400724458490092",
      "t" : 1756400724458,
      "tn" : 1756400724458490092,
      "q" : "410",
      "p" : "0.30438",
      "s" : "sell",
      "i" : "HYPERUSD-PERP",
      "m" : "4611686018427561192"
    }, {
      "d" : "1756400724458488056",
      "t" : 1756400724458,
      "tn" : 1756400724458488056,
      "q" : "3560",
      "p" : "0.30446",
      "s" : "sell",
      "i" : "HYPERUSD-PERP",
      "m" : "4611686018427561191"
    }, {
      "d" : "1756400724458485561",
      "t" : 1756400724458,
      "tn" : 1756400724458485561,
      "q" : "1810",
      "p" : "0.30501",
      "s" : "sell",
      "i" : "HYPERUSD-PERP",
      "m" : "4611686018427561190"
    }, {
      "d" : "1756400724458314627",
      "t" : 1756400724458,
      "tn" : 1756400724458314627,
      "q" : "160",
      "p" : "0.30534",
      "s" : "sell",
      "i" : "HYPERUSD-PERP",
      "m" : "4611686018427561189"
    }, {
      "d" : "1756400724458312740",
      "t" : 1756400724458,
      "tn" : 1756400724458312740,
      "q" : "160",
      "p" : "0.30540",
      "s" : "sell",
      "i" : "HYPERUSD-PERP",
      "m" : "4611686018427561188"
    }, {
      "d" : "1756400724458309739",
      "t" : 1756400724458,
      "tn" : 1756400724458309739,
      "q" : "160",
      "p" : "0.30546",
      "s" : "sell",
      "i" : "HYPERUSD-PERP",
      "m" : "4611686018427561187"
    }, {
      "d" : "1756400724458307101",
      "t" : 1756400724458,
      "tn" : 1756400724458307101,
      "q" : "160",
      "p" : "0.30552",
      "s" : "sell",
      "i" : "HYPERUSD-PERP",
      "m" : "4611686018427561186"
    }, {
      "d" : "1756400724458304935",
      "t" : 1756400724458,
      "tn" : 1756400724458304935,
      "q" : "10",
      "p" : "0.30571",
      "s" : "sell",
      "i" : "HYPERUSD-PERP",
      "m" : "4611686018427561185"
    }, {
      "d" : "1756400724458300652",
      "t" : 1756400724458,
      "tn" : 1756400724458300652,
      "q" : "10",
      "p" : "0.30576",
      "s" : "sell",
      "i" : "HYPERUSD-PERP",
      "m" : "4611686018427561184"
    }, {
      "d" : "1756400675903308253",
      "t" : 1756400675903,
      "tn" : 1756400675903308253,
      "q" : "2170",
      "p" : "0.30684",
      "s" : "sell",
      "i" : "HYPERUSD-PERP",
      "m" : "4611686018427561183"
    }, {
      "d" : "1756400675898531797",
      "t" : 1756400675898,
      "tn" : 1756400675898531797,
      "q" : "160",
      "p" : "0.30720",
      "s" : "sell",
      "i" : "HYPERUSD-PERP",
      "m" : "4611686018427561182"
    }, {
      "d" : "1756400675898530002",
      "t" : 1756400675898,
      "tn" : 1756400675898530002,
      "q" : "160",
      "p" : "0.30726",
      "s" : "sell",
      "i" : "HYPERUSD-PERP",
      "m" : "4611686018427561181"
    }, {
      "d" : "1756400675898527350",
      "t" : 1756400675898,
      "tn" : 1756400675898527350,
      "q" : "160",
      "p" : "0.30732",
      "s" : "sell",
      "i" : "HYPERUSD-PERP",
      "m" : "4611686018427561180"
    }, {
      "d" : "1756400675898525977",
      "t" : 1756400675898,
      "tn" : 1756400675898525977,
      "q" : "160",
      "p" : "0.30738",
      "s" : "sell",
      "i" : "HYPERUSD-PERP",
      "m" : "4611686018427561179"
    }, {
      "d" : "1756400675898524488",
      "t" : 1756400675898,
      "tn" : 1756400675898524488,
      "q" : "10",
      "p" : "0.30742",
      "s" : "sell",
      "i" : "HYPERUSD-PERP",
      "m" : "4611686018427561178"
    }, {
      "d" : "1756400675898521979",
      "t" : 1756400675898,
      "tn" : 1756400675898521979,
      "q" : "10",
      "p" : "0.30747",
      "s" : "sell",
      "i" : "HYPERUSD-PERP",
      "m" : "4611686018427561177"
    }, {
      "d" : "1756400662299048209",
      "t" : 1756400662299,
      "tn" : 1756400662299048209,
      "q" : "160",
      "p" : "0.30810",
      "s" : "sell",
      "i" : "HYPERUSD-PERP",
      "m" : "4611686018427561176"
    }, {
      "d" : "1756400649443816659",
      "t" : 1756400649443,
      "tn" : 1756400649443816659,
      "q" : "160",
      "p" : "0.30834",
      "s" : "sell",
      "i" : "HYPERUSD-PERP",
      "m" : "4611686018427561175"
    }, {
      "d" : "1756400637163987965",
      "t" : 1756400637163,
      "tn" : 1756400637163987965,
      "q" : "10",
      "p" : "0.30837",
      "s" : "sell",
      "i" : "HYPERUSD-PERP",
      "m" : "4611686018427561174"
    }, {
      "d" : "1756400626971276053",
      "t" : 1756400626971,
      "tn" : 1756400626971276053,
      "q" : "160",
      "p" : "0.30786",
      "s" : "sell",
      "i" : "HYPERUSD-PERP",
      "m" : "4611686018427561173"
    }, {
      "d" : "1756400606158588882",
      "t" : 1756400606158,
      "tn" : 1756400606158588882,
      "q" : "10",
      "p" : "0.30789",
      "s" : "sell",
      "i" : "HYPERUSD-PERP",
      "m" : "4611686018427561172"
    }, {
      "d" : "1756400591862998055",
      "t" : 1756400591862,
      "tn" : 1756400591862998055,
      "q" : "10",
      "p" : "0.30860",
      "s" : "sell",
      "i" : "HYPERUSD-PERP",
      "m" : "4611686018427561171"
    }, {
      "d" : "1756400591820419444",
      "t" : 1756400591820,
      "tn" : 1756400591820419444,
      "q" : "2170",
      "p" : "0.30765",
      "s" : "buy",
      "i" : "HYPERUSD-PERP",
      "m" : "4611686018427561170"
    }, {
      "d" : "1756400591820417066",
      "t" : 1756400591820,
      "tn" : 1756400591820417066,
      "q" : "2000",
      "p" : "0.30759",
      "s" : "buy",
      "i" : "HYPERUSD-PERP",
      "m" : "4611686018427561169"
    }, {
      "d" : "1756400591818829741",
      "t" : 1756400591818,
      "tn" : 1756400591818829741,
      "q" : "150",
      "p" : "0.30759",
      "s" : "buy",
      "i" : "HYPERUSD-PERP",
      "m" : "4611686018427561168"
    }, {
      "d" : "1756400591818492939",
      "t" : 1756400591818,
      "tn" : 1756400591818492939,
      "q" : "160",
      "p" : "0.30759",
      "s" : "buy",
      "i" : "HYPERUSD-PERP",
      "m" : "4611686018427561167"
    }, {
      "d" : "1756400591817704848",
      "t" : 1756400591817,
      "tn" : 1756400591817704847,
      "q" : "10",
      "p" : "0.30702",
      "s" : "buy",
      "i" : "HYPERUSD-PERP",
      "m" : "4611686018427561166"
    }, {
      "d" : "1756400591817704847",
      "t" : 1756400591817,
      "tn" : 1756400591817704847,
      "q" : "320",
      "p" : "0.30702",
      "s" : "buy",
      "i" : "HYPERUSD-PERP",
      "m" : "4611686018427561166"
    }, {
      "d" : "1756400363081652868",
      "t" : 1756400363081,
      "tn" : 1756400363081652868,
      "q" : "10",
      "p" : "0.30528",
      "s" : "sell",
      "i" : "HYPERUSD-PERP",
      "m" : "4611686018427561165"
    }, {
      "d" : "1756400363081649859",
      "t" : 1756400363081,
      "tn" : 1756400363081649859,
      "q" : "10",
      "p" : "0.30530",
      "s" : "sell",
      "i" : "HYPERUSD-PERP",
      "m" : "4611686018427561164"
    }, {
      "d" : "1756396142998499379",
      "t" : 1756396142998,
      "tn" : 1756396142998499379,
      "q" : "10",
      "p" : "0.30902",
      "s" : "sell",
      "i" : "HYPERUSD-PERP",
      "m" : "4611686018427561163"
    }, {
      "d" : "1756395515547901442",
      "t" : 1756395515547,
      "tn" : 1756395515547901442,
      "q" : "10",
      "p" : "0.31103",
      "s" : "sell",
      "i" : "HYPERUSD-PERP",
      "m" : "4611686018427561162"
    }, {
      "d" : "1756395455355038160",
      "t" : 1756395455355,
      "tn" : 1756395455355038160,
      "q" : "160",
      "p" : "0.31152",
      "s" : "sell",
      "i" : "HYPERUSD-PERP",
      "m" : "4611686018427561161"
    }, {
      "d" : "1756395437636889914",
      "t" : 1756395437636,
      "tn" : 1756395437636889914,
      "q" : "160",
      "p" : "0.31158",
      "s" : "sell",
      "i" : "HYPERUSD-PERP",
      "m" : "4611686018427561160"
    }, {
      "d" : "1756395425336416957",
      "t" : 1756395425336,
      "tn" : 1756395425336416957,
      "q" : "160",
      "p" : "0.31164",
      "s" : "sell",
      "i" : "HYPERUSD-PERP",
      "m" : "4611686018427561159"
    }, {
      "d" : "1756395418752884104",
      "t" : 1756395418752,
      "tn" : 1756395418752884104,
      "q" : "160",
      "p" : "0.31152",
      "s" : "sell",
      "i" : "HYPERUSD-PERP",
      "m" : "4611686018427561158"
    }, {
      "d" : "1756395418201717672",
      "t" : 1756395418201,
      "tn" : 1756395418201717672,
      "q" : "160",
      "p" : "0.31146",
      "s" : "sell",
      "i" : "HYPERUSD-PERP",
      "m" : "4611686018427561157"
    }, {
      "d" : "1756395396850097638",
      "t" : 1756395396850,
      "tn" : 1756395396850097638,
      "q" : "2190",
      "p" : "0.31111",
      "s" : "buy",
      "i" : "HYPERUSD-PERP",
      "m" : "4611686018427561156"
    }, {
      "d" : "1756395391911953963",
      "t" : 1756395391911,
      "tn" : 1756395391911953963,
      "q" : "1220",
      "p" : "0.31111",
      "s" : "buy",
      "i" : "HYPERUSD-PERP",
      "m" : "4611686018427561155"
    }, {
      "d" : "1756391099618200098",
      "t" : 1756391099618,
      "tn" : 1756391099618200098,
      "q" : "10",
      "p" : "0.31374",
      "s" : "sell",
      "i" : "HYPERUSD-PERP",
      "m" : "4611686018427561154"
    }, {
      "d" : "1756391082426048194",
      "t" : 1756391082426,
      "tn" : 1756391082426048194,
      "q" : "10",
      "p" : "0.31224",
      "s" : "sell",
      "i" : "HYPERUSD-PERP",
      "m" : "4611686018427561153"
    }, {
      "d" : "1756391082407045745",
      "t" : 1756391082407,
      "tn" : 1756391082407045745,
      "q" : "10",
      "p" : "0.31305",
      "s" : "sell",
      "i" : "HYPERUSD-PERP",
      "m" : "4611686018427561152"
    }, {
      "d" : "1756391081667179713",
      "t" : 1756391081667,
      "tn" : 1756391081667179713,
      "q" : "10",
      "p" : "0.31184",
      "s" : "buy",
      "i" : "HYPERUSD-PERP",
      "m" : "4611686018427561151"
    }, {
      "d" : "1756390451707105274",
      "t" : 1756390451707,
      "tn" : 1756390451707105274,
      "q" : "10",
      "p" : "0.30872",
      "s" : "buy",
      "i" : "HYPERUSD-PERP",
      "m" : "4611686018427561150"
    }, {
      "d" : "1756389404408062451",
      "t" : 1756389404408,
      "tn" : 1756389404408062451,
      "q" : "10",
      "p" : "0.30994",
      "s" : "sell",
      "i" : "HYPERUSD-PERP",
      "m" : "4611686018427561149"
    }, {
      "d" : "1756388431225010365",
      "t" : 1756388431225,
      "tn" : 1756388431225010365,
      "q" : "10",
      "p" : "0.31123",
      "s" : "buy",
      "i" : "HYPERUSD-PERP",
      "m" : "4611686018427561148"
    }, {
      "d" : "1756388086089690864",
      "t" : 1756388086089,
      "tn" : 1756388086089690864,
      "q" : "160",
      "p" : "0.31122",
      "s" : "sell",
      "i" : "HYPERUSD-PERP",
      "m" : "4611686018427561147"
    }, {
      "d" : "1756388086089688314",
      "t" : 1756388086089,
      "tn" : 1756388086089688314,
      "q" : "10",
      "p" : "0.31125",
      "s" : "sell",
      "i" : "HYPERUSD-PERP",
      "m" : "4611686018427561146"
    }, {
      "d" : "1756388086089686637",
      "t" : 1756388086089,
      "tn" : 1756388086089686637,
      "q" : "10",
      "p" : "0.31144",
      "s" : "sell",
      "i" : "HYPERUSD-PERP",
      "m" : "4611686018427561145"
    }, {
      "d" : "1756387566031275797",
      "t" : 1756387566031,
      "tn" : 1756387566031275797,
      "q" : "10",
      "p" : "0.31015",
      "s" : "sell",
      "i" : "HYPERUSD-PERP",
      "m" : "4611686018427561144"
    }, {
      "d" : "1756387117529078851",
      "t" : 1756387117529,
      "tn" : 1756387117529078851,
      "q" : "10",
      "p" : "0.31101",
      "s" : "sell",
      "i" : "HYPERUSD-PERP",
      "m" : "4611686018427561143"
    }, {
      "d" : "1756387117529074276",
      "t" : 1756387117529,
      "tn" : 1756387117529074276,
      "q" : "10",
      "p" : "0.31106",
      "s" : "sell",
      "i" : "HYPERUSD-PERP",
      "m" : "4611686018427561142"
    } ]
  }
}