{
  "id" : -1,
  "method" : "public/get-trades",
  "code" : 0,
  "result" : {
    "data" : [ {
      "d" : "1756422065929343355",
      "t" : 1756422065929,
      "tn" : 1756422065929343355,
      "q" : "516",
      "p" : "0.31004",
      "s" : "sell",
      "i" : "HYPER_USD",
      "m" : "4611686018427412051"
    }, {
      "d" : "1756422065929340353",
      "t" : 1756422065929,
      "tn" : 1756422065929340353,
      "q" : "1690",
      "p" : "0.31008",
      "s" : "sell",
      "i" : "HYPER_USD",
      "m" : "4611686018427412050"
    }, {
      "d" : "1756422065929337974",
      "t" : 1756422065929,
      "tn" : 1756422065929337974,
      "q" : "1798",
      "p" : "0.31027",
      "s" : "sell",
      "i" : "HYPER_USD",
      "m" : "4611686018427412049"
    }, {
      "d" : "1756422065929335846",
      "t" : 1756422065929,
      "tn" : 1756422065929335846,
      "q" : "2841",
      "p" : "0.31037",
      "s" : "sell",
      "i" : "HYPER_USD",
      "m" : "4611686018427412048"
    }, {
      "d" : "1756422065929333347",
      "t" : 1756422065929,
      "tn" : 1756422065929333347,
      "q" : "2219",
      "p" : "0.31049",
      "s" : "sell",
      "i" : "HYPER_USD",
      "m" : "4611686018427412047"
    }, {
      "d" : "1756422065929330390",
      "t" : 1756422065929,
      "tn" : 1756422065929330390,
      "q" : "19",
      "p" : "0.31050",
      "s" : "sell",
      "i" : "HYPER_USD",
      "m" : "4611686018427412046"
    }, {
      "d" : "1756411879253985647",
      "t" : 1756411879253,
      "tn" : 1756411879253985647,
      "q" : "45",
      "p" : "0.30428",
      "s" : "buy",
      "i" : "HYPER_USD",
      "m" : "4611686018427412045"
    }, {
      "d" : "1756404128822652176",
      "t" : 1756404128822,
      "tn" : 1756404128822652176,
      "q" : "408",
      "p" : "0.30620",
      "s" : "sell",
      "i" : "HYPER_USD",
      "m" : "4611686018427412044"
    }, {
      "d" : "1756404128822649038",
      "t" : 1756404128822,
      "tn" : 1756404128822649038,
      "q" : "19",
      "p" : "0.30621",
      "s" : "sell",
      "i" : "HYPER_USD",
      "m" : "4611686018427412043"
    }, {
      "d" : "1756404128822645721",
      "t" : 1756404128822,
      "tn" : 1756404128822645721,
      "q" : "33",
      "p" : "0.30622",
      "s" : "sell",
      "i" : "HYPER_USD",
      "m" : "4611686018427412042"
    }, {
      "d" : "1756400766948970143",
      "t" : 1756400766948,
      "tn" : 1756400766948970143,
      "q" : "41",
      "p" : "0.30384",
      "s" : "sell",
      "i" : "HYPER_USD",
      "m" : "4611686018427412041"
    }, {
      "d" : "1756400766946881313",
      "t" : 1756400766946,
      "tn" : 1756400766946881313,
      "q" : "40",
      "p" : "0.30415",
      "s" : "sell",
      "i" : "HYPER_USD",
      "m" : "4611686018427412040"
    }, {
      "d" : "1756400766943931939",
      "t" : 1756400766943,
      "tn" : 1756400766943931939,
      "q" : "1798",
      "p" : "0.30406",
      "s" : "sell",
      "i" : "HYPER_USD",
      "m" : "4611686018427412039"
    }, {
      "d" : "1756400766943929784",
      "t" : 1756400766943,
      "tn" : 1756400766943929784,
      "q" : "2219",
      "p" : "0.30413",
      "s" : "sell",
      "i" : "HYPER_USD",
      "m" : "4611686018427412038"
    }, {
      "d" : "1756400766943926319",
      "t" : 1756400766943,
      "tn" : 1756400766943926319,
      "q" : "19",
      "p" : "0.30414",
      "s" : "sell",
      "i" : "HYPER_USD",
      "m" : "4611686018427412037"
    }, {
      "d" : "1756400766943923158",
      "t" : 1756400766943,
      "tn" : 1756400766943923158,
      "q" : "40",
      "p" : "0.30415",
      "s" : "sell",
      "i" : "HYPER_USD",
      "m" : "4611686018427412036"
    }, {
      "d" : "1756400724460071046",
      "t" : 1756400724460,
      "tn" : 1756400724460071046,
      "q" : "40",
      "p" : "0.30564",
      "s" : "sell",
      "i" : "HYPER_USD",
      "m" : "4611686018427412035"
    }, {
      "d" : "1756400724457250255",
      "t" : 1756400724457,
      "tn" : 1756400724457250255,
      "q" : "40",
      "p" : "0.30564",
      "s" : "sell",
      "i" : "HYPER_USD",
      "m" : "4611686018427412034"
    }, {
      "d" : "1756400591817014677",
      "t" : 1756400591817,
      "tn" : 1756400591817014677,
      "q" : "882",
      "p" : "0.30847",
      "s" : "buy",
      "i" : "HYPER_USD",
      "m" : "4611686018427412033"
    }, {
      "d" : "1756400591815933517",
      "t" : 1756400591815,
      "tn" : 1756400591815933517,
      "q" : "1574",
      "p" : "0.30728",
      "s" : "buy",
      "i" : "HYPER_USD",
      "m" : "4611686018427412032"
    }, {
      "d" : "1756400591815088120",
      "t" : 1756400591815,
      "tn" : 1756400591815088120,
      "q" : "12",
      "p" : "0.30712",
      "s" : "buy",
      "i" : "HYPER_USD",
      "m" : "4611686018427412031"
    }, {
      "d" : "1756400591815085500",
      "t" : 1756400591815,
      "tn" : 1756400591815085500,
      "q" : "40",
      "p" : "0.30711",
      "s" : "buy",
      "i" : "HYPER_USD",
      "m" : "4611686018427412030"
    }, {
      "d" : "1756397426707199634",
      "t" : 1756397426707,
      "tn" : 1756397426707199634,
      "q" : "56",
      "p" : "0.30991",
      "s" : "sell",
      "i" : "HYPER_USD",
      "m" : "4611686018427412029"
    }, {
      "d" : "1756391081712196455",
      "t" : 1756391081712,
      "tn" : 1756391081712196455,
      "q" : "1436",
      "p" : "0.31259",
      "s" : "buy",
      "i" : "HYPER_USD",
      "m" : "4611686018427412028"
    }, {
      "d" : "1756386262491540801",
      "t" : 1756386262491,
      "tn" : 1756386262491540801,
      "q" : "238",
      "p" : "0.31159",
      "s" : "sell",
      "i" : "HYPER_USD",
      "m" : "4611686018427412027"
    } ]
  }
}