{
  "id" : -1,
  "method" : "public/get-trades",
  "code" : 0,
  "result" : {
    "data" : [ {
      "d" : "1756461282497041874",
      "t" : 1756461282497,
      "tn" : 1756461282497041874,
      "q" : "0.1",
      "p" : "44.289",
      "s" : "buy",
      "i" : "HYPEUSD-PERP",
      "m" : "4611686018428110557"
    }, {
      "d" : "1756461281484240971",
      "t" : 1756461281484,
      "tn" : 1756461281484240971,
      "q" : "0.1",
      "p" : "44.295",
      "s" : "sell",
      "i" : "HYPEUSD-PERP",
      "m" : "4611686018428110556"
    }, {
      "d" : "1756461280051199078",
      "t" : 1756461280051,
      "tn" : 1756461280051199078,
      "q" : "0.8",
      "p" : "44.284",
      "s" : "buy",
      "i" : "HYPEUSD-PERP",
      "m" : "4611686018428110555"
    }, {
      "d" : "1756461273455338086",
      "t" : 1756461273455,
      "tn" : 1756461273455338086,
      "q" : "0.1",
      "p" : "44.283",
      "s" : "buy",
      "i" : "HYPEUSD-PERP",
      "m" : "4611686018428110554"
    }, {
      "d" : "1756461266780716742",
      "t" : 1756461266780,
      "tn" : 1756461266780716742,
      "q" : "0.1",
      "p" : "44.283",
      "s" : "sell",
      "i" : "HYPEUSD-PERP",
      "m" : "4611686018428110553"
    }, {
      "d" : "1756461261899550655",
      "t" : 1756461261899,
      "tn" : 1756461261899550655,
      "q" : "0.1",
      "p" : "44.269",
      "s" : "buy",
      "i" : "HYPEUSD-PERP",
      "m" : "4611686018428110552"
    }, {
      "d" : "1756461255332295346",
      "t" : 1756461255332,
      "tn" : 1756461255332295346,
      "q" : "0.1",
      "p" : "44.263",
      "s" : "buy",
      "i" : "HYPEUSD-PERP",
      "m" : "4611686018428110551"
    }, {
      "d" : "1756461254575293642",
      "t" : 1756461254575,
      "tn" : 1756461254575293642,
      "q" : "0.1",
      "p" : "44.268",
      "s" : "sell",
      "i" : "HYPEUSD-PERP",
      "m" : "4611686018428110550"
    }, {
      "d" : "1756461246053724657",
      "t" : 1756461246053,
      "tn" : 1756461246053724657,
      "q" : "0.1",
      "p" : "44.282",
      "s" : "sell",
      "i" : "HYPEUSD-PERP",
      "m" : "4611686018428110549"
    }, {
      "d" : "1756461245875754571",
      "t" : 1756461245875,
      "tn" : 1756461245875754571,
      "q" : "0.1",
      "p" : "44.285",
      "s" : "sell",
      "i" : "HYPEUSD-PERP",
      "m" : "4611686018428110548"
    }, {
      "d" : "1756461243078934878",
      "t" : 1756461243078,
      "tn" : 1756461243078934878,
      "q" : "0.1",
      "p" : "44.274",
      "s" : "buy",
      "i" : "HYPEUSD-PERP",
      "m" : "4611686018428110547"
    }, {
      "d" : "1756461234835774829",
      "t" : 1756461234835,
      "tn" : 1756461234835774829,
      "q" : "0.1",
      "p" : "44.243",
      "s" : "buy",
      "i" : "HYPEUSD-PERP",
      "m" : "4611686018428110546"
    }, {
      "d" : "1756461233140624181",
      "t" : 1756461233140,
      "tn" : 1756461233140624181,
      "q" : "0.1",
      "p" : "44.227",
      "s" : "buy",
      "i" : "HYPEUSD-PERP",
      "m" : "4611686018428110545"
    }, {
      "d" : "1756461231111998187",
      "t" : 1756461231111,
      "tn" : 1756461231111998187,
      "q" : "0.1",
      "p" : "44.226",
      "s" : "sell",
      "i" : "HYPEUSD-PERP",
      "m" : "4611686018428110544"
    }, {
      "d" : "1756461230835025059",
      "t" : 1756461230835,
      "tn" : 1756461230835025059,
      "q" : "0.1",
      "p" : "44.230",
      "s" : "sell",
      "i" : "HYPEUSD-PERP",
      "m" : "4611686018428110543"
    }, {
      "d" : "1756461220040003859",
      "t" : 1756461220040,
      "tn" : 1756461220040003858,
      "q" : "0.8",
      "p" : "44.216",
      "s" : "buy",
      "i" : "HYPEUSD-PERP",
      "m" : "4611686018428110542"
    }, {
      "d" : "1756461220040003858",
      "t" : 1756461220040,
      "tn" : 1756461220040003858,
      "q" : "0.1",
      "p" : "44.216",
      "s" : "buy",
      "i" : "HYPEUSD-PERP",
      "m" : "4611686018428110542"
    }, {
      "d" : "1756461211210905940",
      "t" : 1756461211210,
      "tn" : 1756461211210905940,
      "q" : "0.1",
      "p" : "44.227",
      "s" : "sell",
      "i" : "HYPEUSD-PERP",
      "m" : "4611686018428110541"
    }, {
      "d" : "1756461209300933745",
      "t" : 1756461209300,
      "tn" : 1756461209300933745,
      "q" : "0.1",
      "p" : "44.218",
      "s" : "buy",
      "i" : "HYPEUSD-PERP",
      "m" : "4611686018428110540"
    }, {
      "d" : "1756461209035119483",
      "t" : 1756461209035,
      "tn" : 1756461209035119483,
      "q" : "0.1",
      "p" : "44.222",
      "s" : "sell",
      "i" : "HYPEUSD-PERP",
      "m" : "4611686018428110539"
    }, {
      "d" : "1756461208062090733",
      "t" : 1756461208062,
      "tn" : 1756461208062090733,
      "q" : "0.1",
      "p" : "44.210",
      "s" : "buy",
      "i" : "HYPEUSD-PERP",
      "m" : "4611686018428110538"
    }, {
      "d" : "1756461207882067741",
      "t" : 1756461207882,
      "tn" : 1756461207882067741,
      "q" : "0.1",
      "p" : "44.228",
      "s" : "sell",
      "i" : "HYPEUSD-PERP",
      "m" : "4611686018428110537"
    }, {
      "d" : "1756461207880919587",
      "t" : 1756461207880,
      "tn" : 1756461207880919587,
      "q" : "0.1",
      "p" : "44.242",
      "s" : "sell",
      "i" : "HYPEUSD-PERP",
      "m" : "4611686018428110536"
    }, {
      "d" : "1756461207627651040",
      "t" : 1756461207627,
      "tn" : 1756461207627651040,
      "q" : "0.1",
      "p" : "44.232",
      "s" : "buy",
      "i" : "HYPEUSD-PERP",
      "m" : "4611686018428110535"
    }, {
      "d" : "1756461202778607743",
      "t" : 1756461202778,
      "tn" : 1756461202778607743,
      "q" : "0.1",
      "p" : "44.223",
      "s" : "buy",
      "i" : "HYPEUSD-PERP",
      "m" : "4611686018428110534"
    }, {
      "d" : "1756461198108010124",
      "t" : 1756461198108,
      "tn" : 1756461198108010124,
      "q" : "0.1",
      "p" : "44.227",
      "s" : "sell",
      "i" : "HYPEUSD-PERP",
      "m" : "4611686018428110533"
    }, {
      "d" : "1756461193928452810",
      "t" : 1756461193928,
      "tn" : 1756461193928452810,
      "q" : "0.1",
      "p" : "44.229",
      "s" : "buy",
      "i" : "HYPEUSD-PERP",
      "m" : "4611686018428110532"
    }, {
      "d" : "1756461193818684335",
      "t" : 1756461193818,
      "tn" : 1756461193818684335,
      "q" : "0.1",
      "p" : "44.226",
      "s" : "buy",
      "i" : "HYPEUSD-PERP",
      "m" : "4611686018428110531"
    }, {
      "d" : "1756461190753423923",
      "t" : 1756461190753,
      "tn" : 1756461190753423923,
      "q" : "0.1",
      "p" : "44.238",
      "s" : "sell",
      "i" : "HYPEUSD-PERP",
      "m" : "4611686018428110530"
    }, {
      "d" : "1756461189956634089",
      "t" : 1756461189956,
      "tn" : 1756461189956634089,
      "q" : "0.1",
      "p" : "44.251",
      "s" : "sell",
      "i" : "HYPEUSD-PERP",
      "m" : "4611686018428110529"
    }, {
      "d" : "1756461189539850751",
      "t" : 1756461189539,
      "tn" : 1756461189539850751,
      "q" : "0.1",
      "p" : "44.259",
      "s" : "sell",
      "i" : "HYPEUSD-PERP",
      "m" : "4611686018428110528"
    }, {
      "d" : "1756461188955978383",
      "t" : 1756461188955,
      "tn" : 1756461188955978383,
      "q" : "0.1",
      "p" : "44.259",
      "s" : "buy",
      "i" : "HYPEUSD-PERP",
      "m" : "4611686018428110527"
    }, {
      "d" : "1756461187309822040",
      "t" : 1756461187309,
      "tn" : 1756461187309822040,
      "q" : "0.1",
      "p" : "44.263",
      "s" : "sell",
      "i" : "HYPEUSD-PERP",
      "m" : "4611686018428110526"
    }, {
      "d" : "1756461186994667690",
      "t" : 1756461186994,
      "tn" : 1756461186994667690,
      "q" : "0.1",
      "p" : "44.245",
      "s" : "buy",
      "i" : "HYPEUSD-PERP",
      "m" : "4611686018428110525"
    }, {
      "d" : "1756461177871553085",
      "t" : 1756461177871,
      "tn" : 1756461177871553085,
      "q" : "0.1",
      "p" : "44.225",
      "s" : "buy",
      "i" : "HYPEUSD-PERP",
      "m" : "4611686018428110524"
    }, {
      "d" : "1756461173855674751",
      "t" : 1756461173855,
      "tn" : 1756461173855674751,
      "q" : "0.1",
      "p" : "44.214",
      "s" : "buy",
      "i" : "HYPEUSD-PERP",
      "m" : "4611686018428110523"
    }, {
      "d" : "1756461167621455296",
      "t" : 1756461167621,
      "tn" : 1756461167621455295,
      "q" : "0.8",
      "p" : "44.251",
      "s" : "sell",
      "i" : "HYPEUSD-PERP",
      "m" : "4611686018428110522"
    }, {
      "d" : "1756461167621455295",
      "t" : 1756461167621,
      "tn" : 1756461167621455295,
      "q" : "2.8",
      "p" : "44.251",
      "s" : "sell",
      "i" : "HYPEUSD-PERP",
      "m" : "4611686018428110522"
    }, {
      "d" : "1756461167621449752",
      "t" : 1756461167621,
      "tn" : 1756461167621449752,
      "q" : "0.1",
      "p" : "44.256",
      "s" : "sell",
      "i" : "HYPEUSD-PERP",
      "m" : "4611686018428110521"
    }, {
      "d" : "1756461162152603954",
      "t" : 1756461162152,
      "tn" : 1756461162152603954,
      "q" : "0.1",
      "p" : "44.266",
      "s" : "sell",
      "i" : "HYPEUSD-PERP",
      "m" : "4611686018428110520"
    }, {
      "d" : "1756461153703587139",
      "t" : 1756461153703,
      "tn" : 1756461153703587139,
      "q" : "0.1",
      "p" : "44.267",
      "s" : "buy",
      "i" : "HYPEUSD-PERP",
      "m" : "4611686018428110519"
    }, {
      "d" : "1756461127872040871",
      "t" : 1756461127872,
      "tn" : 1756461127872040871,
      "q" : "0.1",
      "p" : "44.296",
      "s" : "sell",
      "i" : "HYPEUSD-PERP",
      "m" : "4611686018428110518"
    }, {
      "d" : "1756461127515456970",
      "t" : 1756461127515,
      "tn" : 1756461127515456970,
      "q" : "0.1",
      "p" : "44.302",
      "s" : "sell",
      "i" : "HYPEUSD-PERP",
      "m" : "4611686018428110517"
    }, {
      "d" : "1756461124536884208",
      "t" : 1756461124536,
      "tn" : 1756461124536884208,
      "q" : "0.1",
      "p" : "44.271",
      "s" : "buy",
      "i" : "HYPEUSD-PERP",
      "m" : "4611686018428110516"
    }, {
      "d" : "1756461121833986073",
      "t" : 1756461121833,
      "tn" : 1756461121833986073,
      "q" : "0.1",
      "p" : "44.278",
      "s" : "sell",
      "i" : "HYPEUSD-PERP",
      "m" : "4611686018428110515"
    }, {
      "d" : "1756461121472793461",
      "t" : 1756461121472,
      "tn" : 1756461121472793461,
      "q" : "0.1",
      "p" : "44.273",
      "s" : "buy",
      "i" : "HYPEUSD-PERP",
      "m" : "4611686018428110514"
    }, {
      "d" : "1756461116475090011",
      "t" : 1756461116475,
      "tn" : 1756461116475090011,
      "q" : "0.1",
      "p" : "44.284",
      "s" : "sell",
      "i" : "HYPEUSD-PERP",
      "m" : "4611686018428110513"
    }, {
      "d" : "1756461115744867227",
      "t" : 1756461115744,
      "tn" : 1756461115744867227,
      "q" : "0.1",
      "p" : "44.276",
      "s" : "buy",
      "i" : "HYPEUSD-PERP",
      "m" : "4611686018428110512"
    }, {
      "d" : "1756461115599588645",
      "t" : 1756461115599,
      "tn" : 1756461115599588645,
      "q" : "0.1",
      "p" : "44.269",
      "s" : "buy",
      "i" : "HYPEUSD-PERP",
      "m" : "4611686018428110511"
    }, {
      "d" : "1756461115279891377",
      "t" : 1756461115279,
      "tn" : 1756461115279891377,
      "q" : "0.1",
      "p" : "44.266",
      "s" : "buy",
      "i" : "HYPEUSD-PERP",
      "m" : "4611686018428110510"
    }, {
      "d" : "1756461111828141971",
      "t" : 1756461111828,
      "tn" : 1756461111828141971,
      "q" : "0.1",
      "p" : "44.268",
      "s" : "sell",
      "i" : "HYPEUSD-PERP",
      "m" : "4611686018428110509"
    }, {
      "d" : "1756461109545206182",
      "t" : 1756461109545,
      "tn" : 1756461109545206182,
      "q" : "0.1",
      "p" : "44.280",
      "s" : "sell",
      "i" : "HYPEUSD-PERP",
      "m" : "4611686018428110508"
    }, {
      "d" : "1756461099668057995",
      "t" : 1756461099668,
      "tn" : 1756461099668057995,
      "q" : "0.1",
      "p" : "44.288",
      "s" : "sell",
      "i" : "HYPEUSD-PERP",
      "m" : "4611686018428110507"
    }, {
      "d" : "1756461099481647677",
      "t" : 1756461099481,
      "tn" : 1756461099481647677,
      "q" : "0.1",
      "p" : "44.276",
      "s" : "buy",
      "i" : "HYPEUSD-PERP",
      "m" : "4611686018428110506"
    }, {
      "d" : "1756461099040892806",
      "t" : 1756461099040,
      "tn" : 1756461099040892806,
      "q" : "0.1",
      "p" : "44.284",
      "s" : "sell",
      "i" : "HYPEUSD-PERP",
      "m" : "4611686018428110505"
    }, {
      "d" : "1756461098667052135",
      "t" : 1756461098667,
      "tn" : 1756461098667052135,
      "q" : "0.1",
      "p" : "44.281",
      "s" : "buy",
      "i" : "HYPEUSD-PERP",
      "m" : "4611686018428110504"
    }, {
      "d" : "1756461098557927540",
      "t" : 1756461098557,
      "tn" : 1756461098557927540,
      "q" : "0.1",
      "p" : "44.279",
      "s" : "buy",
      "i" : "HYPEUSD-PERP",
      "m" : "4611686018428110503"
    }, {
      "d" : "1756461098436218180",
      "t" : 1756461098436,
      "tn" : 1756461098436218180,
      "q" : "0.1",
      "p" : "44.291",
      "s" : "sell",
      "i" : "HYPEUSD-PERP",
      "m" : "4611686018428110502"
    }, {
      "d" : "1756461098324519927",
      "t" : 1756461098324,
      "tn" : 1756461098324519927,
      "q" : "0.1",
      "p" : "44.328",
      "s" : "sell",
      "i" : "HYPEUSD-PERP",
      "m" : "4611686018428110501"
    }, {
      "d" : "1756461097789699092",
      "t" : 1756461097789,
      "tn" : 1756461097789699092,
      "q" : "0.1",
      "p" : "44.329",
      "s" : "sell",
      "i" : "HYPEUSD-PERP",
      "m" : "4611686018428110500"
    }, {
      "d" : "1756461097674112917",
      "t" : 1756461097674,
      "tn" : 1756461097674112917,
      "q" : "0.1",
      "p" : "44.327",
      "s" : "buy",
      "i" : "HYPEUSD-PERP",
      "m" : "4611686018428110499"
    }, {
      "d" : "1756461095525135233",
      "t" : 1756461095525,
      "tn" : 1756461095525135233,
      "q" : "0.1",
      "p" : "44.335",
      "s" : "sell",
      "i" : "HYPEUSD-PERP",
      "m" : "4611686018428110498"
    }, {
      "d" : "1756461095092110669",
      "t" : 1756461095092,
      "tn" : 1756461095092110669,
      "q" : "2.8",
      "p" : "44.321",
      "s" : "buy",
      "i" : "HYPEUSD-PERP",
      "m" : "4611686018428110497"
    }, {
      "d" : "1756461095092107971",
      "t" : 1756461095092,
      "tn" : 1756461095092107971,
      "q" : "0.1",
      "p" : "44.316",
      "s" : "buy",
      "i" : "HYPEUSD-PERP",
      "m" : "4611686018428110496"
    }, {
      "d" : "1756461095091612771",
      "t" : 1756461095091,
      "tn" : 1756461095091612771,
      "q" : "0.8",
      "p" : "44.312",
      "s" : "buy",
      "i" : "HYPEUSD-PERP",
      "m" : "4611686018428110495"
    }, {
      "d" : "1756461095091608359",
      "t" : 1756461095091,
      "tn" : 1756461095091608359,
      "q" : "0.1",
      "p" : "44.311",
      "s" : "buy",
      "i" : "HYPEUSD-PERP",
      "m" : "4611686018428110494"
    }, {
      "d" : "1756461088131357294",
      "t" : 1756461088131,
      "tn" : 1756461088131357294,
      "q" : "0.1",
      "p" : "44.322",
      "s" : "sell",
      "i" : "HYPEUSD-PERP",
      "m" : "4611686018428110493"
    }, {
      "d" : "1756461087935174785",
      "t" : 1756461087935,
      "tn" : 1756461087935174785,
      "q" : "0.1",
      "p" : "44.318",
      "s" : "buy",
      "i" : "HYPEUSD-PERP",
      "m" : "4611686018428110492"
    }, {
      "d" : "1756461087647603118",
      "t" : 1756461087647,
      "tn" : 1756461087647603118,
      "q" : "0.1",
      "p" : "44.306",
      "s" : "buy",
      "i" : "HYPEUSD-PERP",
      "m" : "4611686018428110491"
    }, {
      "d" : "1756461076437270571",
      "t" : 1756461076437,
      "tn" : 1756461076437270571,
      "q" : "0.1",
      "p" : "44.316",
      "s" : "sell",
      "i" : "HYPEUSD-PERP",
      "m" : "4611686018428110490"
    }, {
      "d" : "1756461074114810405",
      "t" : 1756461074114,
      "tn" : 1756461074114810405,
      "q" : "0.1",
      "p" : "44.333",
      "s" : "sell",
      "i" : "HYPEUSD-PERP",
      "m" : "4611686018428110489"
    }, {
      "d" : "1756461073950174130",
      "t" : 1756461073950,
      "tn" : 1756461073950174130,
      "q" : "0.1",
      "p" : "44.327",
      "s" : "buy",
      "i" : "HYPEUSD-PERP",
      "m" : "4611686018428110488"
    }, {
      "d" : "1756461069665405146",
      "t" : 1756461069665,
      "tn" : 1756461069665405146,
      "q" : "0.1",
      "p" : "44.331",
      "s" : "sell",
      "i" : "HYPEUSD-PERP",
      "m" : "4611686018428110487"
    }, {
      "d" : "1756461068706898192",
      "t" : 1756461068706,
      "tn" : 1756461068706898192,
      "q" : "0.1",
      "p" : "44.322",
      "s" : "buy",
      "i" : "HYPEUSD-PERP",
      "m" : "4611686018428110486"
    }, {
      "d" : "1756461066115264828",
      "t" : 1756461066115,
      "tn" : 1756461066115264828,
      "q" : "0.1",
      "p" : "44.316",
      "s" : "buy",
      "i" : "HYPEUSD-PERP",
      "m" : "4611686018428110485"
    }, {
      "d" : "1756461063696182786",
      "t" : 1756461063696,
      "tn" : 1756461063696182786,
      "q" : "0.1",
      "p" : "44.329",
      "s" : "sell",
      "i" : "HYPEUSD-PERP",
      "m" : "4611686018428110484"
    }, {
      "d" : "1756461060786204206",
      "t" : 1756461060786,
      "tn" : 1756461060786204206,
      "q" : "0.1",
      "p" : "44.320",
      "s" : "buy",
      "i" : "HYPEUSD-PERP",
      "m" : "4611686018428110483"
    }, {
      "d" : "1756461057997022387",
      "t" : 1756461057997,
      "tn" : 1756461057997022387,
      "q" : "0.1",
      "p" : "44.316",
      "s" : "buy",
      "i" : "HYPEUSD-PERP",
      "m" : "4611686018428110482"
    }, {
      "d" : "1756461056550637299",
      "t" : 1756461056550,
      "tn" : 1756461056550637299,
      "q" : "0.1",
      "p" : "44.328",
      "s" : "sell",
      "i" : "HYPEUSD-PERP",
      "m" : "4611686018428110481"
    }, {
      "d" : "1756461055790160622",
      "t" : 1756461055790,
      "tn" : 1756461055790160622,
      "q" : "0.1",
      "p" : "44.335",
      "s" : "sell",
      "i" : "HYPEUSD-PERP",
      "m" : "4611686018428110480"
    }, {
      "d" : "1756461055287142463",
      "t" : 1756461055287,
      "tn" : 1756461055287142463,
      "q" : "0.1",
      "p" : "44.324",
      "s" : "buy",
      "i" : "HYPEUSD-PERP",
      "m" : "4611686018428110479"
    }, {
      "d" : "1756461055287138451",
      "t" : 1756461055287,
      "tn" : 1756461055287138451,
      "q" : "0.1",
      "p" : "44.314",
      "s" : "buy",
      "i" : "HYPEUSD-PERP",
      "m" : "4611686018428110478"
    }, {
      "d" : "1756461051232155633",
      "t" : 1756461051232,
      "tn" : 1756461051232155633,
      "q" : "0.1",
      "p" : "44.320",
      "s" : "sell",
      "i" : "HYPEUSD-PERP",
      "m" : "4611686018428110477"
    }, {
      "d" : "1756461050474678448",
      "t" : 1756461050474,
      "tn" : 1756461050474678448,
      "q" : "0.1",
      "p" : "44.323",
      "s" : "sell",
      "i" : "HYPEUSD-PERP",
      "m" : "4611686018428110476"
    }, {
      "d" : "1756461050176115302",
      "t" : 1756461050176,
      "tn" : 1756461050176115302,
      "q" : "0.1",
      "p" : "44.312",
      "s" : "buy",
      "i" : "HYPEUSD-PERP",
      "m" : "4611686018428110475"
    }, {
      "d" : "1756461050040639829",
      "t" : 1756461050040,
      "tn" : 1756461050040639829,
      "q" : "0.1",
      "p" : "44.301",
      "s" : "buy",
      "i" : "HYPEUSD-PERP",
      "m" : "4611686018428110474"
    }, {
      "d" : "1756461039786964837",
      "t" : 1756461039786,
      "tn" : 1756461039786964837,
      "q" : "0.1",
      "p" : "44.316",
      "s" : "sell",
      "i" : "HYPEUSD-PERP",
      "m" : "4611686018428110473"
    }, {
      "d" : "1756461028726644198",
      "t" : 1756461028726,
      "tn" : 1756461028726644198,
      "q" : "0.1",
      "p" : "44.316",
      "s" : "buy",
      "i" : "HYPEUSD-PERP",
      "m" : "4611686018428110472"
    }, {
      "d" : "1756461026197734300",
      "t" : 1756461026197,
      "tn" : 1756461026197734300,
      "q" : "0.1",
      "p" : "44.319",
      "s" : "sell",
      "i" : "HYPEUSD-PERP",
      "m" : "4611686018428110471"
    }, {
      "d" : "1756461024790815165",
      "t" : 1756461024790,
      "tn" : 1756461024790815165,
      "q" : "0.1",
      "p" : "44.330",
      "s" : "sell",
      "i" : "HYPEUSD-PERP",
      "m" : "4611686018428110470"
    }, {
      "d" : "1756461021139262262",
      "t" : 1756461021139,
      "tn" : 1756461021139262262,
      "q" : "0.1",
      "p" : "44.323",
      "s" : "buy",
      "i" : "HYPEUSD-PERP",
      "m" : "4611686018428110469"
    }, {
      "d" : "1756461018215458405",
      "t" : 1756461018215,
      "tn" : 1756461018215458405,
      "q" : "0.1",
      "p" : "44.320",
      "s" : "sell",
      "i" : "HYPEUSD-PERP",
      "m" : "4611686018428110468"
    }, {
      "d" : "1756461015566170093",
      "t" : 1756461015566,
      "tn" : 1756461015566170093,
      "q" : "0.8",
      "p" : "44.337",
      "s" : "buy",
      "i" : "HYPEUSD-PERP",
      "m" : "4611686018428110467"
    }, {
      "d" : "1756461015566165355",
      "t" : 1756461015566,
      "tn" : 1756461015566165355,
      "q" : "0.1",
      "p" : "44.332",
      "s" : "buy",
      "i" : "HYPEUSD-PERP",
      "m" : "4611686018428110466"
    }, {
      "d" : "1756461015566162690",
      "t" : 1756461015566,
      "tn" : 1756461015566162690,
      "q" : "0.1",
      "p" : "44.327",
      "s" : "buy",
      "i" : "HYPEUSD-PERP",
      "m" : "4611686018428110465"
    }, {
      "d" : "1756461014964175440",
      "t" : 1756461014964,
      "tn" : 1756461014964175440,
      "q" : "0.1",
      "p" : "44.324",
      "s" : "buy",
      "i" : "HYPEUSD-PERP",
      "m" : "4611686018428110464"
    }, {
      "d" : "1756461010361493470",
      "t" : 1756461010361,
      "tn" : 1756461010361493470,
      "q" : "0.1",
      "p" : "44.346",
      "s" : "sell",
      "i" : "HYPEUSD-PERP",
      "m" : "4611686018428110463"
    }, {
      "d" : "1756461010240680400",
      "t" : 1756461010240,
      "tn" : 1756461010240680400,
      "q" : "0.1",
      "p" : "44.352",
      "s" : "sell",
      "i" : "HYPEUSD-PERP",
      "m" : "4611686018428110462"
    }, {
      "d" : "1756461006574862406",
      "t" : 1756461006574,
      "tn" : 1756461006574862406,
      "q" : "0.1",
      "p" : "44.353",
      "s" : "buy",
      "i" : "HYPEUSD-PERP",
      "m" : "4611686018428110461"
    }, {
      "d" : "1756461004573149986",
      "t" : 1756461004573,
      "tn" : 1756461004573149986,
      "q" : "0.1",
      "p" : "44.370",
      "s" : "sell",
      "i" : "HYPEUSD-PERP",
      "m" : "4611686018428110460"
    }, {
      "d" : "1756461003315935873",
      "t" : 1756461003315,
      "tn" : 1756461003315935873,
      "q" : "0.1",
      "p" : "44.358",
      "s" : "buy",
      "i" : "HYPEUSD-PERP",
      "m" : "4611686018428110459"
    }, {
      "d" : "1756461002336578248",
      "t" : 1756461002336,
      "tn" : 1756461002336578248,
      "q" : "0.1",
      "p" : "44.354",
      "s" : "buy",
      "i" : "HYPEUSD-PERP",
      "m" : "4611686018428110458"
    }, {
      "d" : "1756461000578132586",
      "t" : 1756461000578,
      "tn" : 1756461000578132586,
      "q" : "0.1",
      "p" : "44.364",
      "s" : "sell",
      "i" : "HYPEUSD-PERP",
      "m" : "4611686018428110457"
    }, {
      "d" : "1756460995147101856",
      "t" : 1756460995147,
      "tn" : 1756460995147101856,
      "q" : "0.1",
      "p" : "44.363",
      "s" : "buy",
      "i" : "HYPEUSD-PERP",
      "m" : "4611686018428110456"
    }, {
      "d" : "1756460994256737713",
      "t" : 1756460994256,
      "tn" : 1756460994256737713,
      "q" : "0.1",
      "p" : "44.370",
      "s" : "sell",
      "i" : "HYPEUSD-PERP",
      "m" : "4611686018428110455"
    }, {
      "d" : "1756460989070038187",
      "t" : 1756460989070,
      "tn" : 1756460989070038187,
      "q" : "0.1",
      "p" : "44.381",
      "s" : "buy",
      "i" : "HYPEUSD-PERP",
      "m" : "4611686018428110454"
    }, {
      "d" : "1756460988786610282",
      "t" : 1756460988786,
      "tn" : 1756460988786610282,
      "q" : "0.1",
      "p" : "44.406",
      "s" : "sell",
      "i" : "HYPEUSD-PERP",
      "m" : "4611686018428110453"
    }, {
      "d" : "1756460987888652272",
      "t" : 1756460987888,
      "tn" : 1756460987888652272,
      "q" : "0.1",
      "p" : "44.405",
      "s" : "buy",
      "i" : "HYPEUSD-PERP",
      "m" : "4611686018428110452"
    }, {
      "d" : "1756460987670128905",
      "t" : 1756460987670,
      "tn" : 1756460987670128905,
      "q" : "0.1",
      "p" : "44.409",
      "s" : "sell",
      "i" : "HYPEUSD-PERP",
      "m" : "4611686018428110451"
    }, {
      "d" : "1756460986405517498",
      "t" : 1756460986405,
      "tn" : 1756460986405517498,
      "q" : "0.1",
      "p" : "44.417",
      "s" : "sell",
      "i" : "HYPEUSD-PERP",
      "m" : "4611686018428110450"
    }, {
      "d" : "1756460986280096470",
      "t" : 1756460986280,
      "tn" : 1756460986280096470,
      "q" : "0.1",
      "p" : "44.412",
      "s" : "buy",
      "i" : "HYPEUSD-PERP",
      "m" : "4611686018428110449"
    }, {
      "d" : "1756460985156309483",
      "t" : 1756460985156,
      "tn" : 1756460985156309483,
      "q" : "0.1",
      "p" : "44.407",
      "s" : "sell",
      "i" : "HYPEUSD-PERP",
      "m" : "4611686018428110448"
    }, {
      "d" : "1756460975655265058",
      "t" : 1756460975655,
      "tn" : 1756460975655265058,
      "q" : "0.1",
      "p" : "44.388",
      "s" : "buy",
      "i" : "HYPEUSD-PERP",
      "m" : "4611686018428110447"
    }, {
      "d" : "1756460968586643073",
      "t" : 1756460968586,
      "tn" : 1756460968586643073,
      "q" : "0.1",
      "p" : "44.401",
      "s" : "sell",
      "i" : "HYPEUSD-PERP",
      "m" : "4611686018428110446"
    }, {
      "d" : "1756460966450871666",
      "t" : 1756460966450,
      "tn" : 1756460966450871666,
      "q" : "0.1",
      "p" : "44.399",
      "s" : "buy",
      "i" : "HYPEUSD-PERP",
      "m" : "4611686018428110445"
    }, {
      "d" : "1756460965296797802",
      "t" : 1756460965296,
      "tn" : 1756460965296797802,
      "q" : "0.1",
      "p" : "44.405",
      "s" : "sell",
      "i" : "HYPEUSD-PERP",
      "m" : "4611686018428110444"
    }, {
      "d" : "1756460965181000476",
      "t" : 1756460965181,
      "tn" : 1756460965181000476,
      "q" : "0.1",
      "p" : "44.409",
      "s" : "sell",
      "i" : "HYPEUSD-PERP",
      "m" : "4611686018428110443"
    }, {
      "d" : "1756460963936627397",
      "t" : 1756460963936,
      "tn" : 1756460963936627397,
      "q" : "0.1",
      "p" : "44.391",
      "s" : "buy",
      "i" : "HYPEUSD-PERP",
      "m" : "4611686018428110442"
    }, {
      "d" : "1756460963815752671",
      "t" : 1756460963815,
      "tn" : 1756460963815752671,
      "q" : "0.1",
      "p" : "44.385",
      "s" : "buy",
      "i" : "HYPEUSD-PERP",
      "m" : "4611686018428110441"
    }, {
      "d" : "1756460961442971195",
      "t" : 1756460961442,
      "tn" : 1756460961442971195,
      "q" : "0.1",
      "p" : "44.379",
      "s" : "buy",
      "i" : "HYPEUSD-PERP",
      "m" : "4611686018428110440"
    }, {
      "d" : "1756460953940763363",
      "t" : 1756460953940,
      "tn" : 1756460953940763363,
      "q" : "0.1",
      "p" : "44.384",
      "s" : "sell",
      "i" : "HYPEUSD-PERP",
      "m" : "4611686018428110439"
    }, {
      "d" : "1756460953726629487",
      "t" : 1756460953726,
      "tn" : 1756460953726629487,
      "q" : "0.1",
      "p" : "44.387",
      "s" : "sell",
      "i" : "HYPEUSD-PERP",
      "m" : "4611686018428110438"
    }, {
      "d" : "1756460951160048646",
      "t" : 1756460951160,
      "tn" : 1756460951160048646,
      "q" : "0.1",
      "p" : "44.369",
      "s" : "buy",
      "i" : "HYPEUSD-PERP",
      "m" : "4611686018428110437"
    }, {
      "d" : "1756460946070079350",
      "t" : 1756460946070,
      "tn" : 1756460946070079350,
      "q" : "0.1",
      "p" : "44.347",
      "s" : "buy",
      "i" : "HYPEUSD-PERP",
      "m" : "4611686018428110436"
    }, {
      "d" : "1756460945297989291",
      "t" : 1756460945297,
      "tn" : 1756460945297989291,
      "q" : "0.1",
      "p" : "44.353",
      "s" : "sell",
      "i" : "HYPEUSD-PERP",
      "m" : "4611686018428110435"
    }, {
      "d" : "1756460944684939234",
      "t" : 1756460944684,
      "tn" : 1756460944684939234,
      "q" : "0.1",
      "p" : "44.354",
      "s" : "buy",
      "i" : "HYPEUSD-PERP",
      "m" : "4611686018428110434"
    }, {
      "d" : "1756460943634051112",
      "t" : 1756460943634,
      "tn" : 1756460943634051112,
      "q" : "0.1",
      "p" : "44.369",
      "s" : "sell",
      "i" : "HYPEUSD-PERP",
      "m" : "4611686018428110433"
    }, {
      "d" : "1756460942702033665",
      "t" : 1756460942702,
      "tn" : 1756460942702033665,
      "q" : "0.1",
      "p" : "44.376",
      "s" : "sell",
      "i" : "HYPEUSD-PERP",
      "m" : "4611686018428110432"
    }, {
      "d" : "1756460940075811222",
      "t" : 1756460940075,
      "tn" : 1756460940075811222,
      "q" : "0.1",
      "p" : "44.377",
      "s" : "buy",
      "i" : "HYPEUSD-PERP",
      "m" : "4611686018428110431"
    }, {
      "d" : "1756460935306778081",
      "t" : 1756460935306,
      "tn" : 1756460935306778081,
      "q" : "0.1",
      "p" : "44.384",
      "s" : "sell",
      "i" : "HYPEUSD-PERP",
      "m" : "4611686018428110430"
    }, {
      "d" : "1756460931962431959",
      "t" : 1756460931962,
      "tn" : 1756460931962431959,
      "q" : "0.1",
      "p" : "44.359",
      "s" : "buy",
      "i" : "HYPEUSD-PERP",
      "m" : "4611686018428110429"
    }, {
      "d" : "1756460930320404533",
      "t" : 1756460930320,
      "tn" : 1756460930320404533,
      "q" : "0.1",
      "p" : "44.356",
      "s" : "buy",
      "i" : "HYPEUSD-PERP",
      "m" : "4611686018428110428"
    }, {
      "d" : "1756460927440151613",
      "t" : 1756460927440,
      "tn" : 1756460927440151613,
      "q" : "0.1",
      "p" : "44.364",
      "s" : "sell",
      "i" : "HYPEUSD-PERP",
      "m" : "4611686018428110427"
    }, {
      "d" : "1756460926364027738",
      "t" : 1756460926364,
      "tn" : 1756460926364027738,
      "q" : "0.1",
      "p" : "44.377",
      "s" : "sell",
      "i" : "HYPEUSD-PERP",
      "m" : "4611686018428110426"
    }, {
      "d" : "1756460920385645735",
      "t" : 1756460920385,
      "tn" : 1756460920385645735,
      "q" : "0.1",
      "p" : "44.353",
      "s" : "buy",
      "i" : "HYPEUSD-PERP",
      "m" : "4611686018428110425"
    }, {
      "d" : "1756460917489534691",
      "t" : 1756460917489,
      "tn" : 1756460917489534691,
      "q" : "0.1",
      "p" : "44.357",
      "s" : "sell",
      "i" : "HYPEUSD-PERP",
      "m" : "4611686018428110424"
    }, {
      "d" : "1756460916450429830",
      "t" : 1756460916450,
      "tn" : 1756460916450429830,
      "q" : "0.1",
      "p" : "44.359",
      "s" : "buy",
      "i" : "HYPEUSD-PERP",
      "m" : "4611686018428110423"
    }, {
      "d" : "1756460916309635182",
      "t" : 1756460916309,
      "tn" : 1756460916309635182,
      "q" : "0.1",
      "p" : "44.362",
      "s" : "sell",
      "i" : "HYPEUSD-PERP",
      "m" : "4611686018428110422"
    }, {
      "d" : "1756460910146608797",
      "t" : 1756460910146,
      "tn" : 1756460910146608797,
      "q" : "0.1",
      "p" : "44.368",
      "s" : "buy",
      "i" : "HYPEUSD-PERP",
      "m" : "4611686018428110421"
    }, {
      "d" : "1756460908726188695",
      "t" : 1756460908726,
      "tn" : 1756460908726188695,
      "q" : "0.1",
      "p" : "44.365",
      "s" : "buy",
      "i" : "HYPEUSD-PERP",
      "m" : "4611686018428110420"
    }, {
      "d" : "1756460908612717317",
      "t" : 1756460908612,
      "tn" : 1756460908612717317,
      "q" : "0.1",
      "p" : "44.373",
      "s" : "sell",
      "i" : "HYPEUSD-PERP",
      "m" : "4611686018428110419"
    }, {
      "d" : "1756460908465140930",
      "t" : 1756460908465,
      "tn" : 1756460908465140930,
      "q" : "0.1",
      "p" : "44.381",
      "s" : "sell",
      "i" : "HYPEUSD-PERP",
      "m" : "4611686018428110418"
    }, {
      "d" : "1756460908206266417",
      "t" : 1756460908206,
      "tn" : 1756460908206266417,
      "q" : "0.1",
      "p" : "44.371",
      "s" : "buy",
      "i" : "HYPEUSD-PERP",
      "m" : "4611686018428110417"
    }, {
      "d" : "1756460903255336704",
      "t" : 1756460903255,
      "tn" : 1756460903255336704,
      "q" : "0.1",
      "p" : "44.355",
      "s" : "buy",
      "i" : "HYPEUSD-PERP",
      "m" : "4611686018428110416"
    }, {
      "d" : "1756460902148039796",
      "t" : 1756460902148,
      "tn" : 1756460902148039796,
      "q" : "0.1",
      "p" : "44.368",
      "s" : "sell",
      "i" : "HYPEUSD-PERP",
      "m" : "4611686018428110415"
    }, {
      "d" : "1756460902037777550",
      "t" : 1756460902037,
      "tn" : 1756460902037777550,
      "q" : "0.1",
      "p" : "44.371",
      "s" : "sell",
      "i" : "HYPEUSD-PERP",
      "m" : "4611686018428110414"
    }, {
      "d" : "1756460901118015499",
      "t" : 1756460901118,
      "tn" : 1756460901118015499,
      "q" : "0.1",
      "p" : "44.351",
      "s" : "buy",
      "i" : "HYPEUSD-PERP",
      "m" : "4611686018428110413"
    }, {
      "d" : "1756460898098603547",
      "t" : 1756460898098,
      "tn" : 1756460898098603547,
      "q" : "0.1",
      "p" : "44.360",
      "s" : "sell",
      "i" : "HYPEUSD-PERP",
      "m" : "4611686018428110412"
    }, {
      "d" : "1756460890169583606",
      "t" : 1756460890169,
      "tn" : 1756460890169583606,
      "q" : "0.1",
      "p" : "44.361",
      "s" : "buy",
      "i" : "HYPEUSD-PERP",
      "m" : "4611686018428110411"
    }, {
      "d" : "1756460880347051480",
      "t" : 1756460880347,
      "tn" : 1756460880347051480,
      "q" : "0.1",
      "p" : "44.352",
      "s" : "buy",
      "i" : "HYPEUSD-PERP",
      "m" : "4611686018428110410"
    } ]
  }
}