{
  "id" : -1,
  "method" : "public/get-trades",
  "code" : 0,
  "result" : {
    "data" : [ {
      "d" : "1756461206525204816",
      "t" : 1756461206525,
      "tn" : 1756461206525204816,
      "q" : "0.24",
      "p" : "4.9046",
      "s" : "buy",
      "i" : "ICP_USDT",
      "m" : "4611686018431894014"
    }, {
      "d" : "1756461189525685821",
      "t" : 1756461189525,
      "tn" : 1756461189525685821,
      "q" : "0.24",
      "p" : "4.9084",
      "s" : "sell",
      "i" : "ICP_USDT",
      "m" : "4611686018431894013"
    }, {
      "d" : "1756461138237806123",
      "t" : 1756461138237,
      "tn" : 1756461138237806123,
      "q" : "0.24",
      "p" : "4.9094",
      "s" : "sell",
      "i" : "ICP_USDT",
      "m" : "4611686018431894012"
    }, {
      "d" : "1756460816048509622",
      "t" : 1756460816048,
      "tn" : 1756460816048509622,
      "q" : "0.24",
      "p" : "4.9041",
      "s" : "buy",
      "i" : "ICP_USDT",
      "m" : "4611686018431894011"
    }, {
      "d" : "1756460636009787265",
      "t" : 1756460636009,
      "tn" : 1756460636009787265,
      "q" : "0.24",
      "p" : "4.9024",
      "s" : "sell",
      "i" : "ICP_USDT",
      "m" : "4611686018431894010"
    }, {
      "d" : "1756460525558620469",
      "t" : 1756460525558,
      "tn" : 1756460525558620469,
      "q" : "0.24",
      "p" : "4.9066",
      "s" : "buy",
      "i" : "ICP_USDT",
      "m" : "4611686018431894009"
    }, {
      "d" : "1756460203757718181",
      "t" : 1756460203757,
      "tn" : 1756460203757718181,
      "q" : "0.24",
      "p" : "4.9014",
      "s" : "sell",
      "i" : "ICP_USDT",
      "m" : "4611686018431894008"
    }, {
      "d" : "1756460186553620646",
      "t" : 1756460186553,
      "tn" : 1756460186553620646,
      "q" : "0.24",
      "p" : "4.9026",
      "s" : "buy",
      "i" : "ICP_USDT",
      "m" : "4611686018431894007"
    }, {
      "d" : "1756460185529666454",
      "t" : 1756460185529,
      "tn" : 1756460185529666454,
      "q" : "0.24",
      "p" : "4.9016",
      "s" : "buy",
      "i" : "ICP_USDT",
      "m" : "4611686018431894006"
    }, {
      "d" : "1756460173529722322",
      "t" : 1756460173529,
      "tn" : 1756460173529722322,
      "q" : "0.24",
      "p" : "4.9004",
      "s" : "sell",
      "i" : "ICP_USDT",
      "m" : "4611686018431894005"
    }, {
      "d" : "1756460055497035824",
      "t" : 1756460055497,
      "tn" : 1756460055497035824,
      "q" : "0.24",
      "p" : "4.9034",
      "s" : "sell",
      "i" : "ICP_USDT",
      "m" : "4611686018431894004"
    }, {
      "d" : "1756459904991602779",
      "t" : 1756459904991,
      "tn" : 1756459904991602779,
      "q" : "0.24",
      "p" : "4.9034",
      "s" : "sell",
      "i" : "ICP_USDT",
      "m" : "4611686018431894003"
    }, {
      "d" : "1756459890524018546",
      "t" : 1756459890524,
      "tn" : 1756459890524018546,
      "q" : "0.24",
      "p" : "4.9056",
      "s" : "buy",
      "i" : "ICP_USDT",
      "m" : "4611686018431894002"
    }, {
      "d" : "1756459878436620105",
      "t" : 1756459878436,
      "tn" : 1756459878436620105,
      "q" : "0.24",
      "p" : "4.9024",
      "s" : "sell",
      "i" : "ICP_USDT",
      "m" : "4611686018431894001"
    }, {
      "d" : "1756459873898645245",
      "t" : 1756459873898,
      "tn" : 1756459873898645245,
      "q" : "0.24",
      "p" : "4.9094",
      "s" : "sell",
      "i" : "ICP_USDT",
      "m" : "4611686018431894000"
    }, {
      "d" : "1756459862527347964",
      "t" : 1756459862527,
      "tn" : 1756459862527347964,
      "q" : "0.24",
      "p" : "4.9086",
      "s" : "buy",
      "i" : "ICP_USDT",
      "m" : "4611686018431893999"
    }, {
      "d" : "1756459809494701892",
      "t" : 1756459809494,
      "tn" : 1756459809494701892,
      "q" : "0.24",
      "p" : "4.9049",
      "s" : "sell",
      "i" : "ICP_USDT",
      "m" : "4611686018431893998"
    }, {
      "d" : "1756459746497537957",
      "t" : 1756459746497,
      "tn" : 1756459746497537957,
      "q" : "0.24",
      "p" : "4.9026",
      "s" : "buy",
      "i" : "ICP_USDT",
      "m" : "4611686018431893997"
    }, {
      "d" : "1756459685522528238",
      "t" : 1756459685522,
      "tn" : 1756459685522528238,
      "q" : "0.24",
      "p" : "4.9014",
      "s" : "sell",
      "i" : "ICP_USDT",
      "m" : "4611686018431893996"
    }, {
      "d" : "1756459200915281623",
      "t" : 1756459200915,
      "tn" : 1756459200915281623,
      "q" : "0.24",
      "p" : "4.9106",
      "s" : "buy",
      "i" : "ICP_USDT",
      "m" : "4611686018431893995"
    }, {
      "d" : "1756459166758578147",
      "t" : 1756459166758,
      "tn" : 1756459166758578147,
      "q" : "0.24",
      "p" : "4.9066",
      "s" : "buy",
      "i" : "ICP_USDT",
      "m" : "4611686018431893994"
    }, {
      "d" : "1756459164763480276",
      "t" : 1756459164763,
      "tn" : 1756459164763480276,
      "q" : "0.24",
      "p" : "4.9056",
      "s" : "buy",
      "i" : "ICP_USDT",
      "m" : "4611686018431893993"
    }, {
      "d" : "1756459145467820423",
      "t" : 1756459145467,
      "tn" : 1756459145467820423,
      "q" : "0.24",
      "p" : "4.9026",
      "s" : "buy",
      "i" : "ICP_USDT",
      "m" : "4611686018431893992"
    }, {
      "d" : "1756459050208575241",
      "t" : 1756459050208,
      "tn" : 1756459050208575241,
      "q" : "0.24",
      "p" : "4.8924",
      "s" : "sell",
      "i" : "ICP_USDT",
      "m" : "4611686018431893991"
    }, {
      "d" : "1756459011374428822",
      "t" : 1756459011374,
      "tn" : 1756459011374428822,
      "q" : "0.24",
      "p" : "4.8959",
      "s" : "sell",
      "i" : "ICP_USDT",
      "m" : "4611686018431893990"
    }, {
      "d" : "1756458921254418786",
      "t" : 1756458921254,
      "tn" : 1756458921254418786,
      "q" : "0.24",
      "p" : "4.8876",
      "s" : "buy",
      "i" : "ICP_USDT",
      "m" : "4611686018431893989"
    }, {
      "d" : "1756458919257452213",
      "t" : 1756458919257,
      "tn" : 1756458919257452213,
      "q" : "0.24",
      "p" : "4.8866",
      "s" : "buy",
      "i" : "ICP_USDT",
      "m" : "4611686018431893988"
    }, {
      "d" : "1756458902349431551",
      "t" : 1756458902349,
      "tn" : 1756458902349431551,
      "q" : "0.24",
      "p" : "4.8906",
      "s" : "buy",
      "i" : "ICP_USDT",
      "m" : "4611686018431893987"
    }, {
      "d" : "1756458893033343313",
      "t" : 1756458893033,
      "tn" : 1756458893033343313,
      "q" : "0.24",
      "p" : "4.8906",
      "s" : "buy",
      "i" : "ICP_USDT",
      "m" : "4611686018431893986"
    }, {
      "d" : "1756458884481438780",
      "t" : 1756458884481,
      "tn" : 1756458884481438780,
      "q" : "0.24",
      "p" : "4.8906",
      "s" : "buy",
      "i" : "ICP_USDT",
      "m" : "4611686018431893985"
    }, {
      "d" : "1756458875091362923",
      "t" : 1756458875091,
      "tn" : 1756458875091362923,
      "q" : "0.24",
      "p" : "4.8916",
      "s" : "buy",
      "i" : "ICP_USDT",
      "m" : "4611686018431893984"
    }, {
      "d" : "1756458843390291401",
      "t" : 1756458843390,
      "tn" : 1756458843390291401,
      "q" : "0.24",
      "p" : "4.8924",
      "s" : "sell",
      "i" : "ICP_USDT",
      "m" : "4611686018431893983"
    }, {
      "d" : "1756458836470276133",
      "t" : 1756458836470,
      "tn" : 1756458836470276133,
      "q" : "0.24",
      "p" : "4.8916",
      "s" : "buy",
      "i" : "ICP_USDT",
      "m" : "4611686018431893982"
    }, {
      "d" : "1756458834279200957",
      "t" : 1756458834279,
      "tn" : 1756458834279200957,
      "q" : "0.24",
      "p" : "4.8906",
      "s" : "buy",
      "i" : "ICP_USDT",
      "m" : "4611686018431893981"
    }, {
      "d" : "1756458820840295016",
      "t" : 1756458820840,
      "tn" : 1756458820840295016,
      "q" : "0.24",
      "p" : "4.8906",
      "s" : "buy",
      "i" : "ICP_USDT",
      "m" : "4611686018431893980"
    }, {
      "d" : "1756458805666952013",
      "t" : 1756458805666,
      "tn" : 1756458805666952013,
      "q" : "0.24",
      "p" : "4.8886",
      "s" : "buy",
      "i" : "ICP_USDT",
      "m" : "4611686018431893979"
    }, {
      "d" : "1756458777298505025",
      "t" : 1756458777298,
      "tn" : 1756458777298505025,
      "q" : "0.24",
      "p" : "4.8856",
      "s" : "buy",
      "i" : "ICP_USDT",
      "m" : "4611686018431893978"
    }, {
      "d" : "1756458772327370570",
      "t" : 1756458772327,
      "tn" : 1756458772327370570,
      "q" : "0.24",
      "p" : "4.8856",
      "s" : "buy",
      "i" : "ICP_USDT",
      "m" : "4611686018431893977"
    }, {
      "d" : "1756458762549262163",
      "t" : 1756458762549,
      "tn" : 1756458762549262163,
      "q" : "0.24",
      "p" : "4.8816",
      "s" : "buy",
      "i" : "ICP_USDT",
      "m" : "4611686018431893976"
    }, {
      "d" : "1756458753182403419",
      "t" : 1756458753182,
      "tn" : 1756458753182403419,
      "q" : "0.24",
      "p" : "4.8806",
      "s" : "buy",
      "i" : "ICP_USDT",
      "m" : "4611686018431893975"
    }, {
      "d" : "1756458704312298227",
      "t" : 1756458704312,
      "tn" : 1756458704312298227,
      "q" : "0.24",
      "p" : "4.8826",
      "s" : "buy",
      "i" : "ICP_USDT",
      "m" : "4611686018431893974"
    }, {
      "d" : "1756458697260363700",
      "t" : 1756458697260,
      "tn" : 1756458697260363700,
      "q" : "0.24",
      "p" : "4.8796",
      "s" : "buy",
      "i" : "ICP_USDT",
      "m" : "4611686018431893973"
    }, {
      "d" : "1756458687233416213",
      "t" : 1756458687233,
      "tn" : 1756458687233416213,
      "q" : "0.24",
      "p" : "4.8761",
      "s" : "buy",
      "i" : "ICP_USDT",
      "m" : "4611686018431893972"
    }, {
      "d" : "1756458683731883676",
      "t" : 1756458683731,
      "tn" : 1756458683731883676,
      "q" : "0.24",
      "p" : "4.8746",
      "s" : "buy",
      "i" : "ICP_USDT",
      "m" : "4611686018431893971"
    }, {
      "d" : "1756458683700382252",
      "t" : 1756458683700,
      "tn" : 1756458683700382252,
      "q" : "0.24",
      "p" : "4.8736",
      "s" : "buy",
      "i" : "ICP_USDT",
      "m" : "4611686018431893970"
    }, {
      "d" : "1756458591522759357",
      "t" : 1756458591522,
      "tn" : 1756458591522759357,
      "q" : "0.24",
      "p" : "4.8734",
      "s" : "sell",
      "i" : "ICP_USDT",
      "m" : "4611686018431893969"
    }, {
      "d" : "1756458570103300255",
      "t" : 1756458570103,
      "tn" : 1756458570103300255,
      "q" : "0.24",
      "p" : "4.8756",
      "s" : "buy",
      "i" : "ICP_USDT",
      "m" : "4611686018431893968"
    }, {
      "d" : "1756458569474221850",
      "t" : 1756458569474,
      "tn" : 1756458569474221850,
      "q" : "0.24",
      "p" : "4.8746",
      "s" : "buy",
      "i" : "ICP_USDT",
      "m" : "4611686018431893967"
    }, {
      "d" : "1756458568674739001",
      "t" : 1756458568674,
      "tn" : 1756458568674739001,
      "q" : "53.66",
      "p" : "4.8721",
      "s" : "sell",
      "i" : "ICP_USDT",
      "m" : "4611686018431893966"
    }, {
      "d" : "1756458568674738281",
      "t" : 1756458568674,
      "tn" : 1756458568674738281,
      "q" : "7.69",
      "p" : "4.8722",
      "s" : "sell",
      "i" : "ICP_USDT",
      "m" : "4611686018431893965"
    }, {
      "d" : "1756458568672112146",
      "t" : 1756458568672,
      "tn" : 1756458568672112146,
      "q" : "7.69",
      "p" : "4.8722",
      "s" : "sell",
      "i" : "ICP_USDT",
      "m" : "4611686018431893964"
    }, {
      "d" : "1756458568654989381",
      "t" : 1756458568654,
      "tn" : 1756458568654989381,
      "q" : "0.24",
      "p" : "4.8744",
      "s" : "sell",
      "i" : "ICP_USDT",
      "m" : "4611686018431893963"
    }, {
      "d" : "1756458568643213559",
      "t" : 1756458568643,
      "tn" : 1756458568643213559,
      "q" : "0.24",
      "p" : "4.8744",
      "s" : "sell",
      "i" : "ICP_USDT",
      "m" : "4611686018431893962"
    }, {
      "d" : "1756458568604987442",
      "t" : 1756458568604,
      "tn" : 1756458568604987442,
      "q" : "0.24",
      "p" : "4.8744",
      "s" : "sell",
      "i" : "ICP_USDT",
      "m" : "4611686018431893961"
    }, {
      "d" : "1756458568594085669",
      "t" : 1756458568594,
      "tn" : 1756458568594085669,
      "q" : "0.24",
      "p" : "4.8744",
      "s" : "sell",
      "i" : "ICP_USDT",
      "m" : "4611686018431893960"
    }, {
      "d" : "1756458568529857685",
      "t" : 1756458568529,
      "tn" : 1756458568529857685,
      "q" : "0.24",
      "p" : "4.8754",
      "s" : "sell",
      "i" : "ICP_USDT",
      "m" : "4611686018431893959"
    }, {
      "d" : "1756458568452834931",
      "t" : 1756458568452,
      "tn" : 1756458568452834931,
      "q" : "0.24",
      "p" : "4.8754",
      "s" : "sell",
      "i" : "ICP_USDT",
      "m" : "4611686018431893958"
    }, {
      "d" : "1756458568352703698",
      "t" : 1756458568352,
      "tn" : 1756458568352703698,
      "q" : "0.24",
      "p" : "4.8754",
      "s" : "sell",
      "i" : "ICP_USDT",
      "m" : "4611686018431893957"
    }, {
      "d" : "1756458568252531952",
      "t" : 1756458568252,
      "tn" : 1756458568252531952,
      "q" : "0.24",
      "p" : "4.8754",
      "s" : "sell",
      "i" : "ICP_USDT",
      "m" : "4611686018431893956"
    }, {
      "d" : "1756458568242446650",
      "t" : 1756458568242,
      "tn" : 1756458568242446650,
      "q" : "0.24",
      "p" : "4.8754",
      "s" : "sell",
      "i" : "ICP_USDT",
      "m" : "4611686018431893955"
    }, {
      "d" : "1756458568162321749",
      "t" : 1756458568162,
      "tn" : 1756458568162321749,
      "q" : "0.24",
      "p" : "4.8754",
      "s" : "sell",
      "i" : "ICP_USDT",
      "m" : "4611686018431893954"
    }, {
      "d" : "1756458568149537417",
      "t" : 1756458568149,
      "tn" : 1756458568149537417,
      "q" : "0.24",
      "p" : "4.8754",
      "s" : "sell",
      "i" : "ICP_USDT",
      "m" : "4611686018431893953"
    }, {
      "d" : "1756458568129487936",
      "t" : 1756458568129,
      "tn" : 1756458568129487936,
      "q" : "0.24",
      "p" : "4.8754",
      "s" : "sell",
      "i" : "ICP_USDT",
      "m" : "4611686018431893952"
    }, {
      "d" : "1756458568119449245",
      "t" : 1756458568119,
      "tn" : 1756458568119449245,
      "q" : "0.24",
      "p" : "4.8754",
      "s" : "sell",
      "i" : "ICP_USDT",
      "m" : "4611686018431893951"
    }, {
      "d" : "1756458568059406856",
      "t" : 1756458568059,
      "tn" : 1756458568059406856,
      "q" : "0.24",
      "p" : "4.8754",
      "s" : "sell",
      "i" : "ICP_USDT",
      "m" : "4611686018431893950"
    }, {
      "d" : "1756458567969032844",
      "t" : 1756458567969,
      "tn" : 1756458567969032844,
      "q" : "0.24",
      "p" : "4.8754",
      "s" : "sell",
      "i" : "ICP_USDT",
      "m" : "4611686018431893949"
    }, {
      "d" : "1756458567952758035",
      "t" : 1756458567952,
      "tn" : 1756458567952758035,
      "q" : "0.24",
      "p" : "4.8754",
      "s" : "sell",
      "i" : "ICP_USDT",
      "m" : "4611686018431893948"
    }, {
      "d" : "1756458567929022817",
      "t" : 1756458567929,
      "tn" : 1756458567929022817,
      "q" : "0.24",
      "p" : "4.8754",
      "s" : "sell",
      "i" : "ICP_USDT",
      "m" : "4611686018431893947"
    }, {
      "d" : "1756458567245106484",
      "t" : 1756458567245,
      "tn" : 1756458567245106484,
      "q" : "0.24",
      "p" : "4.8754",
      "s" : "sell",
      "i" : "ICP_USDT",
      "m" : "4611686018431893946"
    }, {
      "d" : "1756458567173024551",
      "t" : 1756458567173,
      "tn" : 1756458567173024551,
      "q" : "0.24",
      "p" : "4.8754",
      "s" : "sell",
      "i" : "ICP_USDT",
      "m" : "4611686018431893945"
    }, {
      "d" : "1756458567155326095",
      "t" : 1756458567155,
      "tn" : 1756458567155326095,
      "q" : "0.24",
      "p" : "4.8754",
      "s" : "sell",
      "i" : "ICP_USDT",
      "m" : "4611686018431893944"
    }, {
      "d" : "1756458567014411922",
      "t" : 1756458567014,
      "tn" : 1756458567014411922,
      "q" : "0.24",
      "p" : "4.8754",
      "s" : "sell",
      "i" : "ICP_USDT",
      "m" : "4611686018431893943"
    }, {
      "d" : "1756458565808776335",
      "t" : 1756458565808,
      "tn" : 1756458565808776335,
      "q" : "0.24",
      "p" : "4.8764",
      "s" : "sell",
      "i" : "ICP_USDT",
      "m" : "4611686018431893942"
    }, {
      "d" : "1756458562097775798",
      "t" : 1756458562097,
      "tn" : 1756458562097775798,
      "q" : "30.77",
      "p" : "4.8845",
      "s" : "buy",
      "i" : "ICP_USDT",
      "m" : "4611686018431893941"
    }, {
      "d" : "1756458562097773529",
      "t" : 1756458562097,
      "tn" : 1756458562097773529,
      "q" : "35.18",
      "p" : "4.8839",
      "s" : "buy",
      "i" : "ICP_USDT",
      "m" : "4611686018431893940"
    }, {
      "d" : "1756458562097770716",
      "t" : 1756458562097,
      "tn" : 1756458562097770716,
      "q" : "33.81",
      "p" : "4.8838",
      "s" : "buy",
      "i" : "ICP_USDT",
      "m" : "4611686018431893939"
    }, {
      "d" : "1756458562097767495",
      "t" : 1756458562097,
      "tn" : 1756458562097767495,
      "q" : "0.24",
      "p" : "4.8766",
      "s" : "buy",
      "i" : "ICP_USDT",
      "m" : "4611686018431893938"
    }, {
      "d" : "1756458348066380274",
      "t" : 1756458348066,
      "tn" : 1756458348066380274,
      "q" : "0.24",
      "p" : "4.8786",
      "s" : "buy",
      "i" : "ICP_USDT",
      "m" : "4611686018431893937"
    }, {
      "d" : "1756458346625306966",
      "t" : 1756458346625,
      "tn" : 1756458346625306966,
      "q" : "0.24",
      "p" : "4.8766",
      "s" : "buy",
      "i" : "ICP_USDT",
      "m" : "4611686018431893936"
    }, {
      "d" : "1756458316704360458",
      "t" : 1756458316704,
      "tn" : 1756458316704360458,
      "q" : "0.24",
      "p" : "4.8736",
      "s" : "buy",
      "i" : "ICP_USDT",
      "m" : "4611686018431893935"
    }, {
      "d" : "1756458316053393856",
      "t" : 1756458316053,
      "tn" : 1756458316053393856,
      "q" : "0.24",
      "p" : "4.8726",
      "s" : "buy",
      "i" : "ICP_USDT",
      "m" : "4611686018431893934"
    }, {
      "d" : "1756458309446699199",
      "t" : 1756458309446,
      "tn" : 1756458309446699199,
      "q" : "0.24",
      "p" : "4.8744",
      "s" : "sell",
      "i" : "ICP_USDT",
      "m" : "4611686018431893933"
    }, {
      "d" : "1756458306666324327",
      "t" : 1756458306666,
      "tn" : 1756458306666324327,
      "q" : "0.24",
      "p" : "4.8746",
      "s" : "buy",
      "i" : "ICP_USDT",
      "m" : "4611686018431893932"
    }, {
      "d" : "1756458303499902483",
      "t" : 1756458303499,
      "tn" : 1756458303499902483,
      "q" : "0.24",
      "p" : "4.8734",
      "s" : "sell",
      "i" : "ICP_USDT",
      "m" : "4611686018431893931"
    }, {
      "d" : "1756458246444302104",
      "t" : 1756458246444,
      "tn" : 1756458246444302104,
      "q" : "0.24",
      "p" : "4.8746",
      "s" : "buy",
      "i" : "ICP_USDT",
      "m" : "4611686018431893930"
    }, {
      "d" : "1756458244163672600",
      "t" : 1756458244163,
      "tn" : 1756458244163672600,
      "q" : "0.24",
      "p" : "4.8726",
      "s" : "buy",
      "i" : "ICP_USDT",
      "m" : "4611686018431893929"
    }, {
      "d" : "1756458208498620988",
      "t" : 1756458208498,
      "tn" : 1756458208498620988,
      "q" : "0.24",
      "p" : "4.8736",
      "s" : "buy",
      "i" : "ICP_USDT",
      "m" : "4611686018431893928"
    }, {
      "d" : "1756458202586612138",
      "t" : 1756458202586,
      "tn" : 1756458202586612138,
      "q" : "0.24",
      "p" : "4.8696",
      "s" : "buy",
      "i" : "ICP_USDT",
      "m" : "4611686018431893927"
    }, {
      "d" : "1756458186021150460",
      "t" : 1756458186021,
      "tn" : 1756458186021150460,
      "q" : "0.24",
      "p" : "4.8666",
      "s" : "buy",
      "i" : "ICP_USDT",
      "m" : "4611686018431893926"
    }, {
      "d" : "1756458146096112642",
      "t" : 1756458146096,
      "tn" : 1756458146096112642,
      "q" : "0.24",
      "p" : "4.8786",
      "s" : "buy",
      "i" : "ICP_USDT",
      "m" : "4611686018431893925"
    }, {
      "d" : "1756458141137957819",
      "t" : 1756458141137,
      "tn" : 1756458141137957819,
      "q" : "0.24",
      "p" : "4.8816",
      "s" : "buy",
      "i" : "ICP_USDT",
      "m" : "4611686018431893924"
    }, {
      "d" : "1756458137157227426",
      "t" : 1756458137157,
      "tn" : 1756458137157227426,
      "q" : "0.24",
      "p" : "4.8806",
      "s" : "buy",
      "i" : "ICP_USDT",
      "m" : "4611686018431893923"
    }, {
      "d" : "1756458135877369195",
      "t" : 1756458135877,
      "tn" : 1756458135877369195,
      "q" : "7.03",
      "p" : "4.8827",
      "s" : "sell",
      "i" : "ICP_USDT",
      "m" : "4611686018431893922"
    }, {
      "d" : "1756458135873712361",
      "t" : 1756458135873,
      "tn" : 1756458135873712361,
      "q" : "0.82",
      "p" : "4.8827",
      "s" : "sell",
      "i" : "ICP_USDT",
      "m" : "4611686018431893921"
    }, {
      "d" : "1756458119788240673",
      "t" : 1756458119788,
      "tn" : 1756458119788240673,
      "q" : "0.24",
      "p" : "4.8826",
      "s" : "buy",
      "i" : "ICP_USDT",
      "m" : "4611686018431893920"
    }, {
      "d" : "1756458106418255914",
      "t" : 1756458106418,
      "tn" : 1756458106418255914,
      "q" : "0.24",
      "p" : "4.8826",
      "s" : "buy",
      "i" : "ICP_USDT",
      "m" : "4611686018431893919"
    }, {
      "d" : "1756458104149310605",
      "t" : 1756458104149,
      "tn" : 1756458104149310605,
      "q" : "0.24",
      "p" : "4.8826",
      "s" : "buy",
      "i" : "ICP_USDT",
      "m" : "4611686018431893918"
    }, {
      "d" : "1756458072496785719",
      "t" : 1756458072496,
      "tn" : 1756458072496785719,
      "q" : "0.24",
      "p" : "4.8876",
      "s" : "buy",
      "i" : "ICP_USDT",
      "m" : "4611686018431893917"
    }, {
      "d" : "1756458070642724024",
      "t" : 1756458070642,
      "tn" : 1756458070642724024,
      "q" : "0.24",
      "p" : "4.8886",
      "s" : "buy",
      "i" : "ICP_USDT",
      "m" : "4611686018431893916"
    }, {
      "d" : "1756458020956357840",
      "t" : 1756458020956,
      "tn" : 1756458020956357840,
      "q" : "0.24",
      "p" : "4.8899",
      "s" : "sell",
      "i" : "ICP_USDT",
      "m" : "4611686018431893915"
    }, {
      "d" : "1756457979938123219",
      "t" : 1756457979938,
      "tn" : 1756457979938123219,
      "q" : "0.24",
      "p" : "4.8944",
      "s" : "sell",
      "i" : "ICP_USDT",
      "m" : "4611686018431893914"
    }, {
      "d" : "1756457969041268249",
      "t" : 1756457969041,
      "tn" : 1756457969041268249,
      "q" : "0.24",
      "p" : "4.8936",
      "s" : "buy",
      "i" : "ICP_USDT",
      "m" : "4611686018431893913"
    }, {
      "d" : "1756457967036217776",
      "t" : 1756457967036,
      "tn" : 1756457967036217776,
      "q" : "0.24",
      "p" : "4.8936",
      "s" : "buy",
      "i" : "ICP_USDT",
      "m" : "4611686018431893912"
    }, {
      "d" : "1756457966574116707",
      "t" : 1756457966574,
      "tn" : 1756457966574116707,
      "q" : "0.24",
      "p" : "4.8936",
      "s" : "buy",
      "i" : "ICP_USDT",
      "m" : "4611686018431893911"
    }, {
      "d" : "1756457966088389040",
      "t" : 1756457966088,
      "tn" : 1756457966088389040,
      "q" : "0.24",
      "p" : "4.8936",
      "s" : "buy",
      "i" : "ICP_USDT",
      "m" : "4611686018431893910"
    }, {
      "d" : "1756457947878255551",
      "t" : 1756457947878,
      "tn" : 1756457947878255551,
      "q" : "0.24",
      "p" : "4.8936",
      "s" : "buy",
      "i" : "ICP_USDT",
      "m" : "4611686018431893909"
    }, {
      "d" : "1756457947627481308",
      "t" : 1756457947627,
      "tn" : 1756457947627481308,
      "q" : "0.24",
      "p" : "4.8936",
      "s" : "buy",
      "i" : "ICP_USDT",
      "m" : "4611686018431893908"
    }, {
      "d" : "1756457947376727405",
      "t" : 1756457947376,
      "tn" : 1756457947376727405,
      "q" : "0.24",
      "p" : "4.8936",
      "s" : "buy",
      "i" : "ICP_USDT",
      "m" : "4611686018431893907"
    }, {
      "d" : "1756457947125899523",
      "t" : 1756457947125,
      "tn" : 1756457947125899523,
      "q" : "0.24",
      "p" : "4.8936",
      "s" : "buy",
      "i" : "ICP_USDT",
      "m" : "4611686018431893906"
    }, {
      "d" : "1756457946875092440",
      "t" : 1756457946875,
      "tn" : 1756457946875092440,
      "q" : "0.24",
      "p" : "4.8936",
      "s" : "buy",
      "i" : "ICP_USDT",
      "m" : "4611686018431893905"
    }, {
      "d" : "1756457946128594878",
      "t" : 1756457946128,
      "tn" : 1756457946128594878,
      "q" : "0.24",
      "p" : "4.8944",
      "s" : "sell",
      "i" : "ICP_USDT",
      "m" : "4611686018431893904"
    }, {
      "d" : "1756457943773122466",
      "t" : 1756457943773,
      "tn" : 1756457943773122466,
      "q" : "0.24",
      "p" : "4.8936",
      "s" : "buy",
      "i" : "ICP_USDT",
      "m" : "4611686018431893903"
    }, {
      "d" : "1756457943522394201",
      "t" : 1756457943522,
      "tn" : 1756457943522394201,
      "q" : "0.24",
      "p" : "4.8936",
      "s" : "buy",
      "i" : "ICP_USDT",
      "m" : "4611686018431893902"
    }, {
      "d" : "1756457941981283859",
      "t" : 1756457941981,
      "tn" : 1756457941981283859,
      "q" : "0.24",
      "p" : "4.8946",
      "s" : "buy",
      "i" : "ICP_USDT",
      "m" : "4611686018431893901"
    }, {
      "d" : "1756457940602345537",
      "t" : 1756457940602,
      "tn" : 1756457940602345537,
      "q" : "0.24",
      "p" : "4.8936",
      "s" : "buy",
      "i" : "ICP_USDT",
      "m" : "4611686018431893900"
    }, {
      "d" : "1756457896253669185",
      "t" : 1756457896253,
      "tn" : 1756457896253669185,
      "q" : "0.24",
      "p" : "4.8936",
      "s" : "buy",
      "i" : "ICP_USDT",
      "m" : "4611686018431893899"
    }, {
      "d" : "1756457895660173259",
      "t" : 1756457895660,
      "tn" : 1756457895660173259,
      "q" : "0.24",
      "p" : "4.8926",
      "s" : "buy",
      "i" : "ICP_USDT",
      "m" : "4611686018431893898"
    }, {
      "d" : "1756457895409312634",
      "t" : 1756457895409,
      "tn" : 1756457895409312634,
      "q" : "0.24",
      "p" : "4.8926",
      "s" : "buy",
      "i" : "ICP_USDT",
      "m" : "4611686018431893897"
    }, {
      "d" : "1756457895158391127",
      "t" : 1756457895158,
      "tn" : 1756457895158391127,
      "q" : "0.24",
      "p" : "4.8926",
      "s" : "buy",
      "i" : "ICP_USDT",
      "m" : "4611686018431893896"
    }, {
      "d" : "1756457893392318239",
      "t" : 1756457893392,
      "tn" : 1756457893392318239,
      "q" : "0.24",
      "p" : "4.8924",
      "s" : "sell",
      "i" : "ICP_USDT",
      "m" : "4611686018431893895"
    }, {
      "d" : "1756457888554191958",
      "t" : 1756457888554,
      "tn" : 1756457888554191958,
      "q" : "0.24",
      "p" : "4.8936",
      "s" : "buy",
      "i" : "ICP_USDT",
      "m" : "4611686018431893894"
    }, {
      "d" : "1756457888303350067",
      "t" : 1756457888303,
      "tn" : 1756457888303350067,
      "q" : "0.24",
      "p" : "4.8936",
      "s" : "buy",
      "i" : "ICP_USDT",
      "m" : "4611686018431893893"
    }, {
      "d" : "1756457888052449021",
      "t" : 1756457888052,
      "tn" : 1756457888052449021,
      "q" : "0.24",
      "p" : "4.8936",
      "s" : "buy",
      "i" : "ICP_USDT",
      "m" : "4611686018431893892"
    }, {
      "d" : "1756457887577226036",
      "t" : 1756457887577,
      "tn" : 1756457887577226036,
      "q" : "0.24",
      "p" : "4.8936",
      "s" : "buy",
      "i" : "ICP_USDT",
      "m" : "4611686018431893891"
    }, {
      "d" : "1756457887326498035",
      "t" : 1756457887326,
      "tn" : 1756457887326498035,
      "q" : "0.24",
      "p" : "4.8936",
      "s" : "buy",
      "i" : "ICP_USDT",
      "m" : "4611686018431893890"
    }, {
      "d" : "1756457887075749851",
      "t" : 1756457887075,
      "tn" : 1756457887075749851,
      "q" : "0.24",
      "p" : "4.8936",
      "s" : "buy",
      "i" : "ICP_USDT",
      "m" : "4611686018431893889"
    }, {
      "d" : "1756457886824825156",
      "t" : 1756457886824,
      "tn" : 1756457886824825156,
      "q" : "0.24",
      "p" : "4.8936",
      "s" : "buy",
      "i" : "ICP_USDT",
      "m" : "4611686018431893888"
    }, {
      "d" : "1756457886574048538",
      "t" : 1756457886574,
      "tn" : 1756457886574048538,
      "q" : "0.24",
      "p" : "4.8936",
      "s" : "buy",
      "i" : "ICP_USDT",
      "m" : "4611686018431893887"
    }, {
      "d" : "1756457886323255593",
      "t" : 1756457886323,
      "tn" : 1756457886323255593,
      "q" : "0.24",
      "p" : "4.8936",
      "s" : "buy",
      "i" : "ICP_USDT",
      "m" : "4611686018431893886"
    }, {
      "d" : "1756457882215905337",
      "t" : 1756457882215,
      "tn" : 1756457882215905337,
      "q" : "0.24",
      "p" : "4.8896",
      "s" : "buy",
      "i" : "ICP_USDT",
      "m" : "4611686018431893885"
    }, {
      "d" : "1756457861112155982",
      "t" : 1756457861112,
      "tn" : 1756457861112155982,
      "q" : "0.24",
      "p" : "4.8864",
      "s" : "sell",
      "i" : "ICP_USDT",
      "m" : "4611686018431893884"
    }, {
      "d" : "1756457860105740436",
      "t" : 1756457860105,
      "tn" : 1756457860105740436,
      "q" : "0.24",
      "p" : "4.8874",
      "s" : "sell",
      "i" : "ICP_USDT",
      "m" : "4611686018431893883"
    }, {
      "d" : "1756457850361451159",
      "t" : 1756457850361,
      "tn" : 1756457850361451159,
      "q" : "0.24",
      "p" : "4.8876",
      "s" : "buy",
      "i" : "ICP_USDT",
      "m" : "4611686018431893882"
    }, {
      "d" : "1756457844270479775",
      "t" : 1756457844270,
      "tn" : 1756457844270479775,
      "q" : "0.24",
      "p" : "4.8896",
      "s" : "buy",
      "i" : "ICP_USDT",
      "m" : "4611686018431893881"
    }, {
      "d" : "1756457844019643304",
      "t" : 1756457844019,
      "tn" : 1756457844019643304,
      "q" : "0.24",
      "p" : "4.8896",
      "s" : "buy",
      "i" : "ICP_USDT",
      "m" : "4611686018431893880"
    }, {
      "d" : "1756457843768804708",
      "t" : 1756457843768,
      "tn" : 1756457843768804708,
      "q" : "0.24",
      "p" : "4.8896",
      "s" : "buy",
      "i" : "ICP_USDT",
      "m" : "4611686018431893879"
    }, {
      "d" : "1756457843517957347",
      "t" : 1756457843517,
      "tn" : 1756457843517957347,
      "q" : "0.24",
      "p" : "4.8896",
      "s" : "buy",
      "i" : "ICP_USDT",
      "m" : "4611686018431893878"
    }, {
      "d" : "1756457843255842202",
      "t" : 1756457843255,
      "tn" : 1756457843255842202,
      "q" : "0.24",
      "p" : "4.8896",
      "s" : "buy",
      "i" : "ICP_USDT",
      "m" : "4611686018431893877"
    }, {
      "d" : "1756457842147890185",
      "t" : 1756457842147,
      "tn" : 1756457842147890185,
      "q" : "0.24",
      "p" : "4.8906",
      "s" : "buy",
      "i" : "ICP_USDT",
      "m" : "4611686018431893876"
    }, {
      "d" : "1756457841897119032",
      "t" : 1756457841897,
      "tn" : 1756457841897119032,
      "q" : "0.24",
      "p" : "4.8906",
      "s" : "buy",
      "i" : "ICP_USDT",
      "m" : "4611686018431893875"
    }, {
      "d" : "1756457840550282187",
      "t" : 1756457840550,
      "tn" : 1756457840550282187,
      "q" : "0.24",
      "p" : "4.8896",
      "s" : "buy",
      "i" : "ICP_USDT",
      "m" : "4611686018431893874"
    }, {
      "d" : "1756457836832148560",
      "t" : 1756457836832,
      "tn" : 1756457836832148560,
      "q" : "0.24",
      "p" : "4.8916",
      "s" : "buy",
      "i" : "ICP_USDT",
      "m" : "4611686018431893873"
    }, {
      "d" : "1756457836581262822",
      "t" : 1756457836581,
      "tn" : 1756457836581262822,
      "q" : "0.24",
      "p" : "4.8916",
      "s" : "buy",
      "i" : "ICP_USDT",
      "m" : "4611686018431893872"
    }, {
      "d" : "1756457782994295439",
      "t" : 1756457782994,
      "tn" : 1756457782994295439,
      "q" : "0.24",
      "p" : "4.8976",
      "s" : "buy",
      "i" : "ICP_USDT",
      "m" : "4611686018431893871"
    }, {
      "d" : "1756457778902768737",
      "t" : 1756457778902,
      "tn" : 1756457778902768737,
      "q" : "0.24",
      "p" : "4.8971",
      "s" : "buy",
      "i" : "ICP_USDT",
      "m" : "4611686018431893870"
    }, {
      "d" : "1756457774550770645",
      "t" : 1756457774550,
      "tn" : 1756457774550770645,
      "q" : "0.24",
      "p" : "4.8964",
      "s" : "sell",
      "i" : "ICP_USDT",
      "m" : "4611686018431893869"
    }, {
      "d" : "1756457772584309280",
      "t" : 1756457772584,
      "tn" : 1756457772584309280,
      "q" : "0.24",
      "p" : "4.8974",
      "s" : "sell",
      "i" : "ICP_USDT",
      "m" : "4611686018431893868"
    }, {
      "d" : "1756457768197760523",
      "t" : 1756457768197,
      "tn" : 1756457768197760523,
      "q" : "0.24",
      "p" : "4.8974",
      "s" : "sell",
      "i" : "ICP_USDT",
      "m" : "4611686018431893867"
    }, {
      "d" : "1756457764147417523",
      "t" : 1756457764147,
      "tn" : 1756457764147417523,
      "q" : "0.24",
      "p" : "4.8966",
      "s" : "buy",
      "i" : "ICP_USDT",
      "m" : "4611686018431893866"
    }, {
      "d" : "1756457746189819717",
      "t" : 1756457746189,
      "tn" : 1756457746189819717,
      "q" : "0.24",
      "p" : "4.8956",
      "s" : "buy",
      "i" : "ICP_USDT",
      "m" : "4611686018431893865"
    } ]
  }
}