{
  "id" : -1,
  "method" : "public/get-trades",
  "code" : 0,
  "result" : {
    "data" : [ {
      "d" : "1756461274836439254",
      "t" : 1756461274836,
      "tn" : 1756461274836439254,
      "q" : "0.24",
      "p" : "4.9073",
      "s" : "buy",
      "i" : "ICP_USD",
      "m" : "4611686018433290521"
    }, {
      "d" : "1756461268854064428",
      "t" : 1756461268854,
      "tn" : 1756461268854064428,
      "q" : "0.24",
      "p" : "4.9073",
      "s" : "buy",
      "i" : "ICP_USD",
      "m" : "4611686018433290520"
    }, {
      "d" : "1756461263999191061",
      "t" : 1756461263999,
      "tn" : 1756461263999191061,
      "q" : "11.39",
      "p" : "4.9068",
      "s" : "buy",
      "i" : "ICP_USD",
      "m" : "4611686018433290519"
    }, {
      "d" : "1756461263999189004",
      "t" : 1756461263999,
      "tn" : 1756461263999189004,
      "q" : "0.24",
      "p" : "4.9048",
      "s" : "buy",
      "i" : "ICP_USD",
      "m" : "4611686018433290518"
    }, {
      "d" : "1756461206932822278",
      "t" : 1756461206932,
      "tn" : 1756461206932822278,
      "q" : "8.15",
      "p" : "4.9056",
      "s" : "sell",
      "i" : "ICP_USD",
      "m" : "4611686018433290517"
    }, {
      "d" : "1756461206718494172",
      "t" : 1756461206718,
      "tn" : 1756461206718494172,
      "q" : "8.15",
      "p" : "4.9066",
      "s" : "sell",
      "i" : "ICP_USD",
      "m" : "4611686018433290516"
    }, {
      "d" : "1756461110649975487",
      "t" : 1756461110649,
      "tn" : 1756461110649975487,
      "q" : "0.72",
      "p" : "4.9117",
      "s" : "sell",
      "i" : "ICP_USD",
      "m" : "4611686018433290515"
    }, {
      "d" : "1756461109939723863",
      "t" : 1756461109939,
      "tn" : 1756461109939723863,
      "q" : "0.24",
      "p" : "4.9117",
      "s" : "buy",
      "i" : "ICP_USD",
      "m" : "4611686018433290514"
    }, {
      "d" : "1756461103922244750",
      "t" : 1756461103922,
      "tn" : 1756461103922244750,
      "q" : "0.24",
      "p" : "4.9115",
      "s" : "buy",
      "i" : "ICP_USD",
      "m" : "4611686018433290513"
    }, {
      "d" : "1756461097912662012",
      "t" : 1756461097912,
      "tn" : 1756461097912662012,
      "q" : "0.24",
      "p" : "4.9113",
      "s" : "buy",
      "i" : "ICP_USD",
      "m" : "4611686018433290512"
    }, {
      "d" : "1756460948163901515",
      "t" : 1756460948163,
      "tn" : 1756460948163901515,
      "q" : "0.24",
      "p" : "4.9153",
      "s" : "buy",
      "i" : "ICP_USD",
      "m" : "4611686018433290511"
    }, {
      "d" : "1756460945032108513",
      "t" : 1756460945032,
      "tn" : 1756460945032108513,
      "q" : "1.36",
      "p" : "4.9152",
      "s" : "buy",
      "i" : "ICP_USD",
      "m" : "4611686018433290510"
    }, {
      "d" : "1756460939062445829",
      "t" : 1756460939062,
      "tn" : 1756460939062445829,
      "q" : "0.24",
      "p" : "4.9164",
      "s" : "buy",
      "i" : "ICP_USD",
      "m" : "4611686018433290509"
    }, {
      "d" : "1756460932855960450",
      "t" : 1756460932855,
      "tn" : 1756460932855960450,
      "q" : "0.24",
      "p" : "4.9163",
      "s" : "buy",
      "i" : "ICP_USD",
      "m" : "4611686018433290508"
    }, {
      "d" : "1756460926844201137",
      "t" : 1756460926844,
      "tn" : 1756460926844201137,
      "q" : "0.24",
      "p" : "4.9173",
      "s" : "buy",
      "i" : "ICP_USD",
      "m" : "4611686018433290507"
    }, {
      "d" : "1756460920847754287",
      "t" : 1756460920847,
      "tn" : 1756460920847754287,
      "q" : "0.24",
      "p" : "4.9183",
      "s" : "buy",
      "i" : "ICP_USD",
      "m" : "4611686018433290506"
    }, {
      "d" : "1756460914841682645",
      "t" : 1756460914841,
      "tn" : 1756460914841682645,
      "q" : "0.24",
      "p" : "4.9183",
      "s" : "buy",
      "i" : "ICP_USD",
      "m" : "4611686018433290505"
    }, {
      "d" : "1756460908895022512",
      "t" : 1756460908895,
      "tn" : 1756460908895022512,
      "q" : "0.24",
      "p" : "4.9163",
      "s" : "buy",
      "i" : "ICP_USD",
      "m" : "4611686018433290504"
    }, {
      "d" : "1756460902961451506",
      "t" : 1756460902961,
      "tn" : 1756460902961451506,
      "q" : "0.24",
      "p" : "4.9143",
      "s" : "buy",
      "i" : "ICP_USD",
      "m" : "4611686018433290503"
    }, {
      "d" : "1756460896891325556",
      "t" : 1756460896891,
      "tn" : 1756460896891325556,
      "q" : "0.24",
      "p" : "4.9143",
      "s" : "buy",
      "i" : "ICP_USD",
      "m" : "4611686018433290502"
    }, {
      "d" : "1756460890901284313",
      "t" : 1756460890901,
      "tn" : 1756460890901284313,
      "q" : "0.24",
      "p" : "4.9133",
      "s" : "buy",
      "i" : "ICP_USD",
      "m" : "4611686018433290501"
    }, {
      "d" : "1756460884807381964",
      "t" : 1756460884807,
      "tn" : 1756460884807381964,
      "q" : "0.24",
      "p" : "4.9123",
      "s" : "buy",
      "i" : "ICP_USD",
      "m" : "4611686018433290500"
    }, {
      "d" : "1756460878869420620",
      "t" : 1756460878869,
      "tn" : 1756460878869420620,
      "q" : "0.24",
      "p" : "4.9123",
      "s" : "buy",
      "i" : "ICP_USD",
      "m" : "4611686018433290499"
    }, {
      "d" : "1756460872987181404",
      "t" : 1756460872987,
      "tn" : 1756460872987181404,
      "q" : "0.24",
      "p" : "4.9113",
      "s" : "buy",
      "i" : "ICP_USD",
      "m" : "4611686018433290498"
    }, {
      "d" : "1756460866847012045",
      "t" : 1756460866847,
      "tn" : 1756460866847012045,
      "q" : "0.24",
      "p" : "4.9113",
      "s" : "buy",
      "i" : "ICP_USD",
      "m" : "4611686018433290497"
    }, {
      "d" : "1756460861039648869",
      "t" : 1756460861039,
      "tn" : 1756460861039648869,
      "q" : "0.24",
      "p" : "4.9093",
      "s" : "buy",
      "i" : "ICP_USD",
      "m" : "4611686018433290496"
    }, {
      "d" : "1756460854997804986",
      "t" : 1756460854997,
      "tn" : 1756460854997804986,
      "q" : "0.24",
      "p" : "4.9083",
      "s" : "buy",
      "i" : "ICP_USD",
      "m" : "4611686018433290495"
    }, {
      "d" : "1756460848874631636",
      "t" : 1756460848874,
      "tn" : 1756460848874631636,
      "q" : "0.24",
      "p" : "4.9083",
      "s" : "buy",
      "i" : "ICP_USD",
      "m" : "4611686018433290494"
    }, {
      "d" : "1756460842904586610",
      "t" : 1756460842904,
      "tn" : 1756460842904586610,
      "q" : "0.24",
      "p" : "4.9083",
      "s" : "buy",
      "i" : "ICP_USD",
      "m" : "4611686018433290493"
    }, {
      "d" : "1756460836909791973",
      "t" : 1756460836909,
      "tn" : 1756460836909791973,
      "q" : "0.24",
      "p" : "4.9063",
      "s" : "buy",
      "i" : "ICP_USD",
      "m" : "4611686018433290492"
    }, {
      "d" : "1756460830871344627",
      "t" : 1756460830871,
      "tn" : 1756460830871344627,
      "q" : "0.24",
      "p" : "4.9053",
      "s" : "buy",
      "i" : "ICP_USD",
      "m" : "4611686018433290491"
    }, {
      "d" : "1756460824974459846",
      "t" : 1756460824974,
      "tn" : 1756460824974459846,
      "q" : "0.24",
      "p" : "4.9053",
      "s" : "buy",
      "i" : "ICP_USD",
      "m" : "4611686018433290490"
    }, {
      "d" : "1756460818832638939",
      "t" : 1756460818832,
      "tn" : 1756460818832638939,
      "q" : "0.24",
      "p" : "4.9043",
      "s" : "buy",
      "i" : "ICP_USD",
      "m" : "4611686018433290489"
    }, {
      "d" : "1756460812899413904",
      "t" : 1756460812899,
      "tn" : 1756460812899413904,
      "q" : "0.24",
      "p" : "4.9046",
      "s" : "buy",
      "i" : "ICP_USD",
      "m" : "4611686018433290488"
    }, {
      "d" : "1756460807015868391",
      "t" : 1756460807015,
      "tn" : 1756460807015868391,
      "q" : "0.24",
      "p" : "4.9053",
      "s" : "buy",
      "i" : "ICP_USD",
      "m" : "4611686018433290487"
    }, {
      "d" : "1756460777742555942",
      "t" : 1756460777742,
      "tn" : 1756460777742555942,
      "q" : "0.24",
      "p" : "4.9023",
      "s" : "buy",
      "i" : "ICP_USD",
      "m" : "4611686018433290486"
    }, {
      "d" : "1756460686723461006",
      "t" : 1756460686723,
      "tn" : 1756460686723461006,
      "q" : "5.64",
      "p" : "4.8982",
      "s" : "sell",
      "i" : "ICP_USD",
      "m" : "4611686018433290485"
    }, {
      "d" : "1756460680922003737",
      "t" : 1756460680922,
      "tn" : 1756460680922003736,
      "q" : "0.24",
      "p" : "4.8982",
      "s" : "sell",
      "i" : "ICP_USD",
      "m" : "4611686018433290484"
    }, {
      "d" : "1756460680922003736",
      "t" : 1756460680922,
      "tn" : 1756460680922003736,
      "q" : "11.39",
      "p" : "4.8982",
      "s" : "sell",
      "i" : "ICP_USD",
      "m" : "4611686018433290484"
    }, {
      "d" : "1756460636010199242",
      "t" : 1756460636010,
      "tn" : 1756460636010199242,
      "q" : "0.24",
      "p" : "4.9032",
      "s" : "sell",
      "i" : "ICP_USD",
      "m" : "4611686018433290483"
    }, {
      "d" : "1756460636010197802",
      "t" : 1756460636010,
      "tn" : 1756460636010197802,
      "q" : "1.92",
      "p" : "4.9033",
      "s" : "sell",
      "i" : "ICP_USD",
      "m" : "4611686018433290482"
    }, {
      "d" : "1756460636009790559",
      "t" : 1756460636009,
      "tn" : 1756460636009790559,
      "q" : "114.21",
      "p" : "4.9033",
      "s" : "sell",
      "i" : "ICP_USD",
      "m" : "4611686018433290481"
    }, {
      "d" : "1756460635910586936",
      "t" : 1756460635910,
      "tn" : 1756460635910586936,
      "q" : "0.24",
      "p" : "4.9033",
      "s" : "buy",
      "i" : "ICP_USD",
      "m" : "4611686018433290480"
    }, {
      "d" : "1756460629992717991",
      "t" : 1756460629992,
      "tn" : 1756460629992717991,
      "q" : "0.24",
      "p" : "4.9033",
      "s" : "buy",
      "i" : "ICP_USD",
      "m" : "4611686018433290479"
    }, {
      "d" : "1756460623939917634",
      "t" : 1756460623939,
      "tn" : 1756460623939917634,
      "q" : "0.24",
      "p" : "4.9043",
      "s" : "buy",
      "i" : "ICP_USD",
      "m" : "4611686018433290478"
    }, {
      "d" : "1756460617703827979",
      "t" : 1756460617703,
      "tn" : 1756460617703827979,
      "q" : "0.24",
      "p" : "4.9043",
      "s" : "buy",
      "i" : "ICP_USD",
      "m" : "4611686018433290477"
    }, {
      "d" : "1756460611607439744",
      "t" : 1756460611607,
      "tn" : 1756460611607439744,
      "q" : "0.24",
      "p" : "4.9043",
      "s" : "buy",
      "i" : "ICP_USD",
      "m" : "4611686018433290476"
    }, {
      "d" : "1756460605716728358",
      "t" : 1756460605716,
      "tn" : 1756460605716728358,
      "q" : "0.24",
      "p" : "4.9043",
      "s" : "buy",
      "i" : "ICP_USD",
      "m" : "4611686018433290475"
    }, {
      "d" : "1756460599716790610",
      "t" : 1756460599716,
      "tn" : 1756460599716790610,
      "q" : "0.24",
      "p" : "4.9033",
      "s" : "buy",
      "i" : "ICP_USD",
      "m" : "4611686018433290474"
    }, {
      "d" : "1756460593878634468",
      "t" : 1756460593878,
      "tn" : 1756460593878634468,
      "q" : "0.24",
      "p" : "4.9033",
      "s" : "buy",
      "i" : "ICP_USD",
      "m" : "4611686018433290473"
    }, {
      "d" : "1756460584465238242",
      "t" : 1756460584465,
      "tn" : 1756460584465238242,
      "q" : "0.24",
      "p" : "4.9013",
      "s" : "buy",
      "i" : "ICP_USD",
      "m" : "4611686018433290472"
    }, {
      "d" : "1756460578673727756",
      "t" : 1756460578673,
      "tn" : 1756460578673727756,
      "q" : "0.24",
      "p" : "4.9015",
      "s" : "buy",
      "i" : "ICP_USD",
      "m" : "4611686018433290471"
    }, {
      "d" : "1756460572875439400",
      "t" : 1756460572875,
      "tn" : 1756460572875439400,
      "q" : "0.24",
      "p" : "4.9013",
      "s" : "buy",
      "i" : "ICP_USD",
      "m" : "4611686018433290470"
    }, {
      "d" : "1756460566848033200",
      "t" : 1756460566848,
      "tn" : 1756460566848033200,
      "q" : "0.24",
      "p" : "4.9023",
      "s" : "buy",
      "i" : "ICP_USD",
      "m" : "4611686018433290469"
    }, {
      "d" : "1756460560933356249",
      "t" : 1756460560933,
      "tn" : 1756460560933356249,
      "q" : "0.24",
      "p" : "4.9033",
      "s" : "buy",
      "i" : "ICP_USD",
      "m" : "4611686018433290468"
    }, {
      "d" : "1756460555134392885",
      "t" : 1756460555134,
      "tn" : 1756460555134392885,
      "q" : "0.24",
      "p" : "4.9043",
      "s" : "buy",
      "i" : "ICP_USD",
      "m" : "4611686018433290467"
    }, {
      "d" : "1756460548939125933",
      "t" : 1756460548939,
      "tn" : 1756460548939125933,
      "q" : "0.24",
      "p" : "4.9054",
      "s" : "buy",
      "i" : "ICP_USD",
      "m" : "4611686018433290466"
    }, {
      "d" : "1756460542972001724",
      "t" : 1756460542972,
      "tn" : 1756460542972001724,
      "q" : "0.24",
      "p" : "4.9053",
      "s" : "buy",
      "i" : "ICP_USD",
      "m" : "4611686018433290465"
    }, {
      "d" : "1756460537254344363",
      "t" : 1756460537254,
      "tn" : 1756460537254344363,
      "q" : "0.24",
      "p" : "4.9073",
      "s" : "buy",
      "i" : "ICP_USD",
      "m" : "4611686018433290464"
    }, {
      "d" : "1756460531009961709",
      "t" : 1756460531009,
      "tn" : 1756460531009961709,
      "q" : "0.24",
      "p" : "4.9063",
      "s" : "buy",
      "i" : "ICP_USD",
      "m" : "4611686018433290463"
    }, {
      "d" : "1756460525457996631",
      "t" : 1756460525457,
      "tn" : 1756460525457996631,
      "q" : "0.24",
      "p" : "4.9054",
      "s" : "buy",
      "i" : "ICP_USD",
      "m" : "4611686018433290462"
    }, {
      "d" : "1756460525428183386",
      "t" : 1756460525428,
      "tn" : 1756460525428183386,
      "q" : "0.24",
      "p" : "4.9054",
      "s" : "buy",
      "i" : "ICP_USD",
      "m" : "4611686018433290461"
    }, {
      "d" : "1756460524964143638",
      "t" : 1756460524964,
      "tn" : 1756460524964143638,
      "q" : "0.24",
      "p" : "4.9049",
      "s" : "buy",
      "i" : "ICP_USD",
      "m" : "4611686018433290460"
    }, {
      "d" : "1756460518933530791",
      "t" : 1756460518933,
      "tn" : 1756460518933530791,
      "q" : "0.24",
      "p" : "4.9053",
      "s" : "buy",
      "i" : "ICP_USD",
      "m" : "4611686018433290459"
    }, {
      "d" : "1756460512847042539",
      "t" : 1756460512847,
      "tn" : 1756460512847042539,
      "q" : "0.24",
      "p" : "4.9053",
      "s" : "buy",
      "i" : "ICP_USD",
      "m" : "4611686018433290458"
    }, {
      "d" : "1756460506922791826",
      "t" : 1756460506922,
      "tn" : 1756460506922791826,
      "q" : "0.24",
      "p" : "4.9053",
      "s" : "buy",
      "i" : "ICP_USD",
      "m" : "4611686018433290457"
    }, {
      "d" : "1756460500910577743",
      "t" : 1756460500910,
      "tn" : 1756460500910577743,
      "q" : "0.24",
      "p" : "4.9053",
      "s" : "buy",
      "i" : "ICP_USD",
      "m" : "4611686018433290456"
    }, {
      "d" : "1756460494639977063",
      "t" : 1756460494639,
      "tn" : 1756460494639977063,
      "q" : "0.24",
      "p" : "4.9053",
      "s" : "buy",
      "i" : "ICP_USD",
      "m" : "4611686018433290455"
    }, {
      "d" : "1756460488735620526",
      "t" : 1756460488735,
      "tn" : 1756460488735620526,
      "q" : "0.24",
      "p" : "4.9057",
      "s" : "buy",
      "i" : "ICP_USD",
      "m" : "4611686018433290454"
    }, {
      "d" : "1756460482775954374",
      "t" : 1756460482775,
      "tn" : 1756460482775954374,
      "q" : "0.24",
      "p" : "4.9064",
      "s" : "buy",
      "i" : "ICP_USD",
      "m" : "4611686018433290453"
    }, {
      "d" : "1756460476978978969",
      "t" : 1756460476978,
      "tn" : 1756460476978978969,
      "q" : "0.24",
      "p" : "4.9073",
      "s" : "buy",
      "i" : "ICP_USD",
      "m" : "4611686018433290452"
    }, {
      "d" : "1756460470875821533",
      "t" : 1756460470875,
      "tn" : 1756460470875821533,
      "q" : "0.24",
      "p" : "4.9073",
      "s" : "buy",
      "i" : "ICP_USD",
      "m" : "4611686018433290451"
    }, {
      "d" : "1756460464865614577",
      "t" : 1756460464865,
      "tn" : 1756460464865614577,
      "q" : "0.24",
      "p" : "4.9063",
      "s" : "buy",
      "i" : "ICP_USD",
      "m" : "4611686018433290450"
    }, {
      "d" : "1756460458783306399",
      "t" : 1756460458783,
      "tn" : 1756460458783306399,
      "q" : "0.24",
      "p" : "4.9063",
      "s" : "buy",
      "i" : "ICP_USD",
      "m" : "4611686018433290449"
    }, {
      "d" : "1756460452793289865",
      "t" : 1756460452793,
      "tn" : 1756460452793289865,
      "q" : "0.24",
      "p" : "4.9043",
      "s" : "buy",
      "i" : "ICP_USD",
      "m" : "4611686018433290448"
    }, {
      "d" : "1756460446940691700",
      "t" : 1756460446940,
      "tn" : 1756460446940691700,
      "q" : "0.24",
      "p" : "4.9043",
      "s" : "buy",
      "i" : "ICP_USD",
      "m" : "4611686018433290447"
    }, {
      "d" : "1756460440950098365",
      "t" : 1756460440950,
      "tn" : 1756460440950098365,
      "q" : "0.24",
      "p" : "4.9025",
      "s" : "buy",
      "i" : "ICP_USD",
      "m" : "4611686018433290446"
    }, {
      "d" : "1756460434950215590",
      "t" : 1756460434950,
      "tn" : 1756460434950215590,
      "q" : "0.24",
      "p" : "4.9023",
      "s" : "buy",
      "i" : "ICP_USD",
      "m" : "4611686018433290445"
    }, {
      "d" : "1756460429022518255",
      "t" : 1756460429022,
      "tn" : 1756460429022518255,
      "q" : "0.24",
      "p" : "4.9023",
      "s" : "buy",
      "i" : "ICP_USD",
      "m" : "4611686018433290444"
    }, {
      "d" : "1756460422900986908",
      "t" : 1756460422900,
      "tn" : 1756460422900986908,
      "q" : "0.24",
      "p" : "4.9043",
      "s" : "buy",
      "i" : "ICP_USD",
      "m" : "4611686018433290443"
    }, {
      "d" : "1756460417001297561",
      "t" : 1756460417001,
      "tn" : 1756460417001297561,
      "q" : "0.24",
      "p" : "4.9043",
      "s" : "buy",
      "i" : "ICP_USD",
      "m" : "4611686018433290442"
    }, {
      "d" : "1756460410892801502",
      "t" : 1756460410892,
      "tn" : 1756460410892801502,
      "q" : "0.24",
      "p" : "4.9033",
      "s" : "buy",
      "i" : "ICP_USD",
      "m" : "4611686018433290441"
    }, {
      "d" : "1756460404986923338",
      "t" : 1756460404986,
      "tn" : 1756460404986923338,
      "q" : "0.24",
      "p" : "4.9025",
      "s" : "buy",
      "i" : "ICP_USD",
      "m" : "4611686018433290440"
    }, {
      "d" : "1756460399002694819",
      "t" : 1756460399002,
      "tn" : 1756460399002694819,
      "q" : "0.24",
      "p" : "4.9023",
      "s" : "buy",
      "i" : "ICP_USD",
      "m" : "4611686018433290439"
    }, {
      "d" : "1756460392837795409",
      "t" : 1756460392837,
      "tn" : 1756460392837795409,
      "q" : "0.24",
      "p" : "4.9013",
      "s" : "buy",
      "i" : "ICP_USD",
      "m" : "4611686018433290438"
    }, {
      "d" : "1756460386978200552",
      "t" : 1756460386978,
      "tn" : 1756460386978200552,
      "q" : "0.24",
      "p" : "4.9023",
      "s" : "buy",
      "i" : "ICP_USD",
      "m" : "4611686018433290437"
    }, {
      "d" : "1756460380869426369",
      "t" : 1756460380869,
      "tn" : 1756460380869426369,
      "q" : "0.24",
      "p" : "4.9013",
      "s" : "buy",
      "i" : "ICP_USD",
      "m" : "4611686018433290436"
    }, {
      "d" : "1756460374893263741",
      "t" : 1756460374893,
      "tn" : 1756460374893263741,
      "q" : "0.24",
      "p" : "4.9013",
      "s" : "buy",
      "i" : "ICP_USD",
      "m" : "4611686018433290435"
    }, {
      "d" : "1756460369037578727",
      "t" : 1756460369037,
      "tn" : 1756460369037578727,
      "q" : "0.24",
      "p" : "4.9004",
      "s" : "buy",
      "i" : "ICP_USD",
      "m" : "4611686018433290434"
    }, {
      "d" : "1756460362971108266",
      "t" : 1756460362971,
      "tn" : 1756460362971108266,
      "q" : "0.24",
      "p" : "4.9013",
      "s" : "buy",
      "i" : "ICP_USD",
      "m" : "4611686018433290433"
    }, {
      "d" : "1756460356882621160",
      "t" : 1756460356882,
      "tn" : 1756460356882621160,
      "q" : "0.24",
      "p" : "4.9023",
      "s" : "buy",
      "i" : "ICP_USD",
      "m" : "4611686018433290432"
    }, {
      "d" : "1756460350871624872",
      "t" : 1756460350871,
      "tn" : 1756460350871624871,
      "q" : "11.39",
      "p" : "4.9027",
      "s" : "buy",
      "i" : "ICP_USD",
      "m" : "4611686018433290431"
    }, {
      "d" : "1756460350871624871",
      "t" : 1756460350871,
      "tn" : 1756460350871624871,
      "q" : "0.24",
      "p" : "4.9027",
      "s" : "buy",
      "i" : "ICP_USD",
      "m" : "4611686018433290431"
    }, {
      "d" : "1756460350871620803",
      "t" : 1756460350871,
      "tn" : 1756460350871620803,
      "q" : "11.39",
      "p" : "4.9026",
      "s" : "buy",
      "i" : "ICP_USD",
      "m" : "4611686018433290430"
    }, {
      "d" : "1756460344947531713",
      "t" : 1756460344947,
      "tn" : 1756460344947531713,
      "q" : "0.24",
      "p" : "4.9043",
      "s" : "buy",
      "i" : "ICP_USD",
      "m" : "4611686018433290429"
    }, {
      "d" : "1756460338901574546",
      "t" : 1756460338901,
      "tn" : 1756460338901574546,
      "q" : "0.24",
      "p" : "4.9023",
      "s" : "buy",
      "i" : "ICP_USD",
      "m" : "4611686018433290428"
    }, {
      "d" : "1756460332971585549",
      "t" : 1756460332971,
      "tn" : 1756460332971585549,
      "q" : "0.24",
      "p" : "4.9033",
      "s" : "buy",
      "i" : "ICP_USD",
      "m" : "4611686018433290427"
    }, {
      "d" : "1756460326875535555",
      "t" : 1756460326875,
      "tn" : 1756460326875535555,
      "q" : "0.24",
      "p" : "4.9033",
      "s" : "buy",
      "i" : "ICP_USD",
      "m" : "4611686018433290426"
    }, {
      "d" : "1756460320873876198",
      "t" : 1756460320873,
      "tn" : 1756460320873876198,
      "q" : "0.24",
      "p" : "4.9033",
      "s" : "buy",
      "i" : "ICP_USD",
      "m" : "4611686018433290425"
    }, {
      "d" : "1756460315271465625",
      "t" : 1756460315271,
      "tn" : 1756460315271465625,
      "q" : "0.24",
      "p" : "4.9044",
      "s" : "buy",
      "i" : "ICP_USD",
      "m" : "4611686018433290424"
    }, {
      "d" : "1756460306145517176",
      "t" : 1756460306145,
      "tn" : 1756460306145517176,
      "q" : "0.24",
      "p" : "4.9063",
      "s" : "buy",
      "i" : "ICP_USD",
      "m" : "4611686018433290423"
    }, {
      "d" : "1756460299981168544",
      "t" : 1756460299981,
      "tn" : 1756460299981168544,
      "q" : "0.24",
      "p" : "4.9083",
      "s" : "buy",
      "i" : "ICP_USD",
      "m" : "4611686018433290422"
    }, {
      "d" : "1756460293975604195",
      "t" : 1756460293975,
      "tn" : 1756460293975604195,
      "q" : "0.24",
      "p" : "4.9083",
      "s" : "buy",
      "i" : "ICP_USD",
      "m" : "4611686018433290421"
    }, {
      "d" : "1756460287986324901",
      "t" : 1756460287986,
      "tn" : 1756460287986324901,
      "q" : "0.24",
      "p" : "4.9063",
      "s" : "buy",
      "i" : "ICP_USD",
      "m" : "4611686018433290420"
    }, {
      "d" : "1756460281838123675",
      "t" : 1756460281838,
      "tn" : 1756460281838123675,
      "q" : "0.24",
      "p" : "4.9043",
      "s" : "buy",
      "i" : "ICP_USD",
      "m" : "4611686018433290419"
    }, {
      "d" : "1756460277938798024",
      "t" : 1756460277938,
      "tn" : 1756460277938798024,
      "q" : "0.24",
      "p" : "4.9047",
      "s" : "buy",
      "i" : "ICP_USD",
      "m" : "4611686018433290418"
    }, {
      "d" : "1756460272080707784",
      "t" : 1756460272080,
      "tn" : 1756460272080707784,
      "q" : "0.24",
      "p" : "4.9043",
      "s" : "buy",
      "i" : "ICP_USD",
      "m" : "4611686018433290417"
    }, {
      "d" : "1756460265983339417",
      "t" : 1756460265983,
      "tn" : 1756460265983339417,
      "q" : "0.24",
      "p" : "4.9043",
      "s" : "buy",
      "i" : "ICP_USD",
      "m" : "4611686018433290416"
    }, {
      "d" : "1756460260053251300",
      "t" : 1756460260053,
      "tn" : 1756460260053251300,
      "q" : "0.24",
      "p" : "4.9053",
      "s" : "buy",
      "i" : "ICP_USD",
      "m" : "4611686018433290415"
    }, {
      "d" : "1756460254034962736",
      "t" : 1756460254034,
      "tn" : 1756460254034962736,
      "q" : "0.24",
      "p" : "4.9043",
      "s" : "buy",
      "i" : "ICP_USD",
      "m" : "4611686018433290414"
    }, {
      "d" : "1756460247951884868",
      "t" : 1756460247951,
      "tn" : 1756460247951884868,
      "q" : "0.24",
      "p" : "4.9033",
      "s" : "buy",
      "i" : "ICP_USD",
      "m" : "4611686018433290413"
    }, {
      "d" : "1756460241991503219",
      "t" : 1756460241991,
      "tn" : 1756460241991503219,
      "q" : "0.24",
      "p" : "4.9033",
      "s" : "buy",
      "i" : "ICP_USD",
      "m" : "4611686018433290412"
    }, {
      "d" : "1756460236011335875",
      "t" : 1756460236011,
      "tn" : 1756460236011335875,
      "q" : "0.24",
      "p" : "4.9033",
      "s" : "buy",
      "i" : "ICP_USD",
      "m" : "4611686018433290411"
    }, {
      "d" : "1756460229943466336",
      "t" : 1756460229943,
      "tn" : 1756460229943466336,
      "q" : "0.24",
      "p" : "4.9004",
      "s" : "buy",
      "i" : "ICP_USD",
      "m" : "4611686018433290410"
    }, {
      "d" : "1756460223954553744",
      "t" : 1756460223954,
      "tn" : 1756460223954553744,
      "q" : "0.24",
      "p" : "4.9013",
      "s" : "buy",
      "i" : "ICP_USD",
      "m" : "4611686018433290409"
    }, {
      "d" : "1756460217946181989",
      "t" : 1756460217946,
      "tn" : 1756460217946181989,
      "q" : "0.24",
      "p" : "4.9003",
      "s" : "buy",
      "i" : "ICP_USD",
      "m" : "4611686018433290408"
    }, {
      "d" : "1756460211965199081",
      "t" : 1756460211965,
      "tn" : 1756460211965199081,
      "q" : "0.24",
      "p" : "4.9001",
      "s" : "buy",
      "i" : "ICP_USD",
      "m" : "4611686018433290407"
    }, {
      "d" : "1756460205934607013",
      "t" : 1756460205934,
      "tn" : 1756460205934607013,
      "q" : "0.24",
      "p" : "4.9013",
      "s" : "buy",
      "i" : "ICP_USD",
      "m" : "4611686018433290406"
    }, {
      "d" : "1756460200050032978",
      "t" : 1756460200050,
      "tn" : 1756460200050032978,
      "q" : "0.24",
      "p" : "4.9043",
      "s" : "buy",
      "i" : "ICP_USD",
      "m" : "4611686018433290405"
    }, {
      "d" : "1756460193963810244",
      "t" : 1756460193963,
      "tn" : 1756460193963810244,
      "q" : "0.24",
      "p" : "4.9043",
      "s" : "buy",
      "i" : "ICP_USD",
      "m" : "4611686018433290404"
    }, {
      "d" : "1756460188020699334",
      "t" : 1756460188020,
      "tn" : 1756460188020699334,
      "q" : "0.24",
      "p" : "4.9043",
      "s" : "buy",
      "i" : "ICP_USD",
      "m" : "4611686018433290403"
    }, {
      "d" : "1756460182007876855",
      "t" : 1756460182007,
      "tn" : 1756460182007876854,
      "q" : "11.39",
      "p" : "4.9001",
      "s" : "buy",
      "i" : "ICP_USD",
      "m" : "4611686018433290402"
    }, {
      "d" : "1756460182007876854",
      "t" : 1756460182007,
      "tn" : 1756460182007876854,
      "q" : "0.24",
      "p" : "4.9001",
      "s" : "buy",
      "i" : "ICP_USD",
      "m" : "4611686018433290402"
    }, {
      "d" : "1756460175875386083",
      "t" : 1756460175875,
      "tn" : 1756460175875386082,
      "q" : "0.24",
      "p" : "4.9001",
      "s" : "buy",
      "i" : "ICP_USD",
      "m" : "4611686018433290401"
    }, {
      "d" : "1756460175875386082",
      "t" : 1756460175875,
      "tn" : 1756460175875386082,
      "q" : "11.39",
      "p" : "4.9001",
      "s" : "buy",
      "i" : "ICP_USD",
      "m" : "4611686018433290401"
    }, {
      "d" : "1756460169886905892",
      "t" : 1756460169886,
      "tn" : 1756460169886905892,
      "q" : "0.24",
      "p" : "4.9013",
      "s" : "buy",
      "i" : "ICP_USD",
      "m" : "4611686018433290400"
    }, {
      "d" : "1756460163869272304",
      "t" : 1756460163869,
      "tn" : 1756460163869272304,
      "q" : "0.24",
      "p" : "4.9043",
      "s" : "buy",
      "i" : "ICP_USD",
      "m" : "4611686018433290399"
    }, {
      "d" : "1756460158220264855",
      "t" : 1756460158220,
      "tn" : 1756460158220264855,
      "q" : "0.24",
      "p" : "4.9043",
      "s" : "buy",
      "i" : "ICP_USD",
      "m" : "4611686018433290398"
    }, {
      "d" : "1756460152124989056",
      "t" : 1756460152124,
      "tn" : 1756460152124989056,
      "q" : "0.24",
      "p" : "4.9043",
      "s" : "buy",
      "i" : "ICP_USD",
      "m" : "4611686018433290397"
    }, {
      "d" : "1756460145886076898",
      "t" : 1756460145886,
      "tn" : 1756460145886076898,
      "q" : "0.24",
      "p" : "4.9043",
      "s" : "buy",
      "i" : "ICP_USD",
      "m" : "4611686018433290396"
    }, {
      "d" : "1756460139935785297",
      "t" : 1756460139935,
      "tn" : 1756460139935785297,
      "q" : "0.24",
      "p" : "4.9035",
      "s" : "buy",
      "i" : "ICP_USD",
      "m" : "4611686018433290395"
    }, {
      "d" : "1756460133853601739",
      "t" : 1756460133853,
      "tn" : 1756460133853601739,
      "q" : "0.24",
      "p" : "4.9043",
      "s" : "buy",
      "i" : "ICP_USD",
      "m" : "4611686018433290394"
    }, {
      "d" : "1756460127964759264",
      "t" : 1756460127964,
      "tn" : 1756460127964759264,
      "q" : "0.24",
      "p" : "4.9043",
      "s" : "buy",
      "i" : "ICP_USD",
      "m" : "4611686018433290393"
    }, {
      "d" : "1756460122000224146",
      "t" : 1756460122000,
      "tn" : 1756460122000224146,
      "q" : "0.24",
      "p" : "4.9023",
      "s" : "buy",
      "i" : "ICP_USD",
      "m" : "4611686018433290392"
    }, {
      "d" : "1756460116150373382",
      "t" : 1756460116150,
      "tn" : 1756460116150373382,
      "q" : "0.24",
      "p" : "4.9023",
      "s" : "buy",
      "i" : "ICP_USD",
      "m" : "4611686018433290391"
    }, {
      "d" : "1756460110031359718",
      "t" : 1756460110031,
      "tn" : 1756460110031359718,
      "q" : "0.24",
      "p" : "4.9053",
      "s" : "buy",
      "i" : "ICP_USD",
      "m" : "4611686018433290390"
    }, {
      "d" : "1756460103957463646",
      "t" : 1756460103957,
      "tn" : 1756460103957463646,
      "q" : "0.24",
      "p" : "4.9033",
      "s" : "buy",
      "i" : "ICP_USD",
      "m" : "4611686018433290389"
    }, {
      "d" : "1756460098117087970",
      "t" : 1756460098117,
      "tn" : 1756460098117087970,
      "q" : "0.24",
      "p" : "4.9023",
      "s" : "buy",
      "i" : "ICP_USD",
      "m" : "4611686018433290388"
    }, {
      "d" : "1756460091943606347",
      "t" : 1756460091943,
      "tn" : 1756460091943606347,
      "q" : "0.24",
      "p" : "4.9023",
      "s" : "buy",
      "i" : "ICP_USD",
      "m" : "4611686018433290387"
    }, {
      "d" : "1756460085905515650",
      "t" : 1756460085905,
      "tn" : 1756460085905515650,
      "q" : "0.24",
      "p" : "4.9013",
      "s" : "buy",
      "i" : "ICP_USD",
      "m" : "4611686018433290386"
    }, {
      "d" : "1756460080006828976",
      "t" : 1756460080006,
      "tn" : 1756460080006828976,
      "q" : "0.24",
      "p" : "4.9033",
      "s" : "buy",
      "i" : "ICP_USD",
      "m" : "4611686018433290385"
    }, {
      "d" : "1756460073881279463",
      "t" : 1756460073881,
      "tn" : 1756460073881279463,
      "q" : "0.24",
      "p" : "4.9033",
      "s" : "buy",
      "i" : "ICP_USD",
      "m" : "4611686018433290384"
    }, {
      "d" : "1756460067888709453",
      "t" : 1756460067888,
      "tn" : 1756460067888709453,
      "q" : "0.24",
      "p" : "4.9034",
      "s" : "buy",
      "i" : "ICP_USD",
      "m" : "4611686018433290383"
    }, {
      "d" : "1756460062024826665",
      "t" : 1756460062024,
      "tn" : 1756460062024826665,
      "q" : "0.24",
      "p" : "4.9035",
      "s" : "buy",
      "i" : "ICP_USD",
      "m" : "4611686018433290382"
    }, {
      "d" : "1756460056102557699",
      "t" : 1756460056102,
      "tn" : 1756460056102557698,
      "q" : "0.24",
      "p" : "4.9043",
      "s" : "buy",
      "i" : "ICP_USD",
      "m" : "4611686018433290381"
    }, {
      "d" : "1756460056102557698",
      "t" : 1756460056102,
      "tn" : 1756460056102557698,
      "q" : "11.39",
      "p" : "4.9043",
      "s" : "buy",
      "i" : "ICP_USD",
      "m" : "4611686018433290381"
    }, {
      "d" : "1756460049875873111",
      "t" : 1756460049875,
      "tn" : 1756460049875873111,
      "q" : "0.24",
      "p" : "4.9053",
      "s" : "buy",
      "i" : "ICP_USD",
      "m" : "4611686018433290380"
    }, {
      "d" : "1756460043844026450",
      "t" : 1756460043844,
      "tn" : 1756460043844026450,
      "q" : "11.39",
      "p" : "4.9061",
      "s" : "buy",
      "i" : "ICP_USD",
      "m" : "4611686018433290379"
    }, {
      "d" : "1756460037990678712",
      "t" : 1756460037990,
      "tn" : 1756460037990678712,
      "q" : "0.24",
      "p" : "4.9063",
      "s" : "buy",
      "i" : "ICP_USD",
      "m" : "4611686018433290378"
    }, {
      "d" : "1756460032192825405",
      "t" : 1756460032192,
      "tn" : 1756460032192825405,
      "q" : "0.24",
      "p" : "4.9063",
      "s" : "buy",
      "i" : "ICP_USD",
      "m" : "4611686018433290377"
    } ]
  }
}