{
  "id" : -1,
  "method" : "public/get-trades",
  "code" : 0,
  "result" : {
    "data" : [ {
      "d" : "1756461287971280422",
      "t" : 1756461287971,
      "tn" : 1756461287971280422,
      "q" : "0.1",
      "p" : "4.9066",
      "s" : "sell",
      "i" : "ICPUSD-PERP",
      "m" : "4611686018431065652"
    }, {
      "d" : "1756461287340359937",
      "t" : 1756461287340,
      "tn" : 1756461287340359937,
      "q" : "0.1",
      "p" : "4.9067",
      "s" : "sell",
      "i" : "ICPUSD-PERP",
      "m" : "4611686018431065651"
    }, {
      "d" : "1756461264007017486",
      "t" : 1756461264007,
      "tn" : 1756461264007017486,
      "q" : "14.5",
      "p" : "4.9050",
      "s" : "buy",
      "i" : "ICPUSD-PERP",
      "m" : "4611686018431065650"
    }, {
      "d" : "1756461263997031847",
      "t" : 1756461263997,
      "tn" : 1756461263997031847,
      "q" : "31.7",
      "p" : "4.9045",
      "s" : "buy",
      "i" : "ICPUSD-PERP",
      "m" : "4611686018431065649"
    }, {
      "d" : "1756461263997030294",
      "t" : 1756461263997,
      "tn" : 1756461263997030294,
      "q" : "0.1",
      "p" : "4.9041",
      "s" : "buy",
      "i" : "ICPUSD-PERP",
      "m" : "4611686018431065648"
    }, {
      "d" : "1756461263997027496",
      "t" : 1756461263997,
      "tn" : 1756461263997027496,
      "q" : "0.1",
      "p" : "4.9040",
      "s" : "buy",
      "i" : "ICPUSD-PERP",
      "m" : "4611686018431065647"
    }, {
      "d" : "1756461258786640469",
      "t" : 1756461258786,
      "tn" : 1756461258786640469,
      "q" : "0.1",
      "p" : "4.9037",
      "s" : "sell",
      "i" : "ICPUSD-PERP",
      "m" : "4611686018431065646"
    }, {
      "d" : "1756461258641298447",
      "t" : 1756461258641,
      "tn" : 1756461258641298447,
      "q" : "0.1",
      "p" : "4.9047",
      "s" : "sell",
      "i" : "ICPUSD-PERP",
      "m" : "4611686018431065645"
    }, {
      "d" : "1756461257840611656",
      "t" : 1756461257840,
      "tn" : 1756461257840611656,
      "q" : "0.1",
      "p" : "4.9047",
      "s" : "sell",
      "i" : "ICPUSD-PERP",
      "m" : "4611686018431065644"
    }, {
      "d" : "1756461257530554867",
      "t" : 1756461257530,
      "tn" : 1756461257530554867,
      "q" : "0.1",
      "p" : "4.9048",
      "s" : "sell",
      "i" : "ICPUSD-PERP",
      "m" : "4611686018431065643"
    }, {
      "d" : "1756461254470198744",
      "t" : 1756461254470,
      "tn" : 1756461254470198744,
      "q" : "0.1",
      "p" : "4.9057",
      "s" : "sell",
      "i" : "ICPUSD-PERP",
      "m" : "4611686018431065642"
    }, {
      "d" : "1756461253063686730",
      "t" : 1756461253063,
      "tn" : 1756461253063686730,
      "q" : "0.1",
      "p" : "4.9068",
      "s" : "sell",
      "i" : "ICPUSD-PERP",
      "m" : "4611686018431065641"
    }, {
      "d" : "1756461221281847999",
      "t" : 1756461221281,
      "tn" : 1756461221281847999,
      "q" : "64.8",
      "p" : "4.9070",
      "s" : "buy",
      "i" : "ICPUSD-PERP",
      "m" : "4611686018431065640"
    }, {
      "d" : "1756461221281846287",
      "t" : 1756461221281,
      "tn" : 1756461221281846287,
      "q" : "0.1",
      "p" : "4.9062",
      "s" : "buy",
      "i" : "ICPUSD-PERP",
      "m" : "4611686018431065639"
    }, {
      "d" : "1756461221281843781",
      "t" : 1756461221281,
      "tn" : 1756461221281843781,
      "q" : "0.1",
      "p" : "4.9060",
      "s" : "buy",
      "i" : "ICPUSD-PERP",
      "m" : "4611686018431065638"
    }, {
      "d" : "1756461209213835295",
      "t" : 1756461209213,
      "tn" : 1756461209213835294,
      "q" : "32.3",
      "p" : "4.9058",
      "s" : "sell",
      "i" : "ICPUSD-PERP",
      "m" : "4611686018431065637"
    }, {
      "d" : "1756461209213835294",
      "t" : 1756461209213,
      "tn" : 1756461209213835294,
      "q" : "0.1",
      "p" : "4.9058",
      "s" : "sell",
      "i" : "ICPUSD-PERP",
      "m" : "4611686018431065637"
    }, {
      "d" : "1756461208701926947",
      "t" : 1756461208701,
      "tn" : 1756461208701926947,
      "q" : "0.1",
      "p" : "4.9069",
      "s" : "sell",
      "i" : "ICPUSD-PERP",
      "m" : "4611686018431065636"
    }, {
      "d" : "1756461208192680662",
      "t" : 1756461208192,
      "tn" : 1756461208192680662,
      "q" : "64.8",
      "p" : "4.9060",
      "s" : "buy",
      "i" : "ICPUSD-PERP",
      "m" : "4611686018431065635"
    }, {
      "d" : "1756461208192679133",
      "t" : 1756461208192,
      "tn" : 1756461208192679133,
      "q" : "0.1",
      "p" : "4.9053",
      "s" : "buy",
      "i" : "ICPUSD-PERP",
      "m" : "4611686018431065634"
    }, {
      "d" : "1756461208192676800",
      "t" : 1756461208192,
      "tn" : 1756461208192676800,
      "q" : "0.1",
      "p" : "4.9050",
      "s" : "buy",
      "i" : "ICPUSD-PERP",
      "m" : "4611686018431065633"
    }, {
      "d" : "1756461206907692042",
      "t" : 1756461206907,
      "tn" : 1756461206907692041,
      "q" : "32.3",
      "p" : "4.9049",
      "s" : "sell",
      "i" : "ICPUSD-PERP",
      "m" : "4611686018431065632"
    }, {
      "d" : "1756461206907692041",
      "t" : 1756461206907,
      "tn" : 1756461206907692041,
      "q" : "0.1",
      "p" : "4.9049",
      "s" : "sell",
      "i" : "ICPUSD-PERP",
      "m" : "4611686018431065632"
    }, {
      "d" : "1756461206607148359",
      "t" : 1756461206607,
      "tn" : 1756461206607148358,
      "q" : "32.3",
      "p" : "4.9059",
      "s" : "sell",
      "i" : "ICPUSD-PERP",
      "m" : "4611686018431065631"
    }, {
      "d" : "1756461206607148358",
      "t" : 1756461206607,
      "tn" : 1756461206607148358,
      "q" : "0.1",
      "p" : "4.9059",
      "s" : "sell",
      "i" : "ICPUSD-PERP",
      "m" : "4611686018431065631"
    }, {
      "d" : "1756461206230140021",
      "t" : 1756461206230,
      "tn" : 1756461206230140021,
      "q" : "0.1",
      "p" : "4.9043",
      "s" : "buy",
      "i" : "ICPUSD-PERP",
      "m" : "4611686018431065630"
    }, {
      "d" : "1756461206180231252",
      "t" : 1756461206180,
      "tn" : 1756461206180231252,
      "q" : "0.1",
      "p" : "4.9040",
      "s" : "buy",
      "i" : "ICPUSD-PERP",
      "m" : "4611686018431065629"
    }, {
      "d" : "1756461206023766904",
      "t" : 1756461206023,
      "tn" : 1756461206023766904,
      "q" : "0.1",
      "p" : "4.9049",
      "s" : "sell",
      "i" : "ICPUSD-PERP",
      "m" : "4611686018431065628"
    }, {
      "d" : "1756461187402700115",
      "t" : 1756461187402,
      "tn" : 1756461187402700115,
      "q" : "0.1",
      "p" : "4.9080",
      "s" : "buy",
      "i" : "ICPUSD-PERP",
      "m" : "4611686018431065627"
    }, {
      "d" : "1756461187336754817",
      "t" : 1756461187336,
      "tn" : 1756461187336754817,
      "q" : "81.4",
      "p" : "4.9080",
      "s" : "buy",
      "i" : "ICPUSD-PERP",
      "m" : "4611686018431065626"
    }, {
      "d" : "1756461187334653985",
      "t" : 1756461187334,
      "tn" : 1756461187334653985,
      "q" : "0.1",
      "p" : "4.9073",
      "s" : "buy",
      "i" : "ICPUSD-PERP",
      "m" : "4611686018431065625"
    }, {
      "d" : "1756461187332506165",
      "t" : 1756461187332,
      "tn" : 1756461187332506165,
      "q" : "0.1",
      "p" : "4.9070",
      "s" : "buy",
      "i" : "ICPUSD-PERP",
      "m" : "4611686018431065624"
    }, {
      "d" : "1756461179869656015",
      "t" : 1756461179869,
      "tn" : 1756461179869656015,
      "q" : "0.1",
      "p" : "4.9060",
      "s" : "buy",
      "i" : "ICPUSD-PERP",
      "m" : "4611686018431065623"
    }, {
      "d" : "1756461177991252201",
      "t" : 1756461177991,
      "tn" : 1756461177991252201,
      "q" : "0.1",
      "p" : "4.9050",
      "s" : "buy",
      "i" : "ICPUSD-PERP",
      "m" : "4611686018431065622"
    }, {
      "d" : "1756461127379999554",
      "t" : 1756461127379,
      "tn" : 1756461127379999554,
      "q" : "0.1",
      "p" : "4.9090",
      "s" : "buy",
      "i" : "ICPUSD-PERP",
      "m" : "4611686018431065621"
    }, {
      "d" : "1756461119879959648",
      "t" : 1756461119879,
      "tn" : 1756461119879959648,
      "q" : "0.1",
      "p" : "4.9090",
      "s" : "buy",
      "i" : "ICPUSD-PERP",
      "m" : "4611686018431065620"
    }, {
      "d" : "1756461117119247990",
      "t" : 1756461117119,
      "tn" : 1756461117119247990,
      "q" : "0.1",
      "p" : "4.9080",
      "s" : "buy",
      "i" : "ICPUSD-PERP",
      "m" : "4611686018431065619"
    }, {
      "d" : "1756461115987005648",
      "t" : 1756461115987,
      "tn" : 1756461115987005648,
      "q" : "0.1",
      "p" : "4.9073",
      "s" : "buy",
      "i" : "ICPUSD-PERP",
      "m" : "4611686018431065618"
    }, {
      "d" : "1756461115751310758",
      "t" : 1756461115751,
      "tn" : 1756461115751310758,
      "q" : "0.1",
      "p" : "4.9072",
      "s" : "buy",
      "i" : "ICPUSD-PERP",
      "m" : "4611686018431065617"
    }, {
      "d" : "1756461115701616810",
      "t" : 1756461115701,
      "tn" : 1756461115701616810,
      "q" : "0.1",
      "p" : "4.9070",
      "s" : "buy",
      "i" : "ICPUSD-PERP",
      "m" : "4611686018431065616"
    }, {
      "d" : "1756461115627476399",
      "t" : 1756461115627,
      "tn" : 1756461115627476399,
      "q" : "0.1",
      "p" : "4.9070",
      "s" : "buy",
      "i" : "ICPUSD-PERP",
      "m" : "4611686018431065615"
    }, {
      "d" : "1756461087749446483",
      "t" : 1756461087749,
      "tn" : 1756461087749446483,
      "q" : "0.1",
      "p" : "4.9090",
      "s" : "buy",
      "i" : "ICPUSD-PERP",
      "m" : "4611686018431065614"
    }, {
      "d" : "1756461067434604546",
      "t" : 1756461067434,
      "tn" : 1756461067434604546,
      "q" : "0.1",
      "p" : "4.9100",
      "s" : "buy",
      "i" : "ICPUSD-PERP",
      "m" : "4611686018431065613"
    }, {
      "d" : "1756461060857906133",
      "t" : 1756461060857,
      "tn" : 1756461060857906133,
      "q" : "0.1",
      "p" : "4.9100",
      "s" : "buy",
      "i" : "ICPUSD-PERP",
      "m" : "4611686018431065612"
    }, {
      "d" : "1756461054351806073",
      "t" : 1756461054351,
      "tn" : 1756461054351806073,
      "q" : "0.1",
      "p" : "4.9102",
      "s" : "buy",
      "i" : "ICPUSD-PERP",
      "m" : "4611686018431065611"
    }, {
      "d" : "1756461054350259437",
      "t" : 1756461054350,
      "tn" : 1756461054350259437,
      "q" : "0.1",
      "p" : "4.9100",
      "s" : "buy",
      "i" : "ICPUSD-PERP",
      "m" : "4611686018431065610"
    }, {
      "d" : "1756461050039655271",
      "t" : 1756461050039,
      "tn" : 1756461050039655271,
      "q" : "0.1",
      "p" : "4.9090",
      "s" : "buy",
      "i" : "ICPUSD-PERP",
      "m" : "4611686018431065609"
    }, {
      "d" : "1756461041154433539",
      "t" : 1756461041154,
      "tn" : 1756461041154433539,
      "q" : "0.1",
      "p" : "4.9098",
      "s" : "sell",
      "i" : "ICPUSD-PERP",
      "m" : "4611686018431065608"
    }, {
      "d" : "1756461003324152519",
      "t" : 1756461003324,
      "tn" : 1756461003324152519,
      "q" : "0.1",
      "p" : "4.9150",
      "s" : "buy",
      "i" : "ICPUSD-PERP",
      "m" : "4611686018431065607"
    }, {
      "d" : "1756460951824589560",
      "t" : 1756460951824,
      "tn" : 1756460951824589560,
      "q" : "0.1",
      "p" : "4.9150",
      "s" : "buy",
      "i" : "ICPUSD-PERP",
      "m" : "4611686018431065606"
    }, {
      "d" : "1756460947849075449",
      "t" : 1756460947849,
      "tn" : 1756460947849075449,
      "q" : "0.1",
      "p" : "4.9135",
      "s" : "buy",
      "i" : "ICPUSD-PERP",
      "m" : "4611686018431065605"
    }, {
      "d" : "1756460947848093279",
      "t" : 1756460947848,
      "tn" : 1756460947848093279,
      "q" : "81.3",
      "p" : "4.9135",
      "s" : "buy",
      "i" : "ICPUSD-PERP",
      "m" : "4611686018431065604"
    }, {
      "d" : "1756460947848086210",
      "t" : 1756460947848,
      "tn" : 1756460947848086210,
      "q" : "0.1",
      "p" : "4.9132",
      "s" : "buy",
      "i" : "ICPUSD-PERP",
      "m" : "4611686018431065603"
    }, {
      "d" : "1756460947843913915",
      "t" : 1756460947843,
      "tn" : 1756460947843913915,
      "q" : "0.1",
      "p" : "4.9130",
      "s" : "buy",
      "i" : "ICPUSD-PERP",
      "m" : "4611686018431065602"
    }, {
      "d" : "1756460931970204366",
      "t" : 1756460931970,
      "tn" : 1756460931970204366,
      "q" : "0.1",
      "p" : "4.9140",
      "s" : "buy",
      "i" : "ICPUSD-PERP",
      "m" : "4611686018431065601"
    }, {
      "d" : "1756460923243320897",
      "t" : 1756460923243,
      "tn" : 1756460923243320897,
      "q" : "0.1",
      "p" : "4.9170",
      "s" : "buy",
      "i" : "ICPUSD-PERP",
      "m" : "4611686018431065600"
    }, {
      "d" : "1756460911145487754",
      "t" : 1756460911145,
      "tn" : 1756460911145487754,
      "q" : "0.1",
      "p" : "4.9162",
      "s" : "buy",
      "i" : "ICPUSD-PERP",
      "m" : "4611686018431065599"
    }, {
      "d" : "1756460911145485758",
      "t" : 1756460911145,
      "tn" : 1756460911145485758,
      "q" : "0.1",
      "p" : "4.9160",
      "s" : "buy",
      "i" : "ICPUSD-PERP",
      "m" : "4611686018431065598"
    }, {
      "d" : "1756460910599023321",
      "t" : 1756460910599,
      "tn" : 1756460910599023321,
      "q" : "0.1",
      "p" : "4.9151",
      "s" : "buy",
      "i" : "ICPUSD-PERP",
      "m" : "4611686018431065597"
    }, {
      "d" : "1756460910312173847",
      "t" : 1756460910312,
      "tn" : 1756460910312173847,
      "q" : "0.1",
      "p" : "4.9150",
      "s" : "buy",
      "i" : "ICPUSD-PERP",
      "m" : "4611686018431065596"
    }, {
      "d" : "1756460910248984548",
      "t" : 1756460910248,
      "tn" : 1756460910248984548,
      "q" : "0.1",
      "p" : "4.9150",
      "s" : "buy",
      "i" : "ICPUSD-PERP",
      "m" : "4611686018431065595"
    }, {
      "d" : "1756460904066561733",
      "t" : 1756460904066,
      "tn" : 1756460904066561733,
      "q" : "0.1",
      "p" : "4.9141",
      "s" : "buy",
      "i" : "ICPUSD-PERP",
      "m" : "4611686018431065594"
    }, {
      "d" : "1756460904059372284",
      "t" : 1756460904059,
      "tn" : 1756460904059372284,
      "q" : "0.1",
      "p" : "4.9140",
      "s" : "buy",
      "i" : "ICPUSD-PERP",
      "m" : "4611686018431065593"
    }, {
      "d" : "1756460903581665306",
      "t" : 1756460903581,
      "tn" : 1756460903581665306,
      "q" : "0.1",
      "p" : "4.9131",
      "s" : "buy",
      "i" : "ICPUSD-PERP",
      "m" : "4611686018431065592"
    }, {
      "d" : "1756460903562043289",
      "t" : 1756460903562,
      "tn" : 1756460903562043289,
      "q" : "0.1",
      "p" : "4.9130",
      "s" : "buy",
      "i" : "ICPUSD-PERP",
      "m" : "4611686018431065591"
    }, {
      "d" : "1756460903477778267",
      "t" : 1756460903477,
      "tn" : 1756460903477778266,
      "q" : "0.1",
      "p" : "4.9130",
      "s" : "buy",
      "i" : "ICPUSD-PERP",
      "m" : "4611686018431065590"
    }, {
      "d" : "1756460903477778266",
      "t" : 1756460903477,
      "tn" : 1756460903477778266,
      "q" : "0.1",
      "p" : "4.9130",
      "s" : "buy",
      "i" : "ICPUSD-PERP",
      "m" : "4611686018431065590"
    }, {
      "d" : "1756460901926943694",
      "t" : 1756460901926,
      "tn" : 1756460901926943693,
      "q" : "0.1",
      "p" : "4.9120",
      "s" : "buy",
      "i" : "ICPUSD-PERP",
      "m" : "4611686018431065589"
    }, {
      "d" : "1756460901926943693",
      "t" : 1756460901926,
      "tn" : 1756460901926943693,
      "q" : "0.1",
      "p" : "4.9120",
      "s" : "buy",
      "i" : "ICPUSD-PERP",
      "m" : "4611686018431065589"
    }, {
      "d" : "1756460862358894079",
      "t" : 1756460862358,
      "tn" : 1756460862358894078,
      "q" : "0.1",
      "p" : "4.9080",
      "s" : "buy",
      "i" : "ICPUSD-PERP",
      "m" : "4611686018431065588"
    }, {
      "d" : "1756460862358894078",
      "t" : 1756460862358,
      "tn" : 1756460862358894078,
      "q" : "0.1",
      "p" : "4.9080",
      "s" : "buy",
      "i" : "ICPUSD-PERP",
      "m" : "4611686018431065588"
    }, {
      "d" : "1756460840006776355",
      "t" : 1756460840006,
      "tn" : 1756460840006776355,
      "q" : "0.1",
      "p" : "4.9069",
      "s" : "buy",
      "i" : "ICPUSD-PERP",
      "m" : "4611686018431065587"
    }, {
      "d" : "1756460838909625562",
      "t" : 1756460838909,
      "tn" : 1756460838909625562,
      "q" : "0.1",
      "p" : "4.9060",
      "s" : "buy",
      "i" : "ICPUSD-PERP",
      "m" : "4611686018431065586"
    }, {
      "d" : "1756460838837842495",
      "t" : 1756460838837,
      "tn" : 1756460838837842495,
      "q" : "0.1",
      "p" : "4.9060",
      "s" : "buy",
      "i" : "ICPUSD-PERP",
      "m" : "4611686018431065585"
    }, {
      "d" : "1756460838833246744",
      "t" : 1756460838833,
      "tn" : 1756460838833246744,
      "q" : "0.1",
      "p" : "4.9059",
      "s" : "buy",
      "i" : "ICPUSD-PERP",
      "m" : "4611686018431065584"
    }, {
      "d" : "1756460782744901892",
      "t" : 1756460782744,
      "tn" : 1756460782744901892,
      "q" : "0.1",
      "p" : "4.9048",
      "s" : "buy",
      "i" : "ICPUSD-PERP",
      "m" : "4611686018431065583"
    }, {
      "d" : "1756460777952990059",
      "t" : 1756460777952,
      "tn" : 1756460777952990059,
      "q" : "0.1",
      "p" : "4.9038",
      "s" : "buy",
      "i" : "ICPUSD-PERP",
      "m" : "4611686018431065582"
    }, {
      "d" : "1756460777748209225",
      "t" : 1756460777748,
      "tn" : 1756460777748209225,
      "q" : "0.1",
      "p" : "4.9020",
      "s" : "buy",
      "i" : "ICPUSD-PERP",
      "m" : "4611686018431065581"
    }, {
      "d" : "1756460777747526538",
      "t" : 1756460777747,
      "tn" : 1756460777747526538,
      "q" : "0.1",
      "p" : "4.9018",
      "s" : "buy",
      "i" : "ICPUSD-PERP",
      "m" : "4611686018431065580"
    }, {
      "d" : "1756460760609252460",
      "t" : 1756460760609,
      "tn" : 1756460760609252460,
      "q" : "0.1",
      "p" : "4.9027",
      "s" : "buy",
      "i" : "ICPUSD-PERP",
      "m" : "4611686018431065579"
    }, {
      "d" : "1756460750026117343",
      "t" : 1756460750026,
      "tn" : 1756460750026117343,
      "q" : "0.1",
      "p" : "4.9007",
      "s" : "buy",
      "i" : "ICPUSD-PERP",
      "m" : "4611686018431065578"
    }, {
      "d" : "1756460748118788626",
      "t" : 1756460748118,
      "tn" : 1756460748118788626,
      "q" : "0.1",
      "p" : "4.8997",
      "s" : "buy",
      "i" : "ICPUSD-PERP",
      "m" : "4611686018431065577"
    }, {
      "d" : "1756460637706336352",
      "t" : 1756460637706,
      "tn" : 1756460637706336352,
      "q" : "0.1",
      "p" : "4.8956",
      "s" : "buy",
      "i" : "ICPUSD-PERP",
      "m" : "4611686018431065576"
    }, {
      "d" : "1756460636705769909",
      "t" : 1756460636705,
      "tn" : 1756460636705769909,
      "q" : "0.1",
      "p" : "4.8956",
      "s" : "buy",
      "i" : "ICPUSD-PERP",
      "m" : "4611686018431065575"
    }, {
      "d" : "1756460636590269646",
      "t" : 1756460636590,
      "tn" : 1756460636590269646,
      "q" : "0.1",
      "p" : "4.8972",
      "s" : "sell",
      "i" : "ICPUSD-PERP",
      "m" : "4611686018431065574"
    }, {
      "d" : "1756460636301457735",
      "t" : 1756460636301,
      "tn" : 1756460636301457735,
      "q" : "0.1",
      "p" : "4.8976",
      "s" : "buy",
      "i" : "ICPUSD-PERP",
      "m" : "4611686018431065573"
    }, {
      "d" : "1756460636045537972",
      "t" : 1756460636045,
      "tn" : 1756460636045537972,
      "q" : "198.0",
      "p" : "4.8978",
      "s" : "buy",
      "i" : "ICPUSD-PERP",
      "m" : "4611686018431065572"
    }, {
      "d" : "1756460636015500519",
      "t" : 1756460636015,
      "tn" : 1756460636015500519,
      "q" : "0.1",
      "p" : "4.8980",
      "s" : "sell",
      "i" : "ICPUSD-PERP",
      "m" : "4611686018431065571"
    }, {
      "d" : "1756460636010747765",
      "t" : 1756460636010,
      "tn" : 1756460636010747765,
      "q" : "5.9",
      "p" : "4.8978",
      "s" : "sell",
      "i" : "ICPUSD-PERP",
      "m" : "4611686018431065570"
    }, {
      "d" : "1756460636009701929",
      "t" : 1756460636009,
      "tn" : 1756460636009701929,
      "q" : "81.6",
      "p" : "4.8985",
      "s" : "sell",
      "i" : "ICPUSD-PERP",
      "m" : "4611686018431065569"
    }, {
      "d" : "1756460636009699406",
      "t" : 1756460636009,
      "tn" : 1756460636009699406,
      "q" : "0.1",
      "p" : "4.8990",
      "s" : "sell",
      "i" : "ICPUSD-PERP",
      "m" : "4611686018431065568"
    }, {
      "d" : "1756460636009695960",
      "t" : 1756460636009,
      "tn" : 1756460636009695960,
      "q" : "0.1",
      "p" : "4.9002",
      "s" : "sell",
      "i" : "ICPUSD-PERP",
      "m" : "4611686018431065567"
    }, {
      "d" : "1756460636009597588",
      "t" : 1756460636009,
      "tn" : 1756460636009597588,
      "q" : "32.3",
      "p" : "4.9004",
      "s" : "sell",
      "i" : "ICPUSD-PERP",
      "m" : "4611686018431065566"
    }, {
      "d" : "1756460627718708474",
      "t" : 1756460627718,
      "tn" : 1756460627718708474,
      "q" : "0.1",
      "p" : "4.9012",
      "s" : "sell",
      "i" : "ICPUSD-PERP",
      "m" : "4611686018431065565"
    }, {
      "d" : "1756460599224446509",
      "t" : 1756460599224,
      "tn" : 1756460599224446509,
      "q" : "0.1",
      "p" : "4.8996",
      "s" : "buy",
      "i" : "ICPUSD-PERP",
      "m" : "4611686018431065564"
    }, {
      "d" : "1756460592301715952",
      "t" : 1756460592301,
      "tn" : 1756460592301715952,
      "q" : "0.1",
      "p" : "4.9006",
      "s" : "buy",
      "i" : "ICPUSD-PERP",
      "m" : "4611686018431065563"
    }, {
      "d" : "1756460592077542192",
      "t" : 1756460592077,
      "tn" : 1756460592077542192,
      "q" : "0.1",
      "p" : "4.8996",
      "s" : "buy",
      "i" : "ICPUSD-PERP",
      "m" : "4611686018431065562"
    }, {
      "d" : "1756460591662361296",
      "t" : 1756460591662,
      "tn" : 1756460591662361296,
      "q" : "0.1",
      "p" : "4.8995",
      "s" : "buy",
      "i" : "ICPUSD-PERP",
      "m" : "4611686018431065561"
    }, {
      "d" : "1756460591539861696",
      "t" : 1756460591539,
      "tn" : 1756460591539861696,
      "q" : "0.1",
      "p" : "4.8995",
      "s" : "buy",
      "i" : "ICPUSD-PERP",
      "m" : "4611686018431065560"
    }, {
      "d" : "1756460590539572141",
      "t" : 1756460590539,
      "tn" : 1756460590539572141,
      "q" : "0.1",
      "p" : "4.8975",
      "s" : "buy",
      "i" : "ICPUSD-PERP",
      "m" : "4611686018431065559"
    }, {
      "d" : "1756460580352066446",
      "t" : 1756460580352,
      "tn" : 1756460580352066446,
      "q" : "0.1",
      "p" : "4.8974",
      "s" : "buy",
      "i" : "ICPUSD-PERP",
      "m" : "4611686018431065558"
    }, {
      "d" : "1756460556918067080",
      "t" : 1756460556918,
      "tn" : 1756460556918067079,
      "q" : "32.8",
      "p" : "4.8994",
      "s" : "buy",
      "i" : "ICPUSD-PERP",
      "m" : "4611686018431065557"
    }, {
      "d" : "1756460556918067079",
      "t" : 1756460556918,
      "tn" : 1756460556918067079,
      "q" : "0.1",
      "p" : "4.8994",
      "s" : "buy",
      "i" : "ICPUSD-PERP",
      "m" : "4611686018431065557"
    }, {
      "d" : "1756460550856746309",
      "t" : 1756460550856,
      "tn" : 1756460550856746309,
      "q" : "31.6",
      "p" : "4.9003",
      "s" : "buy",
      "i" : "ICPUSD-PERP",
      "m" : "4611686018431065556"
    }, {
      "d" : "1756460539459320823",
      "t" : 1756460539459,
      "tn" : 1756460539459320823,
      "q" : "0.1",
      "p" : "4.9023",
      "s" : "buy",
      "i" : "ICPUSD-PERP",
      "m" : "4611686018431065555"
    }, {
      "d" : "1756460539459318533",
      "t" : 1756460539459,
      "tn" : 1756460539459318533,
      "q" : "31.9",
      "p" : "4.9022",
      "s" : "buy",
      "i" : "ICPUSD-PERP",
      "m" : "4611686018431065554"
    }, {
      "d" : "1756460512659997282",
      "t" : 1756460512659,
      "tn" : 1756460512659997282,
      "q" : "0.1",
      "p" : "4.9019",
      "s" : "sell",
      "i" : "ICPUSD-PERP",
      "m" : "4611686018431065553"
    }, {
      "d" : "1756460464737494835",
      "t" : 1756460464737,
      "tn" : 1756460464737494835,
      "q" : "0.1",
      "p" : "4.9040",
      "s" : "sell",
      "i" : "ICPUSD-PERP",
      "m" : "4611686018431065552"
    }, {
      "d" : "1756460424416055866",
      "t" : 1756460424416,
      "tn" : 1756460424416055866,
      "q" : "0.1",
      "p" : "4.9010",
      "s" : "sell",
      "i" : "ICPUSD-PERP",
      "m" : "4611686018431065551"
    }, {
      "d" : "1756460415519980405",
      "t" : 1756460415519,
      "tn" : 1756460415519980405,
      "q" : "0.1",
      "p" : "4.9021",
      "s" : "sell",
      "i" : "ICPUSD-PERP",
      "m" : "4611686018431065550"
    }, {
      "d" : "1756460348198512705",
      "t" : 1756460348198,
      "tn" : 1756460348198512705,
      "q" : "0.1",
      "p" : "4.9011",
      "s" : "sell",
      "i" : "ICPUSD-PERP",
      "m" : "4611686018431065549"
    }, {
      "d" : "1756460333734715057",
      "t" : 1756460333734,
      "tn" : 1756460333734715057,
      "q" : "0.1",
      "p" : "4.9001",
      "s" : "sell",
      "i" : "ICPUSD-PERP",
      "m" : "4611686018431065548"
    }, {
      "d" : "1756460299392352051",
      "t" : 1756460299392,
      "tn" : 1756460299392352051,
      "q" : "32.3",
      "p" : "4.9053",
      "s" : "buy",
      "i" : "ICPUSD-PERP",
      "m" : "4611686018431065547"
    }, {
      "d" : "1756460299102102875",
      "t" : 1756460299102,
      "tn" : 1756460299102102875,
      "q" : "0.1",
      "p" : "4.9062",
      "s" : "sell",
      "i" : "ICPUSD-PERP",
      "m" : "4611686018431065546"
    }, {
      "d" : "1756460203639406522",
      "t" : 1756460203639,
      "tn" : 1756460203639406522,
      "q" : "0.1",
      "p" : "4.9002",
      "s" : "sell",
      "i" : "ICPUSD-PERP",
      "m" : "4611686018431065545"
    }, {
      "d" : "1756460184059962371",
      "t" : 1756460184059,
      "tn" : 1756460184059962371,
      "q" : "0.1",
      "p" : "4.8982",
      "s" : "sell",
      "i" : "ICPUSD-PERP",
      "m" : "4611686018431065544"
    }, {
      "d" : "1756460043577968057",
      "t" : 1756460043577,
      "tn" : 1756460043577968057,
      "q" : "0.1",
      "p" : "4.9043",
      "s" : "sell",
      "i" : "ICPUSD-PERP",
      "m" : "4611686018431065543"
    }, {
      "d" : "1756460040393071166",
      "t" : 1756460040393,
      "tn" : 1756460040393071166,
      "q" : "0.1",
      "p" : "4.9033",
      "s" : "sell",
      "i" : "ICPUSD-PERP",
      "m" : "4611686018431065542"
    }, {
      "d" : "1756460040280176706",
      "t" : 1756460040280,
      "tn" : 1756460040280176706,
      "q" : "0.1",
      "p" : "4.9043",
      "s" : "sell",
      "i" : "ICPUSD-PERP",
      "m" : "4611686018431065541"
    }, {
      "d" : "1756460013905738664",
      "t" : 1756460013905,
      "tn" : 1756460013905738664,
      "q" : "0.1",
      "p" : "4.9014",
      "s" : "sell",
      "i" : "ICPUSD-PERP",
      "m" : "4611686018431065540"
    }, {
      "d" : "1756459972526170757",
      "t" : 1756459972526,
      "tn" : 1756459972526170757,
      "q" : "0.1",
      "p" : "4.9004",
      "s" : "sell",
      "i" : "ICPUSD-PERP",
      "m" : "4611686018431065539"
    }, {
      "d" : "1756459970838823824",
      "t" : 1756459970838,
      "tn" : 1756459970838823824,
      "q" : "0.1",
      "p" : "4.9004",
      "s" : "sell",
      "i" : "ICPUSD-PERP",
      "m" : "4611686018431065538"
    }, {
      "d" : "1756459956458793789",
      "t" : 1756459956458,
      "tn" : 1756459956458793789,
      "q" : "0.1",
      "p" : "4.9005",
      "s" : "sell",
      "i" : "ICPUSD-PERP",
      "m" : "4611686018431065537"
    }, {
      "d" : "1756459944912313714",
      "t" : 1756459944912,
      "tn" : 1756459944912313714,
      "q" : "0.1",
      "p" : "4.9005",
      "s" : "sell",
      "i" : "ICPUSD-PERP",
      "m" : "4611686018431065536"
    }, {
      "d" : "1756459938936925426",
      "t" : 1756459938936,
      "tn" : 1756459938936925426,
      "q" : "0.1",
      "p" : "4.9009",
      "s" : "buy",
      "i" : "ICPUSD-PERP",
      "m" : "4611686018431065535"
    }, {
      "d" : "1756459930544632840",
      "t" : 1756459930544,
      "tn" : 1756459930544632840,
      "q" : "0.1",
      "p" : "4.9025",
      "s" : "sell",
      "i" : "ICPUSD-PERP",
      "m" : "4611686018431065534"
    }, {
      "d" : "1756459904829664033",
      "t" : 1756459904829,
      "tn" : 1756459904829664033,
      "q" : "0.1",
      "p" : "4.9026",
      "s" : "sell",
      "i" : "ICPUSD-PERP",
      "m" : "4611686018431065533"
    }, {
      "d" : "1756459900231397543",
      "t" : 1756459900231,
      "tn" : 1756459900231397543,
      "q" : "0.1",
      "p" : "4.9046",
      "s" : "sell",
      "i" : "ICPUSD-PERP",
      "m" : "4611686018431065532"
    }, {
      "d" : "1756459878398229293",
      "t" : 1756459878398,
      "tn" : 1756459878398229293,
      "q" : "0.1",
      "p" : "4.9016",
      "s" : "sell",
      "i" : "ICPUSD-PERP",
      "m" : "4611686018431065531"
    }, {
      "d" : "1756459877424305341",
      "t" : 1756459877424,
      "tn" : 1756459877424305341,
      "q" : "0.1",
      "p" : "4.9017",
      "s" : "sell",
      "i" : "ICPUSD-PERP",
      "m" : "4611686018431065530"
    }, {
      "d" : "1756459877219153555",
      "t" : 1756459877219,
      "tn" : 1756459877219153555,
      "q" : "0.1",
      "p" : "4.9027",
      "s" : "sell",
      "i" : "ICPUSD-PERP",
      "m" : "4611686018431065529"
    }, {
      "d" : "1756459876681337803",
      "t" : 1756459876681,
      "tn" : 1756459876681337803,
      "q" : "0.1",
      "p" : "4.9037",
      "s" : "sell",
      "i" : "ICPUSD-PERP",
      "m" : "4611686018431065528"
    }, {
      "d" : "1756459876573616998",
      "t" : 1756459876573,
      "tn" : 1756459876573616998,
      "q" : "0.1",
      "p" : "4.9038",
      "s" : "sell",
      "i" : "ICPUSD-PERP",
      "m" : "4611686018431065527"
    }, {
      "d" : "1756459876188627388",
      "t" : 1756459876188,
      "tn" : 1756459876188627388,
      "q" : "0.1",
      "p" : "4.9045",
      "s" : "sell",
      "i" : "ICPUSD-PERP",
      "m" : "4611686018431065526"
    }, {
      "d" : "1756459875670515513",
      "t" : 1756459875670,
      "tn" : 1756459875670515513,
      "q" : "0.1",
      "p" : "4.9057",
      "s" : "sell",
      "i" : "ICPUSD-PERP",
      "m" : "4611686018431065525"
    }, {
      "d" : "1756459875054231309",
      "t" : 1756459875054,
      "tn" : 1756459875054231309,
      "q" : "0.1",
      "p" : "4.9059",
      "s" : "sell",
      "i" : "ICPUSD-PERP",
      "m" : "4611686018431065524"
    }, {
      "d" : "1756459874406439502",
      "t" : 1756459874406,
      "tn" : 1756459874406439502,
      "q" : "0.1",
      "p" : "4.9078",
      "s" : "sell",
      "i" : "ICPUSD-PERP",
      "m" : "4611686018431065523"
    }, {
      "d" : "1756459873814670499",
      "t" : 1756459873814,
      "tn" : 1756459873814670499,
      "q" : "0.1",
      "p" : "4.9089",
      "s" : "sell",
      "i" : "ICPUSD-PERP",
      "m" : "4611686018431065522"
    }, {
      "d" : "1756459871665587980",
      "t" : 1756459871665,
      "tn" : 1756459871665587980,
      "q" : "0.1",
      "p" : "4.9099",
      "s" : "sell",
      "i" : "ICPUSD-PERP",
      "m" : "4611686018431065521"
    }, {
      "d" : "1756459822232085522",
      "t" : 1756459822232,
      "tn" : 1756459822232085522,
      "q" : "0.1",
      "p" : "4.9037",
      "s" : "sell",
      "i" : "ICPUSD-PERP",
      "m" : "4611686018431065520"
    }, {
      "d" : "1756459822012066413",
      "t" : 1756459822012,
      "tn" : 1756459822012066413,
      "q" : "0.1",
      "p" : "4.9041",
      "s" : "sell",
      "i" : "ICPUSD-PERP",
      "m" : "4611686018431065519"
    }, {
      "d" : "1756459814561427510",
      "t" : 1756459814561,
      "tn" : 1756459814561427510,
      "q" : "0.1",
      "p" : "4.9041",
      "s" : "sell",
      "i" : "ICPUSD-PERP",
      "m" : "4611686018431065518"
    }, {
      "d" : "1756459813528814455",
      "t" : 1756459813528,
      "tn" : 1756459813528814455,
      "q" : "0.1",
      "p" : "4.9051",
      "s" : "sell",
      "i" : "ICPUSD-PERP",
      "m" : "4611686018431065517"
    }, {
      "d" : "1756459813297300756",
      "t" : 1756459813297,
      "tn" : 1756459813297300756,
      "q" : "0.1",
      "p" : "4.9061",
      "s" : "sell",
      "i" : "ICPUSD-PERP",
      "m" : "4611686018431065516"
    }, {
      "d" : "1756459813128608824",
      "t" : 1756459813128,
      "tn" : 1756459813128608824,
      "q" : "0.1",
      "p" : "4.9062",
      "s" : "sell",
      "i" : "ICPUSD-PERP",
      "m" : "4611686018431065515"
    }, {
      "d" : "1756459812985808970",
      "t" : 1756459812985,
      "tn" : 1756459812985808970,
      "q" : "0.1",
      "p" : "4.9063",
      "s" : "sell",
      "i" : "ICPUSD-PERP",
      "m" : "4611686018431065514"
    }, {
      "d" : "1756459809495877008",
      "t" : 1756459809495,
      "tn" : 1756459809495877008,
      "q" : "31.7",
      "p" : "4.9028",
      "s" : "sell",
      "i" : "ICPUSD-PERP",
      "m" : "4611686018431065513"
    }, {
      "d" : "1756459809495875046",
      "t" : 1756459809495,
      "tn" : 1756459809495875046,
      "q" : "0.1",
      "p" : "4.9053",
      "s" : "sell",
      "i" : "ICPUSD-PERP",
      "m" : "4611686018431065512"
    }, {
      "d" : "1756459798314212615",
      "t" : 1756459798314,
      "tn" : 1756459798314212615,
      "q" : "0.1",
      "p" : "4.9064",
      "s" : "buy",
      "i" : "ICPUSD-PERP",
      "m" : "4611686018431065511"
    }, {
      "d" : "1756459784113209830",
      "t" : 1756459784113,
      "tn" : 1756459784113209830,
      "q" : "0.1",
      "p" : "4.9060",
      "s" : "buy",
      "i" : "ICPUSD-PERP",
      "m" : "4611686018431065510"
    } ]
  }
}