{
  "id" : -1,
  "method" : "public/get-trades",
  "code" : 0,
  "result" : {
    "data" : [ {
      "d" : "1756451043525715017",
      "t" : 1756451043525,
      "tn" : 1756451043525715017,
      "q" : "308",
      "p" : "0.12984",
      "s" : "buy",
      "i" : "ICX_USD",
      "m" : "4611686018429994315"
    }, {
      "d" : "1756448127326057935",
      "t" : 1756448127326,
      "tn" : 1756448127326057935,
      "q" : "611",
      "p" : "0.13094",
      "s" : "buy",
      "i" : "ICX_USD",
      "m" : "4611686018429994314"
    }, {
      "d" : "1756440353182346724",
      "t" : 1756440353182,
      "tn" : 1756440353182346724,
      "q" : "1549",
      "p" : "0.13190",
      "s" : "sell",
      "i" : "ICX_USD",
      "m" : "4611686018429994313"
    }, {
      "d" : "1756438860671998914",
      "t" : 1756438860671,
      "tn" : 1756438860671998914,
      "q" : "1540",
      "p" : "0.13220",
      "s" : "sell",
      "i" : "ICX_USD",
      "m" : "4611686018429994312"
    }, {
      "d" : "1756434334098433142",
      "t" : 1756434334098,
      "tn" : 1756434334098433142,
      "q" : "1396",
      "p" : "0.13200",
      "s" : "sell",
      "i" : "ICX_USD",
      "m" : "4611686018429994311"
    }, {
      "d" : "1756434334098431323",
      "t" : 1756434334098,
      "tn" : 1756434334098431323,
      "q" : "919",
      "p" : "0.13201",
      "s" : "sell",
      "i" : "ICX_USD",
      "m" : "4611686018429994310"
    }, {
      "d" : "1756430281683202854",
      "t" : 1756430281683,
      "tn" : 1756430281683202854,
      "q" : "127",
      "p" : "0.13173",
      "s" : "buy",
      "i" : "ICX_USD",
      "m" : "4611686018429994309"
    }, {
      "d" : "1756427584979994692",
      "t" : 1756427584979,
      "tn" : 1756427584979994692,
      "q" : "434",
      "p" : "0.13238",
      "s" : "sell",
      "i" : "ICX_USD",
      "m" : "4611686018429994308"
    }, {
      "d" : "1756427584979992814",
      "t" : 1756427584979,
      "tn" : 1756427584979992814,
      "q" : "1901",
      "p" : "0.13239",
      "s" : "sell",
      "i" : "ICX_USD",
      "m" : "4611686018429994307"
    }, {
      "d" : "1756425064121845000",
      "t" : 1756425064121,
      "tn" : 1756425064121845000,
      "q" : "1535",
      "p" : "0.13290",
      "s" : "buy",
      "i" : "ICX_USD",
      "m" : "4611686018429994306"
    }, {
      "d" : "1756422670779251049",
      "t" : 1756422670779,
      "tn" : 1756422670779251049,
      "q" : "1090",
      "p" : "0.13376",
      "s" : "buy",
      "i" : "ICX_USD",
      "m" : "4611686018429994305"
    }, {
      "d" : "1756422670779249109",
      "t" : 1756422670779,
      "tn" : 1756422670779249108,
      "q" : "950",
      "p" : "0.13365",
      "s" : "buy",
      "i" : "ICX_USD",
      "m" : "4611686018429994304"
    }, {
      "d" : "1756422670779249108",
      "t" : 1756422670779,
      "tn" : 1756422670779249108,
      "q" : "950",
      "p" : "0.13365",
      "s" : "buy",
      "i" : "ICX_USD",
      "m" : "4611686018429994304"
    }, {
      "d" : "1756421806735735667",
      "t" : 1756421806735,
      "tn" : 1756421806735735667,
      "q" : "1834",
      "p" : "0.13365",
      "s" : "sell",
      "i" : "ICX_USD",
      "m" : "4611686018429994303"
    }, {
      "d" : "1756421806728146938",
      "t" : 1756421806728,
      "tn" : 1756421806728146938,
      "q" : "1907",
      "p" : "0.13365",
      "s" : "buy",
      "i" : "ICX_USD",
      "m" : "4611686018429994302"
    }, {
      "d" : "1756420266760020761",
      "t" : 1756420266760,
      "tn" : 1756420266760020760,
      "q" : "930",
      "p" : "0.13254",
      "s" : "buy",
      "i" : "ICX_USD",
      "m" : "4611686018429994301"
    }, {
      "d" : "1756420266760020760",
      "t" : 1756420266760,
      "tn" : 1756420266760020760,
      "q" : "940",
      "p" : "0.13254",
      "s" : "buy",
      "i" : "ICX_USD",
      "m" : "4611686018429994301"
    }, {
      "d" : "1756413642582993332",
      "t" : 1756413642582,
      "tn" : 1756413642582993332,
      "q" : "214",
      "p" : "0.13047",
      "s" : "buy",
      "i" : "ICX_USD",
      "m" : "4611686018429994300"
    }, {
      "d" : "1756410010126180790",
      "t" : 1756410010126,
      "tn" : 1756410010126180790,
      "q" : "166",
      "p" : "0.13086",
      "s" : "sell",
      "i" : "ICX_USD",
      "m" : "4611686018429994299"
    }, {
      "d" : "1756407631753171518",
      "t" : 1756407631753,
      "tn" : 1756407631753171518,
      "q" : "300",
      "p" : "0.13176",
      "s" : "buy",
      "i" : "ICX_USD",
      "m" : "4611686018429994298"
    }, {
      "d" : "1756406544066166045",
      "t" : 1756406544066,
      "tn" : 1756406544066166045,
      "q" : "1931",
      "p" : "0.13254",
      "s" : "sell",
      "i" : "ICX_USD",
      "m" : "4611686018429994297"
    }, {
      "d" : "1756406544060211249",
      "t" : 1756406544060,
      "tn" : 1756406544060211249,
      "q" : "332",
      "p" : "0.13206",
      "s" : "buy",
      "i" : "ICX_USD",
      "m" : "4611686018429994296"
    }, {
      "d" : "1756402743124252094",
      "t" : 1756402743124,
      "tn" : 1756402743124252094,
      "q" : "732",
      "p" : "0.13128",
      "s" : "buy",
      "i" : "ICX_USD",
      "m" : "4611686018429994295"
    }, {
      "d" : "1756401164252266113",
      "t" : 1756401164252,
      "tn" : 1756401164252266113,
      "q" : "1695",
      "p" : "0.13117",
      "s" : "sell",
      "i" : "ICX_USD",
      "m" : "4611686018429994294"
    }, {
      "d" : "1756401106651623927",
      "t" : 1756401106651,
      "tn" : 1756401106651623927,
      "q" : "123",
      "p" : "0.13107",
      "s" : "sell",
      "i" : "ICX_USD",
      "m" : "4611686018429994293"
    }, {
      "d" : "1756400090562737079",
      "t" : 1756400090562,
      "tn" : 1756400090562737079,
      "q" : "1549",
      "p" : "0.13140",
      "s" : "sell",
      "i" : "ICX_USD",
      "m" : "4611686018429994292"
    }, {
      "d" : "1756399912397007613",
      "t" : 1756399912397,
      "tn" : 1756399912397007613,
      "q" : "1558",
      "p" : "0.13180",
      "s" : "sell",
      "i" : "ICX_USD",
      "m" : "4611686018429994291"
    }, {
      "d" : "1756399864932399443",
      "t" : 1756399864932,
      "tn" : 1756399864932399443,
      "q" : "794",
      "p" : "0.13180",
      "s" : "sell",
      "i" : "ICX_USD",
      "m" : "4611686018429994290"
    }, {
      "d" : "1756399802693912911",
      "t" : 1756399802693,
      "tn" : 1756399802693912911,
      "q" : "1567",
      "p" : "0.13190",
      "s" : "buy",
      "i" : "ICX_USD",
      "m" : "4611686018429994289"
    }, {
      "d" : "1756398491138601171",
      "t" : 1756398491138,
      "tn" : 1756398491138601171,
      "q" : "975",
      "p" : "0.13298",
      "s" : "buy",
      "i" : "ICX_USD",
      "m" : "4611686018429994288"
    }, {
      "d" : "1756397063518701969",
      "t" : 1756397063518,
      "tn" : 1756397063518701968,
      "q" : "100",
      "p" : "0.13268",
      "s" : "buy",
      "i" : "ICX_USD",
      "m" : "4611686018429994287"
    }, {
      "d" : "1756397063518701968",
      "t" : 1756397063518,
      "tn" : 1756397063518701968,
      "q" : "896",
      "p" : "0.13268",
      "s" : "buy",
      "i" : "ICX_USD",
      "m" : "4611686018429994287"
    }, {
      "d" : "1756395919695947563",
      "t" : 1756395919695,
      "tn" : 1756395919695947563,
      "q" : "2444",
      "p" : "0.13250",
      "s" : "sell",
      "i" : "ICX_USD",
      "m" : "4611686018429994286"
    }, {
      "d" : "1756395677362811236",
      "t" : 1756395677362,
      "tn" : 1756395677362811236,
      "q" : "1103",
      "p" : "0.13277",
      "s" : "buy",
      "i" : "ICX_USD",
      "m" : "4611686018429994285"
    }, {
      "d" : "1756394410051986054",
      "t" : 1756394410051,
      "tn" : 1756394410051986054,
      "q" : "44",
      "p" : "0.13350",
      "s" : "buy",
      "i" : "ICX_USD",
      "m" : "4611686018429994284"
    }, {
      "d" : "1756394410041871212",
      "t" : 1756394410041,
      "tn" : 1756394410041871212,
      "q" : "57",
      "p" : "0.13350",
      "s" : "buy",
      "i" : "ICX_USD",
      "m" : "4611686018429994283"
    }, {
      "d" : "1756394410031830104",
      "t" : 1756394410031,
      "tn" : 1756394410031830104,
      "q" : "57",
      "p" : "0.13350",
      "s" : "buy",
      "i" : "ICX_USD",
      "m" : "4611686018429994282"
    }, {
      "d" : "1756394410021849924",
      "t" : 1756394410021,
      "tn" : 1756394410021849924,
      "q" : "57",
      "p" : "0.13350",
      "s" : "buy",
      "i" : "ICX_USD",
      "m" : "4611686018429994281"
    }, {
      "d" : "1756394410011853061",
      "t" : 1756394410011,
      "tn" : 1756394410011853061,
      "q" : "57",
      "p" : "0.13350",
      "s" : "buy",
      "i" : "ICX_USD",
      "m" : "4611686018429994280"
    }, {
      "d" : "1756394410001963676",
      "t" : 1756394410001,
      "tn" : 1756394410001963676,
      "q" : "57",
      "p" : "0.13350",
      "s" : "buy",
      "i" : "ICX_USD",
      "m" : "4611686018429994279"
    }, {
      "d" : "1756394409991866604",
      "t" : 1756394409991,
      "tn" : 1756394409991866604,
      "q" : "57",
      "p" : "0.13350",
      "s" : "buy",
      "i" : "ICX_USD",
      "m" : "4611686018429994278"
    }, {
      "d" : "1756394409981799996",
      "t" : 1756394409981,
      "tn" : 1756394409981799996,
      "q" : "57",
      "p" : "0.13350",
      "s" : "buy",
      "i" : "ICX_USD",
      "m" : "4611686018429994277"
    }, {
      "d" : "1756394409971803988",
      "t" : 1756394409971,
      "tn" : 1756394409971803988,
      "q" : "57",
      "p" : "0.13350",
      "s" : "buy",
      "i" : "ICX_USD",
      "m" : "4611686018429994276"
    }, {
      "d" : "1756394409961761275",
      "t" : 1756394409961,
      "tn" : 1756394409961761275,
      "q" : "57",
      "p" : "0.13350",
      "s" : "buy",
      "i" : "ICX_USD",
      "m" : "4611686018429994275"
    }, {
      "d" : "1756394409951710334",
      "t" : 1756394409951,
      "tn" : 1756394409951710334,
      "q" : "57",
      "p" : "0.13350",
      "s" : "buy",
      "i" : "ICX_USD",
      "m" : "4611686018429994274"
    }, {
      "d" : "1756394409941722111",
      "t" : 1756394409941,
      "tn" : 1756394409941722111,
      "q" : "57",
      "p" : "0.13350",
      "s" : "buy",
      "i" : "ICX_USD",
      "m" : "4611686018429994273"
    }, {
      "d" : "1756394409931665236",
      "t" : 1756394409931,
      "tn" : 1756394409931665236,
      "q" : "57",
      "p" : "0.13350",
      "s" : "buy",
      "i" : "ICX_USD",
      "m" : "4611686018429994272"
    }, {
      "d" : "1756394409921705863",
      "t" : 1756394409921,
      "tn" : 1756394409921705863,
      "q" : "57",
      "p" : "0.13350",
      "s" : "buy",
      "i" : "ICX_USD",
      "m" : "4611686018429994271"
    }, {
      "d" : "1756394409911633771",
      "t" : 1756394409911,
      "tn" : 1756394409911633771,
      "q" : "57",
      "p" : "0.13350",
      "s" : "buy",
      "i" : "ICX_USD",
      "m" : "4611686018429994270"
    }, {
      "d" : "1756394409901673835",
      "t" : 1756394409901,
      "tn" : 1756394409901673835,
      "q" : "57",
      "p" : "0.13350",
      "s" : "buy",
      "i" : "ICX_USD",
      "m" : "4611686018429994269"
    }, {
      "d" : "1756394409891672351",
      "t" : 1756394409891,
      "tn" : 1756394409891672351,
      "q" : "57",
      "p" : "0.13350",
      "s" : "buy",
      "i" : "ICX_USD",
      "m" : "4611686018429994268"
    }, {
      "d" : "1756394409881627881",
      "t" : 1756394409881,
      "tn" : 1756394409881627881,
      "q" : "57",
      "p" : "0.13350",
      "s" : "buy",
      "i" : "ICX_USD",
      "m" : "4611686018429994267"
    }, {
      "d" : "1756394409871663680",
      "t" : 1756394409871,
      "tn" : 1756394409871663680,
      "q" : "57",
      "p" : "0.13350",
      "s" : "buy",
      "i" : "ICX_USD",
      "m" : "4611686018429994266"
    }, {
      "d" : "1756394409861712873",
      "t" : 1756394409861,
      "tn" : 1756394409861712873,
      "q" : "57",
      "p" : "0.13350",
      "s" : "buy",
      "i" : "ICX_USD",
      "m" : "4611686018429994265"
    }, {
      "d" : "1756394409851705260",
      "t" : 1756394409851,
      "tn" : 1756394409851705260,
      "q" : "57",
      "p" : "0.13350",
      "s" : "buy",
      "i" : "ICX_USD",
      "m" : "4611686018429994264"
    }, {
      "d" : "1756394395645932641",
      "t" : 1756394395645,
      "tn" : 1756394395645932641,
      "q" : "57",
      "p" : "0.13360",
      "s" : "buy",
      "i" : "ICX_USD",
      "m" : "4611686018429994263"
    }, {
      "d" : "1756394395640930530",
      "t" : 1756394395640,
      "tn" : 1756394395640930530,
      "q" : "57",
      "p" : "0.13360",
      "s" : "buy",
      "i" : "ICX_USD",
      "m" : "4611686018429994262"
    }, {
      "d" : "1756394395635908122",
      "t" : 1756394395635,
      "tn" : 1756394395635908122,
      "q" : "57",
      "p" : "0.13360",
      "s" : "buy",
      "i" : "ICX_USD",
      "m" : "4611686018429994261"
    }, {
      "d" : "1756394395630876916",
      "t" : 1756394395630,
      "tn" : 1756394395630876916,
      "q" : "57",
      "p" : "0.13360",
      "s" : "buy",
      "i" : "ICX_USD",
      "m" : "4611686018429994260"
    }, {
      "d" : "1756394395625863725",
      "t" : 1756394395625,
      "tn" : 1756394395625863725,
      "q" : "57",
      "p" : "0.13360",
      "s" : "buy",
      "i" : "ICX_USD",
      "m" : "4611686018429994259"
    }, {
      "d" : "1756394395620937270",
      "t" : 1756394395620,
      "tn" : 1756394395620937270,
      "q" : "57",
      "p" : "0.13360",
      "s" : "buy",
      "i" : "ICX_USD",
      "m" : "4611686018429994258"
    }, {
      "d" : "1756394167445514666",
      "t" : 1756394167445,
      "tn" : 1756394167445514666,
      "q" : "673",
      "p" : "0.13366",
      "s" : "buy",
      "i" : "ICX_USD",
      "m" : "4611686018429994257"
    }, {
      "d" : "1756392199806684322",
      "t" : 1756392199806,
      "tn" : 1756392199806684322,
      "q" : "1568",
      "p" : "0.13278",
      "s" : "sell",
      "i" : "ICX_USD",
      "m" : "4611686018429994256"
    }, {
      "d" : "1756392114249300636",
      "t" : 1756392114249,
      "tn" : 1756392114249300636,
      "q" : "1573",
      "p" : "0.13278",
      "s" : "sell",
      "i" : "ICX_USD",
      "m" : "4611686018429994255"
    }, {
      "d" : "1756391785840584372",
      "t" : 1756391785840,
      "tn" : 1756391785840584372,
      "q" : "1572",
      "p" : "0.13258",
      "s" : "sell",
      "i" : "ICX_USD",
      "m" : "4611686018429994254"
    }, {
      "d" : "1756391058767063218",
      "t" : 1756391058767,
      "tn" : 1756391058767063218,
      "q" : "1537",
      "p" : "0.13249",
      "s" : "buy",
      "i" : "ICX_USD",
      "m" : "4611686018429994253"
    }, {
      "d" : "1756390227394414559",
      "t" : 1756390227394,
      "tn" : 1756390227394414559,
      "q" : "333",
      "p" : "0.13230",
      "s" : "buy",
      "i" : "ICX_USD",
      "m" : "4611686018429994252"
    }, {
      "d" : "1756390227394345978",
      "t" : 1756390227394,
      "tn" : 1756390227394345978,
      "q" : "680",
      "p" : "0.13230",
      "s" : "buy",
      "i" : "ICX_USD",
      "m" : "4611686018429994251"
    }, {
      "d" : "1756390227394236966",
      "t" : 1756390227394,
      "tn" : 1756390227394236966,
      "q" : "531",
      "p" : "0.13230",
      "s" : "buy",
      "i" : "ICX_USD",
      "m" : "4611686018429994250"
    }, {
      "d" : "1756389343403068642",
      "t" : 1756389343403,
      "tn" : 1756389343403068642,
      "q" : "1275",
      "p" : "0.13159",
      "s" : "sell",
      "i" : "ICX_USD",
      "m" : "4611686018429994249"
    }, {
      "d" : "1756389343403066820",
      "t" : 1756389343403,
      "tn" : 1756389343403066820,
      "q" : "308",
      "p" : "0.13160",
      "s" : "sell",
      "i" : "ICX_USD",
      "m" : "4611686018429994248"
    }, {
      "d" : "1756389005100428313",
      "t" : 1756389005100,
      "tn" : 1756389005100428313,
      "q" : "74",
      "p" : "0.13206",
      "s" : "buy",
      "i" : "ICX_USD",
      "m" : "4611686018429994247"
    }, {
      "d" : "1756388998179942336",
      "t" : 1756388998179,
      "tn" : 1756388998179942336,
      "q" : "1599",
      "p" : "0.13160",
      "s" : "sell",
      "i" : "ICX_USD",
      "m" : "4611686018429994246"
    }, {
      "d" : "1756388543966259460",
      "t" : 1756388543966,
      "tn" : 1756388543966259460,
      "q" : "89",
      "p" : "0.13228",
      "s" : "buy",
      "i" : "ICX_USD",
      "m" : "4611686018429994245"
    }, {
      "d" : "1756388543966256779",
      "t" : 1756388543966,
      "tn" : 1756388543966256779,
      "q" : "1223",
      "p" : "0.13228",
      "s" : "buy",
      "i" : "ICX_USD",
      "m" : "4611686018429994244"
    }, {
      "d" : "1756388532577669981",
      "t" : 1756388532577,
      "tn" : 1756388532577669981,
      "q" : "1000",
      "p" : "0.13207",
      "s" : "buy",
      "i" : "ICX_USD",
      "m" : "4611686018429994243"
    }, {
      "d" : "1756388531283048748",
      "t" : 1756388531283,
      "tn" : 1756388531283048748,
      "q" : "443",
      "p" : "0.13207",
      "s" : "buy",
      "i" : "ICX_USD",
      "m" : "4611686018429994242"
    }, {
      "d" : "1756388280200184688",
      "t" : 1756388280200,
      "tn" : 1756388280200184688,
      "q" : "745",
      "p" : "0.13238",
      "s" : "buy",
      "i" : "ICX_USD",
      "m" : "4611686018429994241"
    }, {
      "d" : "1756388111428220619",
      "t" : 1756388111428,
      "tn" : 1756388111428220619,
      "q" : "665",
      "p" : "0.13228",
      "s" : "buy",
      "i" : "ICX_USD",
      "m" : "4611686018429994240"
    }, {
      "d" : "1756384899269498948",
      "t" : 1756384899269,
      "tn" : 1756384899269498948,
      "q" : "1692",
      "p" : "0.13336",
      "s" : "buy",
      "i" : "ICX_USD",
      "m" : "4611686018429994239"
    }, {
      "d" : "1756384899269496751",
      "t" : 1756384899269,
      "tn" : 1756384899269496751,
      "q" : "559",
      "p" : "0.13285",
      "s" : "buy",
      "i" : "ICX_USD",
      "m" : "4611686018429994238"
    }, {
      "d" : "1756384356192996157",
      "t" : 1756384356192,
      "tn" : 1756384356192996157,
      "q" : "150",
      "p" : "0.13227",
      "s" : "buy",
      "i" : "ICX_USD",
      "m" : "4611686018429994237"
    }, {
      "d" : "1756383898413647645",
      "t" : 1756383898413,
      "tn" : 1756383898413647645,
      "q" : "559",
      "p" : "0.13285",
      "s" : "sell",
      "i" : "ICX_USD",
      "m" : "4611686018429994236"
    }, {
      "d" : "1756383898409993347",
      "t" : 1756383898409,
      "tn" : 1756383898409993347,
      "q" : "860",
      "p" : "0.13285",
      "s" : "buy",
      "i" : "ICX_USD",
      "m" : "4611686018429994235"
    }, {
      "d" : "1756383898409989723",
      "t" : 1756383898409,
      "tn" : 1756383898409989723,
      "q" : "86",
      "p" : "0.13227",
      "s" : "buy",
      "i" : "ICX_USD",
      "m" : "4611686018429994234"
    }, {
      "d" : "1756383553990494888",
      "t" : 1756383553990,
      "tn" : 1756383553990494888,
      "q" : "12",
      "p" : "0.13199",
      "s" : "sell",
      "i" : "ICX_USD",
      "m" : "4611686018429994233"
    }, {
      "d" : "1756382763675556069",
      "t" : 1756382763675,
      "tn" : 1756382763675556069,
      "q" : "600",
      "p" : "0.13274",
      "s" : "buy",
      "i" : "ICX_USD",
      "m" : "4611686018429994232"
    }, {
      "d" : "1756382422552731144",
      "t" : 1756382422552,
      "tn" : 1756382422552731144,
      "q" : "71",
      "p" : "0.13227",
      "s" : "sell",
      "i" : "ICX_USD",
      "m" : "4611686018429994231"
    }, {
      "d" : "1756379436668220953",
      "t" : 1756379436668,
      "tn" : 1756379436668220953,
      "q" : "140",
      "p" : "0.13166",
      "s" : "buy",
      "i" : "ICX_USD",
      "m" : "4611686018429994230"
    }, {
      "d" : "1756375559170080336",
      "t" : 1756375559170,
      "tn" : 1756375559170080336,
      "q" : "2277",
      "p" : "0.13175",
      "s" : "sell",
      "i" : "ICX_USD",
      "m" : "4611686018429994229"
    } ]
  }
}