{
  "id" : -1,
  "method" : "public/get-trades",
  "code" : 0,
  "result" : {
    "data" : [ {
      "d" : "1756461118246788440",
      "t" : 1756461118246,
      "tn" : 1756461118246788440,
      "q" : "413",
      "p" : "0.024269",
      "s" : "sell",
      "i" : "IDEX_USD",
      "m" : "4611686018429904193"
    }, {
      "d" : "1756461118246785966",
      "t" : 1756461118246,
      "tn" : 1756461118246785966,
      "q" : "787",
      "p" : "0.024270",
      "s" : "sell",
      "i" : "IDEX_USD",
      "m" : "4611686018429904192"
    }, {
      "d" : "1756455480251123904",
      "t" : 1756455480251,
      "tn" : 1756455480251123904,
      "q" : "1047",
      "p" : "0.024265",
      "s" : "sell",
      "i" : "IDEX_USD",
      "m" : "4611686018429904191"
    }, {
      "d" : "1756451307222906817",
      "t" : 1756451307222,
      "tn" : 1756451307222906817,
      "q" : "2729",
      "p" : "0.024458",
      "s" : "sell",
      "i" : "IDEX_USD",
      "m" : "4611686018429904190"
    }, {
      "d" : "1756450208705738869",
      "t" : 1756450208705,
      "tn" : 1756450208705738869,
      "q" : "784",
      "p" : "0.024641",
      "s" : "buy",
      "i" : "IDEX_USD",
      "m" : "4611686018429904189"
    }, {
      "d" : "1756450006565659645",
      "t" : 1756450006565,
      "tn" : 1756450006565659645,
      "q" : "7642",
      "p" : "0.024512",
      "s" : "buy",
      "i" : "IDEX_USD",
      "m" : "4611686018429904188"
    }, {
      "d" : "1756450006562618962",
      "t" : 1756450006562,
      "tn" : 1756450006562618962,
      "q" : "847",
      "p" : "0.024512",
      "s" : "sell",
      "i" : "IDEX_USD",
      "m" : "4611686018429904187"
    }, {
      "d" : "1756449632679243969",
      "t" : 1756449632679,
      "tn" : 1756449632679243969,
      "q" : "9069",
      "p" : "0.024513",
      "s" : "sell",
      "i" : "IDEX_USD",
      "m" : "4611686018429904186"
    }, {
      "d" : "1756449632679241976",
      "t" : 1756449632679,
      "tn" : 1756449632679241976,
      "q" : "438",
      "p" : "0.024514",
      "s" : "sell",
      "i" : "IDEX_USD",
      "m" : "4611686018429904185"
    }, {
      "d" : "1756449632679240429",
      "t" : 1756449632679,
      "tn" : 1756449632679240429,
      "q" : "480",
      "p" : "0.024515",
      "s" : "sell",
      "i" : "IDEX_USD",
      "m" : "4611686018429904184"
    }, {
      "d" : "1756447143528616186",
      "t" : 1756447143528,
      "tn" : 1756447143528616186,
      "q" : "2881",
      "p" : "0.024805",
      "s" : "buy",
      "i" : "IDEX_USD",
      "m" : "4611686018429904183"
    }, {
      "d" : "1756441980271759200",
      "t" : 1756441980271,
      "tn" : 1756441980271759200,
      "q" : "1039",
      "p" : "0.024885",
      "s" : "buy",
      "i" : "IDEX_USD",
      "m" : "4611686018429904182"
    }, {
      "d" : "1756439849385203747",
      "t" : 1756439849385,
      "tn" : 1756439849385203747,
      "q" : "671",
      "p" : "0.024608",
      "s" : "sell",
      "i" : "IDEX_USD",
      "m" : "4611686018429904181"
    }, {
      "d" : "1756439849385201607",
      "t" : 1756439849385,
      "tn" : 1756439849385201607,
      "q" : "4251",
      "p" : "0.024639",
      "s" : "sell",
      "i" : "IDEX_USD",
      "m" : "4611686018429904180"
    }, {
      "d" : "1756439627193299069",
      "t" : 1756439627193,
      "tn" : 1756439627193299069,
      "q" : "15637",
      "p" : "0.024815",
      "s" : "sell",
      "i" : "IDEX_USD",
      "m" : "4611686018429904179"
    }, {
      "d" : "1756439627171735044",
      "t" : 1756439627171,
      "tn" : 1756439627171735044,
      "q" : "8065",
      "p" : "0.024815",
      "s" : "sell",
      "i" : "IDEX_USD",
      "m" : "4611686018429904178"
    }, {
      "d" : "1756439627171733515",
      "t" : 1756439627171,
      "tn" : 1756439627171733515,
      "q" : "13401",
      "p" : "0.024818",
      "s" : "sell",
      "i" : "IDEX_USD",
      "m" : "4611686018429904177"
    }, {
      "d" : "1756439627171730610",
      "t" : 1756439627171,
      "tn" : 1756439627171730610,
      "q" : "1568",
      "p" : "0.024819",
      "s" : "sell",
      "i" : "IDEX_USD",
      "m" : "4611686018429904176"
    }, {
      "d" : "1756439624354274684",
      "t" : 1756439624354,
      "tn" : 1756439624354274684,
      "q" : "22078",
      "p" : "0.024853",
      "s" : "sell",
      "i" : "IDEX_USD",
      "m" : "4611686018429904175"
    }, {
      "d" : "1756439624354272269",
      "t" : 1756439624354,
      "tn" : 1756439624354272269,
      "q" : "4284",
      "p" : "0.024890",
      "s" : "sell",
      "i" : "IDEX_USD",
      "m" : "4611686018429904174"
    }, {
      "d" : "1756433849053519263",
      "t" : 1756433849053,
      "tn" : 1756433849053519263,
      "q" : "1814",
      "p" : "0.024916",
      "s" : "buy",
      "i" : "IDEX_USD",
      "m" : "4611686018429904173"
    }, {
      "d" : "1756433849045504839",
      "t" : 1756433849045,
      "tn" : 1756433849045504839,
      "q" : "663",
      "p" : "0.024916",
      "s" : "sell",
      "i" : "IDEX_USD",
      "m" : "4611686018429904172"
    }, {
      "d" : "1756429739438132136",
      "t" : 1756429739438,
      "tn" : 1756429739438132136,
      "q" : "17350",
      "p" : "0.025147",
      "s" : "buy",
      "i" : "IDEX_USD",
      "m" : "4611686018429904171"
    }, {
      "d" : "1756429739418209578",
      "t" : 1756429739418,
      "tn" : 1756429739418209578,
      "q" : "14848",
      "p" : "0.025147",
      "s" : "buy",
      "i" : "IDEX_USD",
      "m" : "4611686018429904170"
    }, {
      "d" : "1756429739418208105",
      "t" : 1756429739418,
      "tn" : 1756429739418208105,
      "q" : "1175",
      "p" : "0.025146",
      "s" : "buy",
      "i" : "IDEX_USD",
      "m" : "4611686018429904169"
    }, {
      "d" : "1756429739418206691",
      "t" : 1756429739418,
      "tn" : 1756429739418206691,
      "q" : "4323",
      "p" : "0.025145",
      "s" : "buy",
      "i" : "IDEX_USD",
      "m" : "4611686018429904168"
    }, {
      "d" : "1756429739392438567",
      "t" : 1756429739392,
      "tn" : 1756429739392438567,
      "q" : "21441",
      "p" : "0.025147",
      "s" : "buy",
      "i" : "IDEX_USD",
      "m" : "4611686018429904167"
    }, {
      "d" : "1756428890509541381",
      "t" : 1756428890509,
      "tn" : 1756428890509541381,
      "q" : "117",
      "p" : "0.025138",
      "s" : "buy",
      "i" : "IDEX_USD",
      "m" : "4611686018429904166"
    }, {
      "d" : "1756428890502668417",
      "t" : 1756428890502,
      "tn" : 1756428890502668417,
      "q" : "1339",
      "p" : "0.025138",
      "s" : "sell",
      "i" : "IDEX_USD",
      "m" : "4611686018429904165"
    }, {
      "d" : "1756426176460354931",
      "t" : 1756426176460,
      "tn" : 1756426176460354931,
      "q" : "392",
      "p" : "0.025339",
      "s" : "buy",
      "i" : "IDEX_USD",
      "m" : "4611686018429904164"
    }, {
      "d" : "1756419779408970619",
      "t" : 1756419779408,
      "tn" : 1756419779408970617,
      "q" : "3620",
      "p" : "0.025354",
      "s" : "buy",
      "i" : "IDEX_USD",
      "m" : "4611686018429904163"
    }, {
      "d" : "1756419779408970618",
      "t" : 1756419779408,
      "tn" : 1756419779408970617,
      "q" : "4131",
      "p" : "0.025354",
      "s" : "buy",
      "i" : "IDEX_USD",
      "m" : "4611686018429904163"
    }, {
      "d" : "1756419779408970617",
      "t" : 1756419779408,
      "tn" : 1756419779408970617,
      "q" : "4206",
      "p" : "0.025354",
      "s" : "buy",
      "i" : "IDEX_USD",
      "m" : "4611686018429904163"
    }, {
      "d" : "1756419759297740509",
      "t" : 1756419759297,
      "tn" : 1756419759297740509,
      "q" : "2712",
      "p" : "0.025300",
      "s" : "sell",
      "i" : "IDEX_USD",
      "m" : "4611686018429904162"
    }, {
      "d" : "1756417464419005365",
      "t" : 1756417464419,
      "tn" : 1756417464419005365,
      "q" : "661",
      "p" : "0.025223",
      "s" : "buy",
      "i" : "IDEX_USD",
      "m" : "4611686018429904161"
    }, {
      "d" : "1756417384527916258",
      "t" : 1756417384527,
      "tn" : 1756417384527916258,
      "q" : "377",
      "p" : "0.025138",
      "s" : "sell",
      "i" : "IDEX_USD",
      "m" : "4611686018429904160"
    }, {
      "d" : "1756415744698092878",
      "t" : 1756415744698,
      "tn" : 1756415744698092878,
      "q" : "7145",
      "p" : "0.024959",
      "s" : "buy",
      "i" : "IDEX_USD",
      "m" : "4611686018429904159"
    }, {
      "d" : "1756415744694349971",
      "t" : 1756415744694,
      "tn" : 1756415744694349971,
      "q" : "1277",
      "p" : "0.024959",
      "s" : "sell",
      "i" : "IDEX_USD",
      "m" : "4611686018429904158"
    }, {
      "d" : "1756414325342083221",
      "t" : 1756414325342,
      "tn" : 1756414325342083221,
      "q" : "800",
      "p" : "0.024850",
      "s" : "sell",
      "i" : "IDEX_USD",
      "m" : "4611686018429904157"
    }, {
      "d" : "1756412011113939525",
      "t" : 1756412011113,
      "tn" : 1756412011113939525,
      "q" : "868",
      "p" : "0.024938",
      "s" : "buy",
      "i" : "IDEX_USD",
      "m" : "4611686018429904156"
    }, {
      "d" : "1756412011048130916",
      "t" : 1756412011048,
      "tn" : 1756412011048130916,
      "q" : "6137",
      "p" : "0.024915",
      "s" : "buy",
      "i" : "IDEX_USD",
      "m" : "4611686018429904155"
    }, {
      "d" : "1756411298667469480",
      "t" : 1756411298667,
      "tn" : 1756411298667469480,
      "q" : "502",
      "p" : "0.024868",
      "s" : "sell",
      "i" : "IDEX_USD",
      "m" : "4611686018429904154"
    }, {
      "d" : "1756411213525194289",
      "t" : 1756411213525,
      "tn" : 1756411213525194289,
      "q" : "663",
      "p" : "0.024916",
      "s" : "sell",
      "i" : "IDEX_USD",
      "m" : "4611686018429904153"
    }, {
      "d" : "1756411199562064882",
      "t" : 1756411199562,
      "tn" : 1756411199562064882,
      "q" : "736",
      "p" : "0.024999",
      "s" : "sell",
      "i" : "IDEX_USD",
      "m" : "4611686018429904152"
    }, {
      "d" : "1756411199562062327",
      "t" : 1756411199562,
      "tn" : 1756411199562062327,
      "q" : "994",
      "p" : "0.025000",
      "s" : "sell",
      "i" : "IDEX_USD",
      "m" : "4611686018429904151"
    }, {
      "d" : "1756402360589233445",
      "t" : 1756402360589,
      "tn" : 1756402360589233445,
      "q" : "444",
      "p" : "0.025160",
      "s" : "sell",
      "i" : "IDEX_USD",
      "m" : "4611686018429904150"
    }, {
      "d" : "1756400456468558138",
      "t" : 1756400456468,
      "tn" : 1756400456468558138,
      "q" : "1403",
      "p" : "0.025101",
      "s" : "sell",
      "i" : "IDEX_USD",
      "m" : "4611686018429904149"
    }, {
      "d" : "1756398472537640753",
      "t" : 1756398472537,
      "tn" : 1756398472537640753,
      "q" : "1086",
      "p" : "0.025281",
      "s" : "buy",
      "i" : "IDEX_USD",
      "m" : "4611686018429904148"
    }, {
      "d" : "1756398472533565529",
      "t" : 1756398472533,
      "tn" : 1756398472533565529,
      "q" : "1414",
      "p" : "0.025281",
      "s" : "sell",
      "i" : "IDEX_USD",
      "m" : "4611686018429904147"
    }, {
      "d" : "1756396952246924390",
      "t" : 1756396952246,
      "tn" : 1756396952246924390,
      "q" : "2655",
      "p" : "0.025140",
      "s" : "sell",
      "i" : "IDEX_USD",
      "m" : "4611686018429904146"
    }, {
      "d" : "1756396729679890894",
      "t" : 1756396729679,
      "tn" : 1756396729679890894,
      "q" : "655",
      "p" : "0.025223",
      "s" : "sell",
      "i" : "IDEX_USD",
      "m" : "4611686018429904145"
    }, {
      "d" : "1756396703924228288",
      "t" : 1756396703924,
      "tn" : 1756396703924228288,
      "q" : "14970",
      "p" : "0.025224",
      "s" : "sell",
      "i" : "IDEX_USD",
      "m" : "4611686018429904144"
    }, {
      "d" : "1756396668225896267",
      "t" : 1756396668225,
      "tn" : 1756396668225896267,
      "q" : "2123",
      "p" : "0.025346",
      "s" : "buy",
      "i" : "IDEX_USD",
      "m" : "4611686018429904143"
    }, {
      "d" : "1756395508810197263",
      "t" : 1756395508810,
      "tn" : 1756395508810197261,
      "q" : "3813",
      "p" : "0.025329",
      "s" : "sell",
      "i" : "IDEX_USD",
      "m" : "4611686018429904142"
    }, {
      "d" : "1756395508810197262",
      "t" : 1756395508810,
      "tn" : 1756395508810197261,
      "q" : "4076",
      "p" : "0.025329",
      "s" : "sell",
      "i" : "IDEX_USD",
      "m" : "4611686018429904142"
    }, {
      "d" : "1756395508810197261",
      "t" : 1756395508810,
      "tn" : 1756395508810197261,
      "q" : "3620",
      "p" : "0.025329",
      "s" : "sell",
      "i" : "IDEX_USD",
      "m" : "4611686018429904142"
    }, {
      "d" : "1756395508810192483",
      "t" : 1756395508810,
      "tn" : 1756395508810192483,
      "q" : "780",
      "p" : "0.025330",
      "s" : "sell",
      "i" : "IDEX_USD",
      "m" : "4611686018429904141"
    }, {
      "d" : "1756395174925726921",
      "t" : 1756395174925,
      "tn" : 1756395174925726921,
      "q" : "610",
      "p" : "0.025431",
      "s" : "sell",
      "i" : "IDEX_USD",
      "m" : "4611686018429904140"
    }, {
      "d" : "1756394906878968274",
      "t" : 1756394906878,
      "tn" : 1756394906878968274,
      "q" : "647",
      "p" : "0.025531",
      "s" : "sell",
      "i" : "IDEX_USD",
      "m" : "4611686018429904139"
    }, {
      "d" : "1756394906878965490",
      "t" : 1756394906878,
      "tn" : 1756394906878965490,
      "q" : "646",
      "p" : "0.025551",
      "s" : "sell",
      "i" : "IDEX_USD",
      "m" : "4611686018429904138"
    }, {
      "d" : "1756394906878962859",
      "t" : 1756394906878,
      "tn" : 1756394906878962859,
      "q" : "780",
      "p" : "0.025552",
      "s" : "sell",
      "i" : "IDEX_USD",
      "m" : "4611686018429904137"
    }, {
      "d" : "1756394906877964293",
      "t" : 1756394906877,
      "tn" : 1756394906877964291,
      "q" : "3199",
      "p" : "0.025590",
      "s" : "sell",
      "i" : "IDEX_USD",
      "m" : "4611686018429904136"
    }, {
      "d" : "1756394906877964292",
      "t" : 1756394906877,
      "tn" : 1756394906877964291,
      "q" : "3631",
      "p" : "0.025590",
      "s" : "sell",
      "i" : "IDEX_USD",
      "m" : "4611686018429904136"
    }, {
      "d" : "1756394906877964291",
      "t" : 1756394906877,
      "tn" : 1756394906877964291,
      "q" : "4131",
      "p" : "0.025590",
      "s" : "sell",
      "i" : "IDEX_USD",
      "m" : "4611686018429904136"
    }, {
      "d" : "1756394663847266415",
      "t" : 1756394663847,
      "tn" : 1756394663847266415,
      "q" : "2583",
      "p" : "0.025841",
      "s" : "sell",
      "i" : "IDEX_USD",
      "m" : "4611686018429904135"
    }, {
      "d" : "1756390585518615304",
      "t" : 1756390585518,
      "tn" : 1756390585518615304,
      "q" : "500",
      "p" : "0.025937",
      "s" : "sell",
      "i" : "IDEX_USD",
      "m" : "4611686018429904134"
    }, {
      "d" : "1756389979129833939",
      "t" : 1756389979129,
      "tn" : 1756389979129833939,
      "q" : "1641",
      "p" : "0.026046",
      "s" : "sell",
      "i" : "IDEX_USD",
      "m" : "4611686018429904133"
    }, {
      "d" : "1756389098216144629",
      "t" : 1756389098216,
      "tn" : 1756389098216144629,
      "q" : "1376",
      "p" : "0.026014",
      "s" : "sell",
      "i" : "IDEX_USD",
      "m" : "4611686018429904132"
    }, {
      "d" : "1756389098214389172",
      "t" : 1756389098214,
      "tn" : 1756389098214389172,
      "q" : "1217",
      "p" : "0.026014",
      "s" : "buy",
      "i" : "IDEX_USD",
      "m" : "4611686018429904131"
    }, {
      "d" : "1756388432456854159",
      "t" : 1756388432456,
      "tn" : 1756388432456854159,
      "q" : "1588",
      "p" : "0.025965",
      "s" : "sell",
      "i" : "IDEX_USD",
      "m" : "4611686018429904130"
    }, {
      "d" : "1756388050117489624",
      "t" : 1756388050117,
      "tn" : 1756388050117489624,
      "q" : "399",
      "p" : "0.026007",
      "s" : "sell",
      "i" : "IDEX_USD",
      "m" : "4611686018429904129"
    }, {
      "d" : "1756388050115685264",
      "t" : 1756388050115,
      "tn" : 1756388050115685264,
      "q" : "396",
      "p" : "0.026007",
      "s" : "sell",
      "i" : "IDEX_USD",
      "m" : "4611686018429904128"
    }, {
      "d" : "1756388025290950110",
      "t" : 1756388025290,
      "tn" : 1756388025290950110,
      "q" : "4206",
      "p" : "0.026046",
      "s" : "sell",
      "i" : "IDEX_USD",
      "m" : "4611686018429904127"
    }, {
      "d" : "1756388002976593908",
      "t" : 1756388002976,
      "tn" : 1756388002976593908,
      "q" : "631",
      "p" : "0.026148",
      "s" : "sell",
      "i" : "IDEX_USD",
      "m" : "4611686018429904126"
    }, {
      "d" : "1756388002976590939",
      "t" : 1756388002976,
      "tn" : 1756388002976590939,
      "q" : "22928",
      "p" : "0.026167",
      "s" : "sell",
      "i" : "IDEX_USD",
      "m" : "4611686018429904125"
    }, {
      "d" : "1756387385031173704",
      "t" : 1756387385031,
      "tn" : 1756387385031173704,
      "q" : "598",
      "p" : "0.026425",
      "s" : "sell",
      "i" : "IDEX_USD",
      "m" : "4611686018429904124"
    }, {
      "d" : "1756386845403006475",
      "t" : 1756386845403,
      "tn" : 1756386845403006475,
      "q" : "1847",
      "p" : "0.026670",
      "s" : "buy",
      "i" : "IDEX_USD",
      "m" : "4611686018429904123"
    }, {
      "d" : "1756386845403004313",
      "t" : 1756386845403,
      "tn" : 1756386845403004313,
      "q" : "4283",
      "p" : "0.026669",
      "s" : "buy",
      "i" : "IDEX_USD",
      "m" : "4611686018429904122"
    }, {
      "d" : "1756386541074264485",
      "t" : 1756386541074,
      "tn" : 1756386541074264485,
      "q" : "730",
      "p" : "0.026670",
      "s" : "buy",
      "i" : "IDEX_USD",
      "m" : "4611686018429904121"
    }, {
      "d" : "1756386540216623184",
      "t" : 1756386540216,
      "tn" : 1756386540216623184,
      "q" : "631",
      "p" : "0.026575",
      "s" : "sell",
      "i" : "IDEX_USD",
      "m" : "4611686018429904120"
    }, {
      "d" : "1756386537926429455",
      "t" : 1756386537926,
      "tn" : 1756386537926429455,
      "q" : "770",
      "p" : "0.026667",
      "s" : "buy",
      "i" : "IDEX_USD",
      "m" : "4611686018429904119"
    }, {
      "d" : "1756385868921933008",
      "t" : 1756385868921,
      "tn" : 1756385868921933008,
      "q" : "4129",
      "p" : "0.026530",
      "s" : "buy",
      "i" : "IDEX_USD",
      "m" : "4611686018429904118"
    }, {
      "d" : "1756385865038004889",
      "t" : 1756385865038,
      "tn" : 1756385865038004889,
      "q" : "629",
      "p" : "0.026456",
      "s" : "buy",
      "i" : "IDEX_USD",
      "m" : "4611686018429904117"
    }, {
      "d" : "1756385681150384199",
      "t" : 1756385681150,
      "tn" : 1756385681150384199,
      "q" : "391",
      "p" : "0.026406",
      "s" : "sell",
      "i" : "IDEX_USD",
      "m" : "4611686018429904116"
    }, {
      "d" : "1756385681150381847",
      "t" : 1756385681150,
      "tn" : 1756385681150381847,
      "q" : "492",
      "p" : "0.026407",
      "s" : "sell",
      "i" : "IDEX_USD",
      "m" : "4611686018429904115"
    }, {
      "d" : "1756384717853910163",
      "t" : 1756384717853,
      "tn" : 1756384717853910163,
      "q" : "492",
      "p" : "0.026185",
      "s" : "buy",
      "i" : "IDEX_USD",
      "m" : "4611686018429904114"
    }, {
      "d" : "1756383299000152366",
      "t" : 1756383299000,
      "tn" : 1756383299000152366,
      "q" : "28064",
      "p" : "0.026058",
      "s" : "buy",
      "i" : "IDEX_USD",
      "m" : "4611686018429904113"
    }, {
      "d" : "1756383299000150429",
      "t" : 1756383299000,
      "tn" : 1756383299000150429,
      "q" : "4176",
      "p" : "0.026057",
      "s" : "buy",
      "i" : "IDEX_USD",
      "m" : "4611686018429904112"
    }, {
      "d" : "1756381495445672688",
      "t" : 1756381495445,
      "tn" : 1756381495445672688,
      "q" : "1755",
      "p" : "0.025856",
      "s" : "sell",
      "i" : "IDEX_USD",
      "m" : "4611686018429904111"
    }, {
      "d" : "1756381055774202744",
      "t" : 1756381055774,
      "tn" : 1756381055774202744,
      "q" : "400",
      "p" : "0.025936",
      "s" : "sell",
      "i" : "IDEX_USD",
      "m" : "4611686018429904110"
    }, {
      "d" : "1756380212787156221",
      "t" : 1756380212787,
      "tn" : 1756380212787156221,
      "q" : "11392",
      "p" : "0.026136",
      "s" : "sell",
      "i" : "IDEX_USD",
      "m" : "4611686018429904109"
    }, {
      "d" : "1756380212787154061",
      "t" : 1756380212787,
      "tn" : 1756380212787154061,
      "q" : "533",
      "p" : "0.026137",
      "s" : "sell",
      "i" : "IDEX_USD",
      "m" : "4611686018429904108"
    }, {
      "d" : "1756378242381676527",
      "t" : 1756378242381,
      "tn" : 1756378242381676527,
      "q" : "1622",
      "p" : "0.026260",
      "s" : "buy",
      "i" : "IDEX_USD",
      "m" : "4611686018429904107"
    }, {
      "d" : "1756376356483119759",
      "t" : 1756376356483,
      "tn" : 1756376356483119759,
      "q" : "533",
      "p" : "0.026195",
      "s" : "buy",
      "i" : "IDEX_USD",
      "m" : "4611686018429904106"
    }, {
      "d" : "1756375681470045753",
      "t" : 1756375681470,
      "tn" : 1756375681470045753,
      "q" : "770",
      "p" : "0.026385",
      "s" : "buy",
      "i" : "IDEX_USD",
      "m" : "4611686018429904105"
    }, {
      "d" : "1756375666491770639",
      "t" : 1756375666491,
      "tn" : 1756375666491770639,
      "q" : "2126",
      "p" : "0.026325",
      "s" : "sell",
      "i" : "IDEX_USD",
      "m" : "4611686018429904104"
    }, {
      "d" : "1756375562464113611",
      "t" : 1756375562464,
      "tn" : 1756375562464113611,
      "q" : "7129",
      "p" : "0.026266",
      "s" : "sell",
      "i" : "IDEX_USD",
      "m" : "4611686018429904103"
    }, {
      "d" : "1756375562410038263",
      "t" : 1756375562410,
      "tn" : 1756375562410038263,
      "q" : "7129",
      "p" : "0.026266",
      "s" : "sell",
      "i" : "IDEX_USD",
      "m" : "4611686018429904102"
    } ]
  }
}