{
  "id" : -1,
  "method" : "public/get-trades",
  "code" : 0,
  "result" : {
    "data" : [ {
      "d" : "1756459104354220055",
      "t" : 1756459104354,
      "tn" : 1756459104354220055,
      "q" : "310",
      "p" : "0.032072",
      "s" : "buy",
      "i" : "IKA_USD",
      "m" : "4611686018427395673"
    }, {
      "d" : "1756459104354217253",
      "t" : 1756459104354,
      "tn" : 1756459104354217253,
      "q" : "7600",
      "p" : "0.032066",
      "s" : "buy",
      "i" : "IKA_USD",
      "m" : "4611686018427395672"
    }, {
      "d" : "1756458720712030194",
      "t" : 1756458720712,
      "tn" : 1756458720712030194,
      "q" : "8840",
      "p" : "0.032120",
      "s" : "buy",
      "i" : "IKA_USD",
      "m" : "4611686018427395671"
    }, {
      "d" : "1756458434982648944",
      "t" : 1756458434982,
      "tn" : 1756458434982648944,
      "q" : "310",
      "p" : "0.032160",
      "s" : "sell",
      "i" : "IKA_USD",
      "m" : "4611686018427395670"
    }, {
      "d" : "1756454346746080510",
      "t" : 1756454346746,
      "tn" : 1756454346746080510,
      "q" : "30800",
      "p" : "0.032475",
      "s" : "sell",
      "i" : "IKA_USD",
      "m" : "4611686018427395669"
    }, {
      "d" : "1756448989169217390",
      "t" : 1756448989169,
      "tn" : 1756448989169217390,
      "q" : "300",
      "p" : "0.033013",
      "s" : "sell",
      "i" : "IKA_USD",
      "m" : "4611686018427395668"
    }, {
      "d" : "1756448160077348803",
      "t" : 1756448160077,
      "tn" : 1756448160077348803,
      "q" : "300",
      "p" : "0.033110",
      "s" : "sell",
      "i" : "IKA_USD",
      "m" : "4611686018427395667"
    }, {
      "d" : "1756446009664222294",
      "t" : 1756446009664,
      "tn" : 1756446009664222294,
      "q" : "700",
      "p" : "0.033182",
      "s" : "buy",
      "i" : "IKA_USD",
      "m" : "4611686018427395666"
    }, {
      "d" : "1756446009664220227",
      "t" : 1756446009664,
      "tn" : 1756446009664220227,
      "q" : "300",
      "p" : "0.033178",
      "s" : "buy",
      "i" : "IKA_USD",
      "m" : "4611686018427395665"
    }, {
      "d" : "1756446005111448293",
      "t" : 1756446005111,
      "tn" : 1756446005111448293,
      "q" : "700",
      "p" : "0.033182",
      "s" : "buy",
      "i" : "IKA_USD",
      "m" : "4611686018427395664"
    }, {
      "d" : "1756446005111445506",
      "t" : 1756446005111,
      "tn" : 1756446005111445506,
      "q" : "300",
      "p" : "0.033179",
      "s" : "buy",
      "i" : "IKA_USD",
      "m" : "4611686018427395663"
    }, {
      "d" : "1756444045667450099",
      "t" : 1756444045667,
      "tn" : 1756444045667450099,
      "q" : "290",
      "p" : "0.033399",
      "s" : "buy",
      "i" : "IKA_USD",
      "m" : "4611686018427395662"
    }, {
      "d" : "1756441120116552038",
      "t" : 1756441120116,
      "tn" : 1756441120116552038,
      "q" : "710",
      "p" : "0.033499",
      "s" : "buy",
      "i" : "IKA_USD",
      "m" : "4611686018427395661"
    }, {
      "d" : "1756441120116549793",
      "t" : 1756441120116,
      "tn" : 1756441120116549793,
      "q" : "290",
      "p" : "0.033480",
      "s" : "buy",
      "i" : "IKA_USD",
      "m" : "4611686018427395660"
    }, {
      "d" : "1756441017562846896",
      "t" : 1756441017562,
      "tn" : 1756441017562846896,
      "q" : "710",
      "p" : "0.033499",
      "s" : "buy",
      "i" : "IKA_USD",
      "m" : "4611686018427395659"
    }, {
      "d" : "1756441017562844056",
      "t" : 1756441017562,
      "tn" : 1756441017562844056,
      "q" : "290",
      "p" : "0.033486",
      "s" : "buy",
      "i" : "IKA_USD",
      "m" : "4611686018427395658"
    }, {
      "d" : "1756439992012205655",
      "t" : 1756439992012,
      "tn" : 1756439992012205655,
      "q" : "290",
      "p" : "0.033481",
      "s" : "sell",
      "i" : "IKA_USD",
      "m" : "4611686018427395657"
    }, {
      "d" : "1756439211590301625",
      "t" : 1756439211590,
      "tn" : 1756439211590301624,
      "q" : "7620",
      "p" : "0.033424",
      "s" : "buy",
      "i" : "IKA_USD",
      "m" : "4611686018427395656"
    }, {
      "d" : "1756439211590301624",
      "t" : 1756439211590,
      "tn" : 1756439211590301624,
      "q" : "290",
      "p" : "0.033424",
      "s" : "buy",
      "i" : "IKA_USD",
      "m" : "4611686018427395656"
    }, {
      "d" : "1756438714166173875",
      "t" : 1756438714166,
      "tn" : 1756438714166173875,
      "q" : "880",
      "p" : "0.033496",
      "s" : "sell",
      "i" : "IKA_USD",
      "m" : "4611686018427395655"
    }, {
      "d" : "1756438714157831437",
      "t" : 1756438714157,
      "tn" : 1756438714157831437,
      "q" : "290",
      "p" : "0.033496",
      "s" : "buy",
      "i" : "IKA_USD",
      "m" : "4611686018427395654"
    }, {
      "d" : "1756438278803608318",
      "t" : 1756438278803,
      "tn" : 1756438278803608318,
      "q" : "1060",
      "p" : "0.033454",
      "s" : "buy",
      "i" : "IKA_USD",
      "m" : "4611686018427395653"
    }, {
      "d" : "1756438138749224745",
      "t" : 1756438138749,
      "tn" : 1756438138749224745,
      "q" : "1000",
      "p" : "0.033386",
      "s" : "buy",
      "i" : "IKA_USD",
      "m" : "4611686018427395652"
    }, {
      "d" : "1756438133557616819",
      "t" : 1756438133557,
      "tn" : 1756438133557616819,
      "q" : "1000",
      "p" : "0.033443",
      "s" : "buy",
      "i" : "IKA_USD",
      "m" : "4611686018427395651"
    }, {
      "d" : "1756438114218242934",
      "t" : 1756438114218,
      "tn" : 1756438114218242934,
      "q" : "1000",
      "p" : "0.033458",
      "s" : "buy",
      "i" : "IKA_USD",
      "m" : "4611686018427395650"
    }, {
      "d" : "1756438109779262244",
      "t" : 1756438109779,
      "tn" : 1756438109779262244,
      "q" : "1000",
      "p" : "0.033458",
      "s" : "buy",
      "i" : "IKA_USD",
      "m" : "4611686018427395649"
    }, {
      "d" : "1756438104042405486",
      "t" : 1756438104042,
      "tn" : 1756438104042405485,
      "q" : "710",
      "p" : "0.033458",
      "s" : "buy",
      "i" : "IKA_USD",
      "m" : "4611686018427395648"
    }, {
      "d" : "1756438104042405485",
      "t" : 1756438104042,
      "tn" : 1756438104042405485,
      "q" : "290",
      "p" : "0.033458",
      "s" : "buy",
      "i" : "IKA_USD",
      "m" : "4611686018427395648"
    }, {
      "d" : "1756438098847325457",
      "t" : 1756438098847,
      "tn" : 1756438098847325457,
      "q" : "1000",
      "p" : "0.033458",
      "s" : "buy",
      "i" : "IKA_USD",
      "m" : "4611686018427395647"
    }, {
      "d" : "1756438089658949687",
      "t" : 1756438089658,
      "tn" : 1756438089658949687,
      "q" : "1000",
      "p" : "0.033458",
      "s" : "buy",
      "i" : "IKA_USD",
      "m" : "4611686018427395646"
    }, {
      "d" : "1756438081777754594",
      "t" : 1756438081777,
      "tn" : 1756438081777754594,
      "q" : "1000",
      "p" : "0.033458",
      "s" : "buy",
      "i" : "IKA_USD",
      "m" : "4611686018427395645"
    }, {
      "d" : "1756438073459588721",
      "t" : 1756438073459,
      "tn" : 1756438073459588721,
      "q" : "1000",
      "p" : "0.033458",
      "s" : "buy",
      "i" : "IKA_USD",
      "m" : "4611686018427395644"
    }, {
      "d" : "1756437109106221687",
      "t" : 1756437109106,
      "tn" : 1756437109106221687,
      "q" : "120",
      "p" : "0.033416",
      "s" : "buy",
      "i" : "IKA_USD",
      "m" : "4611686018427395643"
    }, {
      "d" : "1756437095105654242",
      "t" : 1756437095105,
      "tn" : 1756437095105654242,
      "q" : "180",
      "p" : "0.033416",
      "s" : "sell",
      "i" : "IKA_USD",
      "m" : "4611686018427395642"
    }, {
      "d" : "1756437024188230166",
      "t" : 1756437024188,
      "tn" : 1756437024188230166,
      "q" : "110",
      "p" : "0.033416",
      "s" : "sell",
      "i" : "IKA_USD",
      "m" : "4611686018427395641"
    }, {
      "d" : "1756434284866852670",
      "t" : 1756434284866,
      "tn" : 1756434284866852670,
      "q" : "290",
      "p" : "0.033524",
      "s" : "buy",
      "i" : "IKA_USD",
      "m" : "4611686018427395640"
    }, {
      "d" : "1756434284866848878",
      "t" : 1756434284866,
      "tn" : 1756434284866848878,
      "q" : "6560",
      "p" : "0.033517",
      "s" : "buy",
      "i" : "IKA_USD",
      "m" : "4611686018427395639"
    }, {
      "d" : "1756431714661662785",
      "t" : 1756431714661,
      "tn" : 1756431714661662785,
      "q" : "6470",
      "p" : "0.033227",
      "s" : "buy",
      "i" : "IKA_USD",
      "m" : "4611686018427395638"
    }, {
      "d" : "1756431714655975990",
      "t" : 1756431714655,
      "tn" : 1756431714655975990,
      "q" : "2220",
      "p" : "0.033211",
      "s" : "buy",
      "i" : "IKA_USD",
      "m" : "4611686018427395637"
    }, {
      "d" : "1756410027723391759",
      "t" : 1756410027723,
      "tn" : 1756410027723391759,
      "q" : "300",
      "p" : "0.033156",
      "s" : "buy",
      "i" : "IKA_USD",
      "m" : "4611686018427395636"
    }, {
      "d" : "1756405350465300384",
      "t" : 1756405350465,
      "tn" : 1756405350465300384,
      "q" : "2210",
      "p" : "0.033396",
      "s" : "buy",
      "i" : "IKA_USD",
      "m" : "4611686018427395635"
    }, {
      "d" : "1756405350465297750",
      "t" : 1756405350465,
      "tn" : 1756405350465297750,
      "q" : "290",
      "p" : "0.033388",
      "s" : "buy",
      "i" : "IKA_USD",
      "m" : "4611686018427395634"
    }, {
      "d" : "1756396154668451468",
      "t" : 1756396154668,
      "tn" : 1756396154668451468,
      "q" : "320",
      "p" : "0.033300",
      "s" : "sell",
      "i" : "IKA_USD",
      "m" : "4611686018427395633"
    }, {
      "d" : "1756395508674316406",
      "t" : 1756395508674,
      "tn" : 1756395508674316406,
      "q" : "7520",
      "p" : "0.033525",
      "s" : "buy",
      "i" : "IKA_USD",
      "m" : "4611686018427395632"
    }, {
      "d" : "1756394923760280742",
      "t" : 1756394923760,
      "tn" : 1756394923760280742,
      "q" : "7590",
      "p" : "0.033457",
      "s" : "buy",
      "i" : "IKA_USD",
      "m" : "4611686018427395631"
    }, {
      "d" : "1756394919393093918",
      "t" : 1756394919393,
      "tn" : 1756394919393093918,
      "q" : "7900",
      "p" : "0.033440",
      "s" : "sell",
      "i" : "IKA_USD",
      "m" : "4611686018427395630"
    }, {
      "d" : "1756394919388321017",
      "t" : 1756394919388,
      "tn" : 1756394919388321017,
      "q" : "1010",
      "p" : "0.033440",
      "s" : "sell",
      "i" : "IKA_USD",
      "m" : "4611686018427395629"
    }, {
      "d" : "1756394919388318557",
      "t" : 1756394919388,
      "tn" : 1756394919388318557,
      "q" : "290",
      "p" : "0.033483",
      "s" : "sell",
      "i" : "IKA_USD",
      "m" : "4611686018427395628"
    }, {
      "d" : "1756394887871922015",
      "t" : 1756394887871,
      "tn" : 1756394887871922015,
      "q" : "290",
      "p" : "0.033562",
      "s" : "sell",
      "i" : "IKA_USD",
      "m" : "4611686018427395627"
    }, {
      "d" : "1756394767881382318",
      "t" : 1756394767881,
      "tn" : 1756394767881382318,
      "q" : "12110",
      "p" : "0.033576",
      "s" : "sell",
      "i" : "IKA_USD",
      "m" : "4611686018427395626"
    }, {
      "d" : "1756394767881379818",
      "t" : 1756394767881,
      "tn" : 1756394767881379818,
      "q" : "290",
      "p" : "0.033592",
      "s" : "sell",
      "i" : "IKA_USD",
      "m" : "4611686018427395625"
    }, {
      "d" : "1756394647769197327",
      "t" : 1756394647769,
      "tn" : 1756394647769197327,
      "q" : "290",
      "p" : "0.033748",
      "s" : "sell",
      "i" : "IKA_USD",
      "m" : "4611686018427395624"
    }, {
      "d" : "1756393378217415018",
      "t" : 1756393378217,
      "tn" : 1756393378217415018,
      "q" : "2360",
      "p" : "0.033951",
      "s" : "buy",
      "i" : "IKA_USD",
      "m" : "4611686018427395623"
    }, {
      "d" : "1756393378217412636",
      "t" : 1756393378217,
      "tn" : 1756393378217412636,
      "q" : "290",
      "p" : "0.033947",
      "s" : "buy",
      "i" : "IKA_USD",
      "m" : "4611686018427395622"
    }, {
      "d" : "1756393138142679704",
      "t" : 1756393138142,
      "tn" : 1756393138142679704,
      "q" : "8000",
      "p" : "0.033970",
      "s" : "buy",
      "i" : "IKA_USD",
      "m" : "4611686018427395621"
    }, {
      "d" : "1756393138142520654",
      "t" : 1756393138142,
      "tn" : 1756393138142520654,
      "q" : "8420",
      "p" : "0.033970",
      "s" : "buy",
      "i" : "IKA_USD",
      "m" : "4611686018427395620"
    }, {
      "d" : "1756393138135870276",
      "t" : 1756393138135,
      "tn" : 1756393138135870276,
      "q" : "290",
      "p" : "0.033916",
      "s" : "buy",
      "i" : "IKA_USD",
      "m" : "4611686018427395619"
    }, {
      "d" : "1756392898057462173",
      "t" : 1756392898057,
      "tn" : 1756392898057462173,
      "q" : "2660",
      "p" : "0.033788",
      "s" : "buy",
      "i" : "IKA_USD",
      "m" : "4611686018427395618"
    }, {
      "d" : "1756392898050150204",
      "t" : 1756392898050,
      "tn" : 1756392898050150204,
      "q" : "290",
      "p" : "0.033749",
      "s" : "buy",
      "i" : "IKA_USD",
      "m" : "4611686018427395617"
    }, {
      "d" : "1756390946234235155",
      "t" : 1756390946234,
      "tn" : 1756390946234235155,
      "q" : "300",
      "p" : "0.033750",
      "s" : "buy",
      "i" : "IKA_USD",
      "m" : "4611686018427395616"
    }, {
      "d" : "1756387250727994009",
      "t" : 1756387250727,
      "tn" : 1756387250727994009,
      "q" : "290",
      "p" : "0.033660",
      "s" : "buy",
      "i" : "IKA_USD",
      "m" : "4611686018427395615"
    }, {
      "d" : "1756383217477984577",
      "t" : 1756383217477,
      "tn" : 1756383217477984577,
      "q" : "170",
      "p" : "0.033394",
      "s" : "buy",
      "i" : "IKA_USD",
      "m" : "4611686018427395614"
    }, {
      "d" : "1756377170230844050",
      "t" : 1756377170230,
      "tn" : 1756377170230844050,
      "q" : "4520",
      "p" : "0.033417",
      "s" : "buy",
      "i" : "IKA_USD",
      "m" : "4611686018427395613"
    }, {
      "d" : "1756377170228432358",
      "t" : 1756377170228,
      "tn" : 1756377170228432358,
      "q" : "290",
      "p" : "0.033384",
      "s" : "buy",
      "i" : "IKA_USD",
      "m" : "4611686018427395612"
    }, {
      "d" : "1756375664863797231",
      "t" : 1756375664863,
      "tn" : 1756375664863797231,
      "q" : "2300",
      "p" : "0.033394",
      "s" : "buy",
      "i" : "IKA_USD",
      "m" : "4611686018427395611"
    }, {
      "d" : "1756374958312979186",
      "t" : 1756374958312,
      "tn" : 1756374958312979186,
      "q" : "2470",
      "p" : "0.033270",
      "s" : "buy",
      "i" : "IKA_USD",
      "m" : "4611686018427395610"
    } ]
  }
}