{
  "id" : -1,
  "method" : "public/get-trades",
  "code" : 0,
  "result" : {
    "data" : [ {
      "d" : "1756458151442912679",
      "t" : 1756458151442,
      "tn" : 1756458151442912679,
      "q" : "0.081",
      "p" : "13.976",
      "s" : "buy",
      "i" : "ILV_USDT",
      "m" : "4611686018430426840"
    }, {
      "d" : "1756452901754263282",
      "t" : 1756452901754,
      "tn" : 1756452901754263282,
      "q" : "0.081",
      "p" : "14.277",
      "s" : "buy",
      "i" : "ILV_USDT",
      "m" : "4611686018430426839"
    }, {
      "d" : "1756452863741377279",
      "t" : 1756452863741,
      "tn" : 1756452863741377279,
      "q" : "0.081",
      "p" : "14.282",
      "s" : "buy",
      "i" : "ILV_USDT",
      "m" : "4611686018430426838"
    }, {
      "d" : "1756450710891687285",
      "t" : 1756450710891,
      "tn" : 1756450710891687285,
      "q" : "0.081",
      "p" : "14.516",
      "s" : "buy",
      "i" : "ILV_USDT",
      "m" : "4611686018430426837"
    }, {
      "d" : "1756449392772747113",
      "t" : 1756449392772,
      "tn" : 1756449392772747113,
      "q" : "0.081",
      "p" : "14.494",
      "s" : "buy",
      "i" : "ILV_USDT",
      "m" : "4611686018430426836"
    }, {
      "d" : "1756444747285204413",
      "t" : 1756444747285,
      "tn" : 1756444747285204413,
      "q" : "0.081",
      "p" : "14.603",
      "s" : "buy",
      "i" : "ILV_USDT",
      "m" : "4611686018430426835"
    }, {
      "d" : "1756432889530176204",
      "t" : 1756432889530,
      "tn" : 1756432889530176204,
      "q" : "0.081",
      "p" : "14.632",
      "s" : "buy",
      "i" : "ILV_USDT",
      "m" : "4611686018430426834"
    }, {
      "d" : "1756432853441925884",
      "t" : 1756432853441,
      "tn" : 1756432853441925884,
      "q" : "0.081",
      "p" : "14.633",
      "s" : "buy",
      "i" : "ILV_USDT",
      "m" : "4611686018430426833"
    }, {
      "d" : "1756431199740465644",
      "t" : 1756431199740,
      "tn" : 1756431199740465644,
      "q" : "0.081",
      "p" : "14.666",
      "s" : "buy",
      "i" : "ILV_USDT",
      "m" : "4611686018430426832"
    }, {
      "d" : "1756431199524849205",
      "t" : 1756431199524,
      "tn" : 1756431199524849205,
      "q" : "0.081",
      "p" : "14.666",
      "s" : "buy",
      "i" : "ILV_USDT",
      "m" : "4611686018430426831"
    }, {
      "d" : "1756431199049316614",
      "t" : 1756431199049,
      "tn" : 1756431199049316614,
      "q" : "0.081",
      "p" : "14.666",
      "s" : "buy",
      "i" : "ILV_USDT",
      "m" : "4611686018430426830"
    }, {
      "d" : "1756431198843187015",
      "t" : 1756431198843,
      "tn" : 1756431198843187015,
      "q" : "0.081",
      "p" : "14.666",
      "s" : "buy",
      "i" : "ILV_USDT",
      "m" : "4611686018430426829"
    }, {
      "d" : "1756431198748113548",
      "t" : 1756431198748,
      "tn" : 1756431198748113548,
      "q" : "0.081",
      "p" : "14.666",
      "s" : "buy",
      "i" : "ILV_USDT",
      "m" : "4611686018430426828"
    }, {
      "d" : "1756431198527541636",
      "t" : 1756431198527,
      "tn" : 1756431198527541636,
      "q" : "0.081",
      "p" : "14.666",
      "s" : "buy",
      "i" : "ILV_USDT",
      "m" : "4611686018430426827"
    }, {
      "d" : "1756431197530140588",
      "t" : 1756431197530,
      "tn" : 1756431197530140588,
      "q" : "0.081",
      "p" : "14.666",
      "s" : "buy",
      "i" : "ILV_USDT",
      "m" : "4611686018430426826"
    }, {
      "d" : "1756431196532691415",
      "t" : 1756431196532,
      "tn" : 1756431196532691415,
      "q" : "0.081",
      "p" : "14.666",
      "s" : "buy",
      "i" : "ILV_USDT",
      "m" : "4611686018430426825"
    }, {
      "d" : "1756427626019908963",
      "t" : 1756427626019,
      "tn" : 1756427626019908963,
      "q" : "10.219",
      "p" : "14.925",
      "s" : "buy",
      "i" : "ILV_USDT",
      "m" : "4611686018430426824"
    }, {
      "d" : "1756427626010150630",
      "t" : 1756427626010,
      "tn" : 1756427626010150630,
      "q" : "0.081",
      "p" : "14.927",
      "s" : "sell",
      "i" : "ILV_USDT",
      "m" : "4611686018430426823"
    }, {
      "d" : "1756427618799178227",
      "t" : 1756427618799,
      "tn" : 1756427618799178227,
      "q" : "6.002",
      "p" : "14.994",
      "s" : "buy",
      "i" : "ILV_USDT",
      "m" : "4611686018430426822"
    }, {
      "d" : "1756427618795910762",
      "t" : 1756427618795,
      "tn" : 1756427618795910762,
      "q" : "10.222",
      "p" : "14.994",
      "s" : "buy",
      "i" : "ILV_USDT",
      "m" : "4611686018430426821"
    }, {
      "d" : "1756427618795909097",
      "t" : 1756427618795,
      "tn" : 1756427618795909097,
      "q" : "0.081",
      "p" : "14.944",
      "s" : "buy",
      "i" : "ILV_USDT",
      "m" : "4611686018430426820"
    }, {
      "d" : "1756427618783473053",
      "t" : 1756427618783,
      "tn" : 1756427618783473053,
      "q" : "0.081",
      "p" : "14.947",
      "s" : "buy",
      "i" : "ILV_USDT",
      "m" : "4611686018430426819"
    }, {
      "d" : "1756427618728455735",
      "t" : 1756427618728,
      "tn" : 1756427618728455735,
      "q" : "0.081",
      "p" : "14.947",
      "s" : "buy",
      "i" : "ILV_USDT",
      "m" : "4611686018430426818"
    }, {
      "d" : "1756427618542657524",
      "t" : 1756427618542,
      "tn" : 1756427618542657524,
      "q" : "0.081",
      "p" : "14.948",
      "s" : "buy",
      "i" : "ILV_USDT",
      "m" : "4611686018430426817"
    }, {
      "d" : "1756427618527660102",
      "t" : 1756427618527,
      "tn" : 1756427618527660102,
      "q" : "0.081",
      "p" : "14.949",
      "s" : "buy",
      "i" : "ILV_USDT",
      "m" : "4611686018430426816"
    }, {
      "d" : "1756427618447491909",
      "t" : 1756427618447,
      "tn" : 1756427618447491909,
      "q" : "0.081",
      "p" : "14.946",
      "s" : "buy",
      "i" : "ILV_USDT",
      "m" : "4611686018430426815"
    }, {
      "d" : "1756427618267369400",
      "t" : 1756427618267,
      "tn" : 1756427618267369400,
      "q" : "0.081",
      "p" : "14.948",
      "s" : "buy",
      "i" : "ILV_USDT",
      "m" : "4611686018430426814"
    }, {
      "d" : "1756427618252333927",
      "t" : 1756427618252,
      "tn" : 1756427618252333927,
      "q" : "0.081",
      "p" : "14.948",
      "s" : "buy",
      "i" : "ILV_USDT",
      "m" : "4611686018430426813"
    }, {
      "d" : "1756427617941291488",
      "t" : 1756427617941,
      "tn" : 1756427617941291488,
      "q" : "0.081",
      "p" : "14.948",
      "s" : "buy",
      "i" : "ILV_USDT",
      "m" : "4611686018430426812"
    }, {
      "d" : "1756427617860463372",
      "t" : 1756427617860,
      "tn" : 1756427617860463372,
      "q" : "0.081",
      "p" : "14.948",
      "s" : "buy",
      "i" : "ILV_USDT",
      "m" : "4611686018430426811"
    }, {
      "d" : "1756400401619820980",
      "t" : 1756400401619,
      "tn" : 1756400401619820980,
      "q" : "0.081",
      "p" : "14.542",
      "s" : "buy",
      "i" : "ILV_USDT",
      "m" : "4611686018430426810"
    }, {
      "d" : "1756400401526835247",
      "t" : 1756400401526,
      "tn" : 1756400401526835247,
      "q" : "0.081",
      "p" : "14.544",
      "s" : "buy",
      "i" : "ILV_USDT",
      "m" : "4611686018430426809"
    }, {
      "d" : "1756400401445645973",
      "t" : 1756400401445,
      "tn" : 1756400401445645973,
      "q" : "0.081",
      "p" : "14.544",
      "s" : "buy",
      "i" : "ILV_USDT",
      "m" : "4611686018430426808"
    }, {
      "d" : "1756400401335491393",
      "t" : 1756400401335,
      "tn" : 1756400401335491393,
      "q" : "0.081",
      "p" : "14.544",
      "s" : "buy",
      "i" : "ILV_USDT",
      "m" : "4611686018430426807"
    }, {
      "d" : "1756400401240303309",
      "t" : 1756400401240,
      "tn" : 1756400401240303309,
      "q" : "0.081",
      "p" : "14.544",
      "s" : "buy",
      "i" : "ILV_USDT",
      "m" : "4611686018430426806"
    }, {
      "d" : "1756400401140087631",
      "t" : 1756400401140,
      "tn" : 1756400401140087631,
      "q" : "0.081",
      "p" : "14.544",
      "s" : "buy",
      "i" : "ILV_USDT",
      "m" : "4611686018430426805"
    }, {
      "d" : "1756400401110149638",
      "t" : 1756400401110,
      "tn" : 1756400401110149638,
      "q" : "0.081",
      "p" : "14.545",
      "s" : "buy",
      "i" : "ILV_USDT",
      "m" : "4611686018430426804"
    }, {
      "d" : "1756400401045055386",
      "t" : 1756400401045,
      "tn" : 1756400401045055386,
      "q" : "0.081",
      "p" : "14.545",
      "s" : "buy",
      "i" : "ILV_USDT",
      "m" : "4611686018430426803"
    }, {
      "d" : "1756400400939980530",
      "t" : 1756400400939,
      "tn" : 1756400400939980530,
      "q" : "0.081",
      "p" : "14.545",
      "s" : "buy",
      "i" : "ILV_USDT",
      "m" : "4611686018430426802"
    }, {
      "d" : "1756400400909977402",
      "t" : 1756400400909,
      "tn" : 1756400400909977402,
      "q" : "0.081",
      "p" : "14.545",
      "s" : "buy",
      "i" : "ILV_USDT",
      "m" : "4611686018430426801"
    }, {
      "d" : "1756400400848920788",
      "t" : 1756400400848,
      "tn" : 1756400400848920788,
      "q" : "0.081",
      "p" : "14.550",
      "s" : "buy",
      "i" : "ILV_USDT",
      "m" : "4611686018430426800"
    }, {
      "d" : "1756400130775299421",
      "t" : 1756400130775,
      "tn" : 1756400130775299421,
      "q" : "5.444",
      "p" : "14.696",
      "s" : "sell",
      "i" : "ILV_USDT",
      "m" : "4611686018430426799"
    }, {
      "d" : "1756400130759236316",
      "t" : 1756400130759,
      "tn" : 1756400130759236316,
      "q" : "13.609",
      "p" : "14.696",
      "s" : "sell",
      "i" : "ILV_USDT",
      "m" : "4611686018430426798"
    }, {
      "d" : "1756400130742050220",
      "t" : 1756400130742,
      "tn" : 1756400130742050220,
      "q" : "25.605",
      "p" : "14.696",
      "s" : "sell",
      "i" : "ILV_USDT",
      "m" : "4611686018430426797"
    }, {
      "d" : "1756400130741659444",
      "t" : 1756400130741,
      "tn" : 1756400130741659444,
      "q" : "6.630",
      "p" : "14.696",
      "s" : "sell",
      "i" : "ILV_USDT",
      "m" : "4611686018430426796"
    }, {
      "d" : "1756400130603460358",
      "t" : 1756400130603,
      "tn" : 1756400130603460358,
      "q" : "7.130",
      "p" : "14.696",
      "s" : "sell",
      "i" : "ILV_USDT",
      "m" : "4611686018430426795"
    }, {
      "d" : "1756400130603458367",
      "t" : 1756400130603,
      "tn" : 1756400130603458366,
      "q" : "4.178",
      "p" : "14.698",
      "s" : "sell",
      "i" : "ILV_USDT",
      "m" : "4611686018430426794"
    }, {
      "d" : "1756400130603458366",
      "t" : 1756400130603,
      "tn" : 1756400130603458366,
      "q" : "4.536",
      "p" : "14.698",
      "s" : "sell",
      "i" : "ILV_USDT",
      "m" : "4611686018430426794"
    }, {
      "d" : "1756398824072659303",
      "t" : 1756398824072,
      "tn" : 1756398824072659303,
      "q" : "0.081",
      "p" : "14.825",
      "s" : "sell",
      "i" : "ILV_USDT",
      "m" : "4611686018430426793"
    }, {
      "d" : "1756398807067885733",
      "t" : 1756398807067,
      "tn" : 1756398807067885733,
      "q" : "0.081",
      "p" : "14.825",
      "s" : "sell",
      "i" : "ILV_USDT",
      "m" : "4611686018430426792"
    }, {
      "d" : "1756398790162497793",
      "t" : 1756398790162,
      "tn" : 1756398790162497793,
      "q" : "0.081",
      "p" : "14.826",
      "s" : "sell",
      "i" : "ILV_USDT",
      "m" : "4611686018430426791"
    }, {
      "d" : "1756398773755718157",
      "t" : 1756398773755,
      "tn" : 1756398773755718157,
      "q" : "6.105",
      "p" : "14.823",
      "s" : "buy",
      "i" : "ILV_USDT",
      "m" : "4611686018430426790"
    }, {
      "d" : "1756398768002681937",
      "t" : 1756398768002,
      "tn" : 1756398768002681937,
      "q" : "0.081",
      "p" : "14.824",
      "s" : "sell",
      "i" : "ILV_USDT",
      "m" : "4611686018430426789"
    }, {
      "d" : "1756398768002679536",
      "t" : 1756398768002,
      "tn" : 1756398768002679532,
      "q" : "0.080",
      "p" : "14.825",
      "s" : "sell",
      "i" : "ILV_USDT",
      "m" : "4611686018430426788"
    }, {
      "d" : "1756398768002679535",
      "t" : 1756398768002,
      "tn" : 1756398768002679532,
      "q" : "0.080",
      "p" : "14.825",
      "s" : "sell",
      "i" : "ILV_USDT",
      "m" : "4611686018430426788"
    }, {
      "d" : "1756398768002679534",
      "t" : 1756398768002,
      "tn" : 1756398768002679532,
      "q" : "0.080",
      "p" : "14.825",
      "s" : "sell",
      "i" : "ILV_USDT",
      "m" : "4611686018430426788"
    }, {
      "d" : "1756398768002679533",
      "t" : 1756398768002,
      "tn" : 1756398768002679532,
      "q" : "0.080",
      "p" : "14.825",
      "s" : "sell",
      "i" : "ILV_USDT",
      "m" : "4611686018430426788"
    }, {
      "d" : "1756398768002679532",
      "t" : 1756398768002,
      "tn" : 1756398768002679532,
      "q" : "0.080",
      "p" : "14.825",
      "s" : "sell",
      "i" : "ILV_USDT",
      "m" : "4611686018430426788"
    }, {
      "d" : "1756398762954929912",
      "t" : 1756398762954,
      "tn" : 1756398762954929912,
      "q" : "1.736",
      "p" : "14.826",
      "s" : "sell",
      "i" : "ILV_USDT",
      "m" : "4611686018430426787"
    }, {
      "d" : "1756398760652549785",
      "t" : 1756398760652,
      "tn" : 1756398760652549785,
      "q" : "1.737",
      "p" : "14.884",
      "s" : "sell",
      "i" : "ILV_USDT",
      "m" : "4611686018430426786"
    }, {
      "d" : "1756398760652538342",
      "t" : 1756398760652,
      "tn" : 1756398760652538342,
      "q" : "10.078",
      "p" : "14.884",
      "s" : "sell",
      "i" : "ILV_USDT",
      "m" : "4611686018430426785"
    }, {
      "d" : "1756398760647952008",
      "t" : 1756398760647,
      "tn" : 1756398760647952008,
      "q" : "17.924",
      "p" : "14.884",
      "s" : "buy",
      "i" : "ILV_USDT",
      "m" : "4611686018430426784"
    }, {
      "d" : "1756398760646249163",
      "t" : 1756398760646,
      "tn" : 1756398760646249163,
      "q" : "29.651",
      "p" : "14.884",
      "s" : "buy",
      "i" : "ILV_USDT",
      "m" : "4611686018430426783"
    }, {
      "d" : "1756398760646247408",
      "t" : 1756398760646,
      "tn" : 1756398760646247408,
      "q" : "0.081",
      "p" : "14.838",
      "s" : "buy",
      "i" : "ILV_USDT",
      "m" : "4611686018430426782"
    }, {
      "d" : "1756398727526219766",
      "t" : 1756398727526,
      "tn" : 1756398727526219766,
      "q" : "0.081",
      "p" : "14.847",
      "s" : "buy",
      "i" : "ILV_USDT",
      "m" : "4611686018430426781"
    }, {
      "d" : "1756398727438812086",
      "t" : 1756398727438,
      "tn" : 1756398727438812086,
      "q" : "0.080",
      "p" : "14.847",
      "s" : "sell",
      "i" : "ILV_USDT",
      "m" : "4611686018430426780"
    }, {
      "d" : "1756398727438810558",
      "t" : 1756398727438,
      "tn" : 1756398727438810558,
      "q" : "0.080",
      "p" : "14.848",
      "s" : "sell",
      "i" : "ILV_USDT",
      "m" : "4611686018430426779"
    }, {
      "d" : "1756398727438809010",
      "t" : 1756398727438,
      "tn" : 1756398727438809010,
      "q" : "0.080",
      "p" : "14.849",
      "s" : "sell",
      "i" : "ILV_USDT",
      "m" : "4611686018430426778"
    }, {
      "d" : "1756398727436114691",
      "t" : 1756398727436,
      "tn" : 1756398727436114691,
      "q" : "0.081",
      "p" : "14.849",
      "s" : "buy",
      "i" : "ILV_USDT",
      "m" : "4611686018430426777"
    }, {
      "d" : "1756398727335932243",
      "t" : 1756398727335,
      "tn" : 1756398727335932243,
      "q" : "0.081",
      "p" : "14.848",
      "s" : "buy",
      "i" : "ILV_USDT",
      "m" : "4611686018430426776"
    }, {
      "d" : "1756398727315923057",
      "t" : 1756398727315,
      "tn" : 1756398727315923057,
      "q" : "0.081",
      "p" : "14.847",
      "s" : "buy",
      "i" : "ILV_USDT",
      "m" : "4611686018430426775"
    }, {
      "d" : "1756398727237640736",
      "t" : 1756398727237,
      "tn" : 1756398727237640736,
      "q" : "0.903",
      "p" : "14.841",
      "s" : "sell",
      "i" : "ILV_USDT",
      "m" : "4611686018430426774"
    }, {
      "d" : "1756398727237638954",
      "t" : 1756398727237,
      "tn" : 1756398727237638954,
      "q" : "0.080",
      "p" : "14.843",
      "s" : "sell",
      "i" : "ILV_USDT",
      "m" : "4611686018430426773"
    }, {
      "d" : "1756398727237637304",
      "t" : 1756398727237,
      "tn" : 1756398727237637304,
      "q" : "0.080",
      "p" : "14.844",
      "s" : "sell",
      "i" : "ILV_USDT",
      "m" : "4611686018430426772"
    }, {
      "d" : "1756398727237635601",
      "t" : 1756398727237,
      "tn" : 1756398727237635601,
      "q" : "0.080",
      "p" : "14.845",
      "s" : "sell",
      "i" : "ILV_USDT",
      "m" : "4611686018430426771"
    }, {
      "d" : "1756398727235845327",
      "t" : 1756398727235,
      "tn" : 1756398727235845327,
      "q" : "0.081",
      "p" : "14.846",
      "s" : "buy",
      "i" : "ILV_USDT",
      "m" : "4611686018430426770"
    }, {
      "d" : "1756398727135641055",
      "t" : 1756398727135,
      "tn" : 1756398727135641055,
      "q" : "0.081",
      "p" : "14.845",
      "s" : "buy",
      "i" : "ILV_USDT",
      "m" : "4611686018430426769"
    }, {
      "d" : "1756398727115638825",
      "t" : 1756398727115,
      "tn" : 1756398727115638825,
      "q" : "0.081",
      "p" : "14.844",
      "s" : "buy",
      "i" : "ILV_USDT",
      "m" : "4611686018430426768"
    }, {
      "d" : "1756398727037402044",
      "t" : 1756398727037,
      "tn" : 1756398727037402044,
      "q" : "0.080",
      "p" : "14.841",
      "s" : "sell",
      "i" : "ILV_USDT",
      "m" : "4611686018430426767"
    }, {
      "d" : "1756398727037400010",
      "t" : 1756398727037,
      "tn" : 1756398727037400010,
      "q" : "0.080",
      "p" : "14.842",
      "s" : "sell",
      "i" : "ILV_USDT",
      "m" : "4611686018430426766"
    }, {
      "d" : "1756398727035442569",
      "t" : 1756398727035,
      "tn" : 1756398727035442569,
      "q" : "0.081",
      "p" : "14.843",
      "s" : "buy",
      "i" : "ILV_USDT",
      "m" : "4611686018430426765"
    }, {
      "d" : "1756398726940939751",
      "t" : 1756398726940,
      "tn" : 1756398726940939751,
      "q" : "0.081",
      "p" : "14.843",
      "s" : "buy",
      "i" : "ILV_USDT",
      "m" : "4611686018430426764"
    }, {
      "d" : "1756398726839034010",
      "t" : 1756398726839,
      "tn" : 1756398726839034010,
      "q" : "0.081",
      "p" : "14.842",
      "s" : "buy",
      "i" : "ILV_USDT",
      "m" : "4611686018430426763"
    }, {
      "d" : "1756398726803987105",
      "t" : 1756398726803,
      "tn" : 1756398726803987105,
      "q" : "0.081",
      "p" : "14.841",
      "s" : "buy",
      "i" : "ILV_USDT",
      "m" : "4611686018430426762"
    }, {
      "d" : "1756398726750855324",
      "t" : 1756398726750,
      "tn" : 1756398726750855324,
      "q" : "0.080",
      "p" : "14.843",
      "s" : "sell",
      "i" : "ILV_USDT",
      "m" : "4611686018430426761"
    }, {
      "d" : "1756398726750853606",
      "t" : 1756398726750,
      "tn" : 1756398726750853606,
      "q" : "0.080",
      "p" : "14.844",
      "s" : "sell",
      "i" : "ILV_USDT",
      "m" : "4611686018430426760"
    }, {
      "d" : "1756398726750850826",
      "t" : 1756398726750,
      "tn" : 1756398726750850826,
      "q" : "0.080",
      "p" : "14.845",
      "s" : "sell",
      "i" : "ILV_USDT",
      "m" : "4611686018430426759"
    }, {
      "d" : "1756398726738806921",
      "t" : 1756398726738,
      "tn" : 1756398726738806921,
      "q" : "0.081",
      "p" : "14.845",
      "s" : "buy",
      "i" : "ILV_USDT",
      "m" : "4611686018430426758"
    }, {
      "d" : "1756398726533292708",
      "t" : 1756398726533,
      "tn" : 1756398726533292708,
      "q" : "0.081",
      "p" : "14.844",
      "s" : "buy",
      "i" : "ILV_USDT",
      "m" : "4611686018430426757"
    }, {
      "d" : "1756398726439738101",
      "t" : 1756398726439,
      "tn" : 1756398726439738101,
      "q" : "0.080",
      "p" : "14.841",
      "s" : "sell",
      "i" : "ILV_USDT",
      "m" : "4611686018430426756"
    }, {
      "d" : "1756398726439735919",
      "t" : 1756398726439,
      "tn" : 1756398726439735919,
      "q" : "0.080",
      "p" : "14.842",
      "s" : "sell",
      "i" : "ILV_USDT",
      "m" : "4611686018430426755"
    }, {
      "d" : "1756398726438239904",
      "t" : 1756398726438,
      "tn" : 1756398726438239904,
      "q" : "0.081",
      "p" : "14.843",
      "s" : "buy",
      "i" : "ILV_USDT",
      "m" : "4611686018430426754"
    }, {
      "d" : "1756398726338097370",
      "t" : 1756398726338,
      "tn" : 1756398726338097370,
      "q" : "0.081",
      "p" : "14.842",
      "s" : "buy",
      "i" : "ILV_USDT",
      "m" : "4611686018430426753"
    }, {
      "d" : "1756398726298024632",
      "t" : 1756398726298,
      "tn" : 1756398726298024632,
      "q" : "0.081",
      "p" : "14.841",
      "s" : "buy",
      "i" : "ILV_USDT",
      "m" : "4611686018430426752"
    }, {
      "d" : "1756398726247244224",
      "t" : 1756398726247,
      "tn" : 1756398726247244224,
      "q" : "0.080",
      "p" : "14.841",
      "s" : "sell",
      "i" : "ILV_USDT",
      "m" : "4611686018430426751"
    }, {
      "d" : "1756398726247242346",
      "t" : 1756398726247,
      "tn" : 1756398726247242346,
      "q" : "0.080",
      "p" : "14.842",
      "s" : "sell",
      "i" : "ILV_USDT",
      "m" : "4611686018430426750"
    }, {
      "d" : "1756398726237920304",
      "t" : 1756398726237,
      "tn" : 1756398726237920304,
      "q" : "0.081",
      "p" : "14.842",
      "s" : "buy",
      "i" : "ILV_USDT",
      "m" : "4611686018430426749"
    }, {
      "d" : "1756398726037718217",
      "t" : 1756398726037,
      "tn" : 1756398726037718217,
      "q" : "0.081",
      "p" : "14.841",
      "s" : "buy",
      "i" : "ILV_USDT",
      "m" : "4611686018430426748"
    }, {
      "d" : "1756398725937362836",
      "t" : 1756398725937,
      "tn" : 1756398725937362836,
      "q" : "0.081",
      "p" : "14.840",
      "s" : "buy",
      "i" : "ILV_USDT",
      "m" : "4611686018430426747"
    }, {
      "d" : "1756398725836335409",
      "t" : 1756398725836,
      "tn" : 1756398725836335409,
      "q" : "0.081",
      "p" : "14.839",
      "s" : "buy",
      "i" : "ILV_USDT",
      "m" : "4611686018430426746"
    }, {
      "d" : "1756398725741236970",
      "t" : 1756398725741,
      "tn" : 1756398725741236970,
      "q" : "0.080",
      "p" : "14.841",
      "s" : "sell",
      "i" : "ILV_USDT",
      "m" : "4611686018430426745"
    }, {
      "d" : "1756398725741235510",
      "t" : 1756398725741,
      "tn" : 1756398725741235510,
      "q" : "0.080",
      "p" : "14.842",
      "s" : "sell",
      "i" : "ILV_USDT",
      "m" : "4611686018430426744"
    }, {
      "d" : "1756398725736090449",
      "t" : 1756398725736,
      "tn" : 1756398725736090449,
      "q" : "0.081",
      "p" : "14.842",
      "s" : "buy",
      "i" : "ILV_USDT",
      "m" : "4611686018430426743"
    }, {
      "d" : "1756398725686032960",
      "t" : 1756398725686,
      "tn" : 1756398725686032960,
      "q" : "0.081",
      "p" : "14.841",
      "s" : "buy",
      "i" : "ILV_USDT",
      "m" : "4611686018430426742"
    }, {
      "d" : "1756398725671189946",
      "t" : 1756398725671,
      "tn" : 1756398725671189946,
      "q" : "0.080",
      "p" : "14.840",
      "s" : "sell",
      "i" : "ILV_USDT",
      "m" : "4611686018430426741"
    }, {
      "d" : "1756398725671187487",
      "t" : 1756398725671,
      "tn" : 1756398725671187487,
      "q" : "0.080",
      "p" : "14.841",
      "s" : "sell",
      "i" : "ILV_USDT",
      "m" : "4611686018430426740"
    }, {
      "d" : "1756398725666047308",
      "t" : 1756398725666,
      "tn" : 1756398725666047308,
      "q" : "0.081",
      "p" : "14.841",
      "s" : "buy",
      "i" : "ILV_USDT",
      "m" : "4611686018430426739"
    }, {
      "d" : "1756398725525798635",
      "t" : 1756398725525,
      "tn" : 1756398725525798635,
      "q" : "0.081",
      "p" : "14.840",
      "s" : "buy",
      "i" : "ILV_USDT",
      "m" : "4611686018430426738"
    }, {
      "d" : "1756398725236175357",
      "t" : 1756398725236,
      "tn" : 1756398725236175357,
      "q" : "0.081",
      "p" : "14.840",
      "s" : "buy",
      "i" : "ILV_USDT",
      "m" : "4611686018430426737"
    }, {
      "d" : "1756398725143982222",
      "t" : 1756398725143,
      "tn" : 1756398725143982222,
      "q" : "0.080",
      "p" : "14.840",
      "s" : "sell",
      "i" : "ILV_USDT",
      "m" : "4611686018430426736"
    }, {
      "d" : "1756398725143980330",
      "t" : 1756398725143,
      "tn" : 1756398725143980330,
      "q" : "0.080",
      "p" : "14.841",
      "s" : "sell",
      "i" : "ILV_USDT",
      "m" : "4611686018430426735"
    }, {
      "d" : "1756398725135266162",
      "t" : 1756398725135,
      "tn" : 1756398725135266162,
      "q" : "0.081",
      "p" : "14.841",
      "s" : "buy",
      "i" : "ILV_USDT",
      "m" : "4611686018430426734"
    }, {
      "d" : "1756398724936132049",
      "t" : 1756398724936,
      "tn" : 1756398724936132049,
      "q" : "0.081",
      "p" : "14.841",
      "s" : "buy",
      "i" : "ILV_USDT",
      "m" : "4611686018430426733"
    }, {
      "d" : "1756398724838675137",
      "t" : 1756398724838,
      "tn" : 1756398724838675137,
      "q" : "0.081",
      "p" : "14.840",
      "s" : "buy",
      "i" : "ILV_USDT",
      "m" : "4611686018430426732"
    }, {
      "d" : "1756398724748023629",
      "t" : 1756398724748,
      "tn" : 1756398724748023629,
      "q" : "0.080",
      "p" : "14.840",
      "s" : "sell",
      "i" : "ILV_USDT",
      "m" : "4611686018430426731"
    }, {
      "d" : "1756398724748021780",
      "t" : 1756398724748,
      "tn" : 1756398724748021780,
      "q" : "0.080",
      "p" : "14.841",
      "s" : "sell",
      "i" : "ILV_USDT",
      "m" : "4611686018430426730"
    }, {
      "d" : "1756398724738464708",
      "t" : 1756398724738,
      "tn" : 1756398724738464708,
      "q" : "0.081",
      "p" : "14.841",
      "s" : "buy",
      "i" : "ILV_USDT",
      "m" : "4611686018430426729"
    }, {
      "d" : "1756398724713108046",
      "t" : 1756398724713,
      "tn" : 1756398724713108046,
      "q" : "0.081",
      "p" : "14.840",
      "s" : "buy",
      "i" : "ILV_USDT",
      "m" : "4611686018430426728"
    }, {
      "d" : "1756398721526725218",
      "t" : 1756398721526,
      "tn" : 1756398721526725218,
      "q" : "0.081",
      "p" : "14.839",
      "s" : "buy",
      "i" : "ILV_USDT",
      "m" : "4611686018430426727"
    }, {
      "d" : "1756398720637212132",
      "t" : 1756398720637,
      "tn" : 1756398720637212132,
      "q" : "0.081",
      "p" : "14.838",
      "s" : "buy",
      "i" : "ILV_USDT",
      "m" : "4611686018430426726"
    }, {
      "d" : "1756398720597159313",
      "t" : 1756398720597,
      "tn" : 1756398720597159313,
      "q" : "0.081",
      "p" : "14.838",
      "s" : "buy",
      "i" : "ILV_USDT",
      "m" : "4611686018430426725"
    }, {
      "d" : "1756398720527038274",
      "t" : 1756398720527,
      "tn" : 1756398720527038274,
      "q" : "0.081",
      "p" : "14.838",
      "s" : "buy",
      "i" : "ILV_USDT",
      "m" : "4611686018430426724"
    }, {
      "d" : "1756398720442029195",
      "t" : 1756398720442,
      "tn" : 1756398720442029195,
      "q" : "0.081",
      "p" : "14.838",
      "s" : "buy",
      "i" : "ILV_USDT",
      "m" : "4611686018430426723"
    }, {
      "d" : "1756398720391898812",
      "t" : 1756398720391,
      "tn" : 1756398720391898812,
      "q" : "0.081",
      "p" : "14.838",
      "s" : "buy",
      "i" : "ILV_USDT",
      "m" : "4611686018430426722"
    }, {
      "d" : "1756398719940538330",
      "t" : 1756398719940,
      "tn" : 1756398719940538330,
      "q" : "0.081",
      "p" : "14.838",
      "s" : "buy",
      "i" : "ILV_USDT",
      "m" : "4611686018430426721"
    }, {
      "d" : "1756398719529169743",
      "t" : 1756398719529,
      "tn" : 1756398719529169743,
      "q" : "0.081",
      "p" : "14.838",
      "s" : "buy",
      "i" : "ILV_USDT",
      "m" : "4611686018430426720"
    }, {
      "d" : "1756398719243949789",
      "t" : 1756398719243,
      "tn" : 1756398719243949789,
      "q" : "0.081",
      "p" : "14.838",
      "s" : "buy",
      "i" : "ILV_USDT",
      "m" : "4611686018430426719"
    }, {
      "d" : "1756398719138821846",
      "t" : 1756398719138,
      "tn" : 1756398719138821846,
      "q" : "0.081",
      "p" : "14.838",
      "s" : "buy",
      "i" : "ILV_USDT",
      "m" : "4611686018430426718"
    }, {
      "d" : "1756398718943329991",
      "t" : 1756398718943,
      "tn" : 1756398718943329991,
      "q" : "0.081",
      "p" : "14.838",
      "s" : "buy",
      "i" : "ILV_USDT",
      "m" : "4611686018430426717"
    }, {
      "d" : "1756396075172684752",
      "t" : 1756396075172,
      "tn" : 1756396075172684752,
      "q" : "0.081",
      "p" : "14.803",
      "s" : "buy",
      "i" : "ILV_USDT",
      "m" : "4611686018430426716"
    }, {
      "d" : "1756396075109190466",
      "t" : 1756396075109,
      "tn" : 1756396075109190466,
      "q" : "0.081",
      "p" : "14.801",
      "s" : "buy",
      "i" : "ILV_USDT",
      "m" : "4611686018430426715"
    }, {
      "d" : "1756396075089174567",
      "t" : 1756396075089,
      "tn" : 1756396075089174567,
      "q" : "0.081",
      "p" : "14.801",
      "s" : "buy",
      "i" : "ILV_USDT",
      "m" : "4611686018430426714"
    }, {
      "d" : "1756396075069195717",
      "t" : 1756396075069,
      "tn" : 1756396075069195717,
      "q" : "0.081",
      "p" : "14.801",
      "s" : "buy",
      "i" : "ILV_USDT",
      "m" : "4611686018430426713"
    }, {
      "d" : "1756396075059172669",
      "t" : 1756396075059,
      "tn" : 1756396075059172669,
      "q" : "0.081",
      "p" : "14.802",
      "s" : "buy",
      "i" : "ILV_USDT",
      "m" : "4611686018430426712"
    }, {
      "d" : "1756396075039186393",
      "t" : 1756396075039,
      "tn" : 1756396075039186393,
      "q" : "0.081",
      "p" : "14.803",
      "s" : "buy",
      "i" : "ILV_USDT",
      "m" : "4611686018430426711"
    }, {
      "d" : "1756392359528638350",
      "t" : 1756392359528,
      "tn" : 1756392359528638350,
      "q" : "0.081",
      "p" : "14.933",
      "s" : "buy",
      "i" : "ILV_USDT",
      "m" : "4611686018430426710"
    }, {
      "d" : "1756392359343394492",
      "t" : 1756392359343,
      "tn" : 1756392359343394492,
      "q" : "0.081",
      "p" : "14.933",
      "s" : "buy",
      "i" : "ILV_USDT",
      "m" : "4611686018430426709"
    }, {
      "d" : "1756392359253224952",
      "t" : 1756392359253,
      "tn" : 1756392359253224952,
      "q" : "0.081",
      "p" : "14.933",
      "s" : "buy",
      "i" : "ILV_USDT",
      "m" : "4611686018430426708"
    }, {
      "d" : "1756392359158098156",
      "t" : 1756392359158,
      "tn" : 1756392359158098156,
      "q" : "0.081",
      "p" : "14.933",
      "s" : "buy",
      "i" : "ILV_USDT",
      "m" : "4611686018430426707"
    }, {
      "d" : "1756392359148085394",
      "t" : 1756392359148,
      "tn" : 1756392359148085394,
      "q" : "0.081",
      "p" : "14.933",
      "s" : "buy",
      "i" : "ILV_USDT",
      "m" : "4611686018430426706"
    }, {
      "d" : "1756392359133077577",
      "t" : 1756392359133,
      "tn" : 1756392359133077577,
      "q" : "0.081",
      "p" : "14.932",
      "s" : "buy",
      "i" : "ILV_USDT",
      "m" : "4611686018430426705"
    }, {
      "d" : "1756392359063055443",
      "t" : 1756392359063,
      "tn" : 1756392359063055443,
      "q" : "0.081",
      "p" : "14.932",
      "s" : "buy",
      "i" : "ILV_USDT",
      "m" : "4611686018430426704"
    }, {
      "d" : "1756392358997991149",
      "t" : 1756392358997,
      "tn" : 1756392358997991149,
      "q" : "0.081",
      "p" : "14.927",
      "s" : "buy",
      "i" : "ILV_USDT",
      "m" : "4611686018430426703"
    }, {
      "d" : "1756392358531266569",
      "t" : 1756392358531,
      "tn" : 1756392358531266569,
      "q" : "0.081",
      "p" : "14.930",
      "s" : "buy",
      "i" : "ILV_USDT",
      "m" : "4611686018430426702"
    }, {
      "d" : "1756392358240805913",
      "t" : 1756392358240,
      "tn" : 1756392358240805913,
      "q" : "0.081",
      "p" : "14.930",
      "s" : "buy",
      "i" : "ILV_USDT",
      "m" : "4611686018430426701"
    }, {
      "d" : "1756392358135778260",
      "t" : 1756392358135,
      "tn" : 1756392358135778260,
      "q" : "0.081",
      "p" : "14.930",
      "s" : "buy",
      "i" : "ILV_USDT",
      "m" : "4611686018430426700"
    }, {
      "d" : "1756392357879425195",
      "t" : 1756392357879,
      "tn" : 1756392357879425195,
      "q" : "0.081",
      "p" : "14.931",
      "s" : "buy",
      "i" : "ILV_USDT",
      "m" : "4611686018430426699"
    }, {
      "d" : "1756392357844614727",
      "t" : 1756392357844,
      "tn" : 1756392357844614727,
      "q" : "0.081",
      "p" : "14.932",
      "s" : "buy",
      "i" : "ILV_USDT",
      "m" : "4611686018430426698"
    }, {
      "d" : "1756392357744231319",
      "t" : 1756392357744,
      "tn" : 1756392357744231319,
      "q" : "0.081",
      "p" : "14.932",
      "s" : "buy",
      "i" : "ILV_USDT",
      "m" : "4611686018430426697"
    }, {
      "d" : "1756392357648926311",
      "t" : 1756392357648,
      "tn" : 1756392357648926311,
      "q" : "0.081",
      "p" : "14.931",
      "s" : "buy",
      "i" : "ILV_USDT",
      "m" : "4611686018430426696"
    } ]
  }
}