{
  "id" : -1,
  "method" : "public/get-trades",
  "code" : 0,
  "result" : {
    "data" : [ {
      "d" : "1756460856704740304",
      "t" : 1756460856704,
      "tn" : 1756460856704740304,
      "q" : "8.856",
      "p" : "14.092",
      "s" : "buy",
      "i" : "ILV_USD",
      "m" : "4611686018430282471"
    }, {
      "d" : "1756460850608486299",
      "t" : 1756460850608,
      "tn" : 1756460850608486299,
      "q" : "0.081",
      "p" : "14.052",
      "s" : "buy",
      "i" : "ILV_USD",
      "m" : "4611686018430282470"
    }, {
      "d" : "1756460844654869375",
      "t" : 1756460844654,
      "tn" : 1756460844654869375,
      "q" : "0.081",
      "p" : "14.054",
      "s" : "buy",
      "i" : "ILV_USD",
      "m" : "4611686018430282469"
    }, {
      "d" : "1756460769671185723",
      "t" : 1756460769671,
      "tn" : 1756460769671185723,
      "q" : "0.081",
      "p" : "14.050",
      "s" : "buy",
      "i" : "ILV_USD",
      "m" : "4611686018430282468"
    }, {
      "d" : "1756460535811702299",
      "t" : 1756460535811,
      "tn" : 1756460535811702299,
      "q" : "10.419",
      "p" : "14.071",
      "s" : "buy",
      "i" : "ILV_USD",
      "m" : "4611686018430282467"
    }, {
      "d" : "1756460529773845771",
      "t" : 1756460529773,
      "tn" : 1756460529773845771,
      "q" : "0.081",
      "p" : "14.040",
      "s" : "buy",
      "i" : "ILV_USD",
      "m" : "4611686018430282466"
    }, {
      "d" : "1756460154636026545",
      "t" : 1756460154636,
      "tn" : 1756460154636026545,
      "q" : "3.838",
      "p" : "14.070",
      "s" : "buy",
      "i" : "ILV_USD",
      "m" : "4611686018430282465"
    }, {
      "d" : "1756460154636024812",
      "t" : 1756460154636,
      "tn" : 1756460154636024812,
      "q" : "0.081",
      "p" : "14.022",
      "s" : "buy",
      "i" : "ILV_USD",
      "m" : "4611686018430282464"
    }, {
      "d" : "1756460148694851500",
      "t" : 1756460148694,
      "tn" : 1756460148694851500,
      "q" : "0.081",
      "p" : "14.021",
      "s" : "buy",
      "i" : "ILV_USD",
      "m" : "4611686018430282463"
    }, {
      "d" : "1756460049665307583",
      "t" : 1756460049665,
      "tn" : 1756460049665307583,
      "q" : "1.005",
      "p" : "14.072",
      "s" : "buy",
      "i" : "ILV_USD",
      "m" : "4611686018430282462"
    }, {
      "d" : "1756460043838452771",
      "t" : 1756460043838,
      "tn" : 1756460043838452771,
      "q" : "0.081",
      "p" : "14.024",
      "s" : "buy",
      "i" : "ILV_USD",
      "m" : "4611686018430282461"
    }, {
      "d" : "1756460019643847681",
      "t" : 1756460019643,
      "tn" : 1756460019643847681,
      "q" : "0.081",
      "p" : "14.022",
      "s" : "buy",
      "i" : "ILV_USD",
      "m" : "4611686018430282460"
    }, {
      "d" : "1756460013698106140",
      "t" : 1756460013698,
      "tn" : 1756460013698106140,
      "q" : "0.081",
      "p" : "14.018",
      "s" : "buy",
      "i" : "ILV_USD",
      "m" : "4611686018430282459"
    }, {
      "d" : "1756460007701180661",
      "t" : 1756460007701,
      "tn" : 1756460007701180661,
      "q" : "0.081",
      "p" : "14.023",
      "s" : "buy",
      "i" : "ILV_USD",
      "m" : "4611686018430282458"
    }, {
      "d" : "1756460001762545501",
      "t" : 1756460001762,
      "tn" : 1756460001762545501,
      "q" : "0.081",
      "p" : "14.022",
      "s" : "buy",
      "i" : "ILV_USD",
      "m" : "4611686018430282457"
    }, {
      "d" : "1756459995815823529",
      "t" : 1756459995815,
      "tn" : 1756459995815823529,
      "q" : "0.081",
      "p" : "14.023",
      "s" : "buy",
      "i" : "ILV_USD",
      "m" : "4611686018430282456"
    }, {
      "d" : "1756459989713259255",
      "t" : 1756459989713,
      "tn" : 1756459989713259255,
      "q" : "0.081",
      "p" : "14.028",
      "s" : "buy",
      "i" : "ILV_USD",
      "m" : "4611686018430282455"
    }, {
      "d" : "1756459983775733125",
      "t" : 1756459983775,
      "tn" : 1756459983775733125,
      "q" : "0.081",
      "p" : "14.027",
      "s" : "buy",
      "i" : "ILV_USD",
      "m" : "4611686018430282454"
    }, {
      "d" : "1756459978720936634",
      "t" : 1756459978720,
      "tn" : 1756459978720936634,
      "q" : "0.081",
      "p" : "14.017",
      "s" : "buy",
      "i" : "ILV_USD",
      "m" : "4611686018430282453"
    }, {
      "d" : "1756459974664810570",
      "t" : 1756459974664,
      "tn" : 1756459974664810570,
      "q" : "0.081",
      "p" : "14.016",
      "s" : "buy",
      "i" : "ILV_USD",
      "m" : "4611686018430282452"
    }, {
      "d" : "1756459968883209589",
      "t" : 1756459968883,
      "tn" : 1756459968883209589,
      "q" : "0.081",
      "p" : "14.016",
      "s" : "buy",
      "i" : "ILV_USD",
      "m" : "4611686018430282451"
    }, {
      "d" : "1756459962823098654",
      "t" : 1756459962823,
      "tn" : 1756459962823098654,
      "q" : "0.081",
      "p" : "14.017",
      "s" : "buy",
      "i" : "ILV_USD",
      "m" : "4611686018430282450"
    }, {
      "d" : "1756459956799671381",
      "t" : 1756459956799,
      "tn" : 1756459956799671381,
      "q" : "0.081",
      "p" : "14.014",
      "s" : "buy",
      "i" : "ILV_USD",
      "m" : "4611686018430282449"
    }, {
      "d" : "1756459950799444176",
      "t" : 1756459950799,
      "tn" : 1756459950799444176,
      "q" : "0.081",
      "p" : "14.010",
      "s" : "buy",
      "i" : "ILV_USD",
      "m" : "4611686018430282448"
    }, {
      "d" : "1756459458340742829",
      "t" : 1756459458340,
      "tn" : 1756459458340742829,
      "q" : "0.828",
      "p" : "14.082",
      "s" : "sell",
      "i" : "ILV_USD",
      "m" : "4611686018430282447"
    }, {
      "d" : "1756459458333964980",
      "t" : 1756459458333,
      "tn" : 1756459458333964980,
      "q" : "0.281",
      "p" : "14.082",
      "s" : "buy",
      "i" : "ILV_USD",
      "m" : "4611686018430282446"
    }, {
      "d" : "1756459452207200888",
      "t" : 1756459452207,
      "tn" : 1756459452207200888,
      "q" : "0.081",
      "p" : "14.013",
      "s" : "buy",
      "i" : "ILV_USD",
      "m" : "4611686018430282445"
    }, {
      "d" : "1756459445804263874",
      "t" : 1756459445804,
      "tn" : 1756459445804263874,
      "q" : "0.081",
      "p" : "14.015",
      "s" : "buy",
      "i" : "ILV_USD",
      "m" : "4611686018430282444"
    }, {
      "d" : "1756459439744888618",
      "t" : 1756459439744,
      "tn" : 1756459439744888618,
      "q" : "0.081",
      "p" : "14.015",
      "s" : "buy",
      "i" : "ILV_USD",
      "m" : "4611686018430282443"
    }, {
      "d" : "1756459433727458270",
      "t" : 1756459433727,
      "tn" : 1756459433727458270,
      "q" : "0.081",
      "p" : "14.013",
      "s" : "buy",
      "i" : "ILV_USD",
      "m" : "4611686018430282442"
    }, {
      "d" : "1756459427660930318",
      "t" : 1756459427660,
      "tn" : 1756459427660930318,
      "q" : "0.081",
      "p" : "14.014",
      "s" : "buy",
      "i" : "ILV_USD",
      "m" : "4611686018430282441"
    }, {
      "d" : "1756459421679937917",
      "t" : 1756459421679,
      "tn" : 1756459421679937917,
      "q" : "0.081",
      "p" : "14.012",
      "s" : "buy",
      "i" : "ILV_USD",
      "m" : "4611686018430282440"
    }, {
      "d" : "1756459415685333732",
      "t" : 1756459415685,
      "tn" : 1756459415685333732,
      "q" : "0.081",
      "p" : "14.014",
      "s" : "buy",
      "i" : "ILV_USD",
      "m" : "4611686018430282439"
    }, {
      "d" : "1756459409684705317",
      "t" : 1756459409684,
      "tn" : 1756459409684705317,
      "q" : "0.081",
      "p" : "14.022",
      "s" : "buy",
      "i" : "ILV_USD",
      "m" : "4611686018430282438"
    }, {
      "d" : "1756459403650671506",
      "t" : 1756459403650,
      "tn" : 1756459403650671506,
      "q" : "0.081",
      "p" : "14.013",
      "s" : "buy",
      "i" : "ILV_USD",
      "m" : "4611686018430282437"
    }, {
      "d" : "1756459397646408918",
      "t" : 1756459397646,
      "tn" : 1756459397646408918,
      "q" : "0.081",
      "p" : "14.023",
      "s" : "buy",
      "i" : "ILV_USD",
      "m" : "4611686018430282436"
    }, {
      "d" : "1756459391762984796",
      "t" : 1756459391762,
      "tn" : 1756459391762984796,
      "q" : "0.081",
      "p" : "14.031",
      "s" : "buy",
      "i" : "ILV_USD",
      "m" : "4611686018430282435"
    }, {
      "d" : "1756458348128837282",
      "t" : 1756458348128,
      "tn" : 1756458348128837282,
      "q" : "18.882",
      "p" : "13.959",
      "s" : "buy",
      "i" : "ILV_USD",
      "m" : "4611686018430282434"
    }, {
      "d" : "1756458348124106944",
      "t" : 1756458348124,
      "tn" : 1756458348124106944,
      "q" : "0.081",
      "p" : "13.959",
      "s" : "sell",
      "i" : "ILV_USD",
      "m" : "4611686018430282433"
    }, {
      "d" : "1756458341674617418",
      "t" : 1756458341674,
      "tn" : 1756458341674617418,
      "q" : "0.019",
      "p" : "13.999",
      "s" : "sell",
      "i" : "ILV_USD",
      "m" : "4611686018430282432"
    }, {
      "d" : "1756458151443791451",
      "t" : 1756458151443,
      "tn" : 1756458151443791451,
      "q" : "0.081",
      "p" : "13.999",
      "s" : "sell",
      "i" : "ILV_USD",
      "m" : "4611686018430282431"
    }, {
      "d" : "1756457454662230029",
      "t" : 1756457454662,
      "tn" : 1756457454662230029,
      "q" : "0.993",
      "p" : "14.126",
      "s" : "buy",
      "i" : "ILV_USD",
      "m" : "4611686018430282430"
    }, {
      "d" : "1756457454653538945",
      "t" : 1756457454653,
      "tn" : 1756457454653538945,
      "q" : "0.081",
      "p" : "14.126",
      "s" : "sell",
      "i" : "ILV_USD",
      "m" : "4611686018430282429"
    }, {
      "d" : "1756454327491559852",
      "t" : 1756454327491,
      "tn" : 1756454327491559852,
      "q" : "1.481",
      "p" : "14.191",
      "s" : "sell",
      "i" : "ILV_USD",
      "m" : "4611686018430282428"
    }, {
      "d" : "1756454327491557378",
      "t" : 1756454327491,
      "tn" : 1756454327491557378,
      "q" : "0.281",
      "p" : "14.192",
      "s" : "sell",
      "i" : "ILV_USD",
      "m" : "4611686018430282427"
    }, {
      "d" : "1756454324738380911",
      "t" : 1756454324738,
      "tn" : 1756454324738380911,
      "q" : "0.081",
      "p" : "14.191",
      "s" : "buy",
      "i" : "ILV_USD",
      "m" : "4611686018430282426"
    }, {
      "d" : "1756454319091335236",
      "t" : 1756454319091,
      "tn" : 1756454319091335236,
      "q" : "0.081",
      "p" : "14.192",
      "s" : "buy",
      "i" : "ILV_USD",
      "m" : "4611686018430282425"
    }, {
      "d" : "1756453919648106281",
      "t" : 1756453919648,
      "tn" : 1756453919648106281,
      "q" : "31.844",
      "p" : "14.325",
      "s" : "sell",
      "i" : "ILV_USD",
      "m" : "4611686018430282424"
    }, {
      "d" : "1756453919647927262",
      "t" : 1756453919647,
      "tn" : 1756453919647927262,
      "q" : "6.915",
      "p" : "14.325",
      "s" : "sell",
      "i" : "ILV_USD",
      "m" : "4611686018430282423"
    }, {
      "d" : "1756453919642766216",
      "t" : 1756453919642,
      "tn" : 1756453919642766216,
      "q" : "4.588",
      "p" : "14.325",
      "s" : "buy",
      "i" : "ILV_USD",
      "m" : "4611686018430282422"
    }, {
      "d" : "1756453913770435168",
      "t" : 1756453913770,
      "tn" : 1756453913770435168,
      "q" : "0.081",
      "p" : "14.287",
      "s" : "buy",
      "i" : "ILV_USD",
      "m" : "4611686018430282421"
    }, {
      "d" : "1756453907675469529",
      "t" : 1756453907675,
      "tn" : 1756453907675469529,
      "q" : "0.081",
      "p" : "14.289",
      "s" : "buy",
      "i" : "ILV_USD",
      "m" : "4611686018430282420"
    }, {
      "d" : "1756453901793881898",
      "t" : 1756453901793,
      "tn" : 1756453901793881898,
      "q" : "0.081",
      "p" : "14.290",
      "s" : "buy",
      "i" : "ILV_USD",
      "m" : "4611686018430282419"
    }, {
      "d" : "1756453895786914677",
      "t" : 1756453895786,
      "tn" : 1756453895786914677,
      "q" : "0.081",
      "p" : "14.287",
      "s" : "buy",
      "i" : "ILV_USD",
      "m" : "4611686018430282418"
    }, {
      "d" : "1756453890068960463",
      "t" : 1756453890068,
      "tn" : 1756453890068960463,
      "q" : "0.081",
      "p" : "14.287",
      "s" : "buy",
      "i" : "ILV_USD",
      "m" : "4611686018430282417"
    }, {
      "d" : "1756453883824160031",
      "t" : 1756453883824,
      "tn" : 1756453883824160031,
      "q" : "0.081",
      "p" : "14.289",
      "s" : "buy",
      "i" : "ILV_USD",
      "m" : "4611686018430282416"
    }, {
      "d" : "1756453879815332812",
      "t" : 1756453879815,
      "tn" : 1756453879815332812,
      "q" : "0.081",
      "p" : "14.282",
      "s" : "buy",
      "i" : "ILV_USD",
      "m" : "4611686018430282415"
    }, {
      "d" : "1756453876545547759",
      "t" : 1756453876545,
      "tn" : 1756453876545547759,
      "q" : "0.081",
      "p" : "14.288",
      "s" : "buy",
      "i" : "ILV_USD",
      "m" : "4611686018430282414"
    }, {
      "d" : "1756453870647268982",
      "t" : 1756453870647,
      "tn" : 1756453870647268982,
      "q" : "0.081",
      "p" : "14.286",
      "s" : "buy",
      "i" : "ILV_USD",
      "m" : "4611686018430282413"
    }, {
      "d" : "1756453864716100600",
      "t" : 1756453864716,
      "tn" : 1756453864716100600,
      "q" : "0.081",
      "p" : "14.289",
      "s" : "buy",
      "i" : "ILV_USD",
      "m" : "4611686018430282412"
    }, {
      "d" : "1756453858663016308",
      "t" : 1756453858663,
      "tn" : 1756453858663016308,
      "q" : "0.081",
      "p" : "14.279",
      "s" : "buy",
      "i" : "ILV_USD",
      "m" : "4611686018430282411"
    }, {
      "d" : "1756453852689537423",
      "t" : 1756453852689,
      "tn" : 1756453852689537423,
      "q" : "0.081",
      "p" : "14.279",
      "s" : "buy",
      "i" : "ILV_USD",
      "m" : "4611686018430282410"
    }, {
      "d" : "1756453848152647447",
      "t" : 1756453848152,
      "tn" : 1756453848152647447,
      "q" : "0.081",
      "p" : "14.279",
      "s" : "buy",
      "i" : "ILV_USD",
      "m" : "4611686018430282409"
    }, {
      "d" : "1756453838886951236",
      "t" : 1756453838886,
      "tn" : 1756453838886951236,
      "q" : "0.081",
      "p" : "14.270",
      "s" : "buy",
      "i" : "ILV_USD",
      "m" : "4611686018430282408"
    }, {
      "d" : "1756453835762171202",
      "t" : 1756453835762,
      "tn" : 1756453835762171202,
      "q" : "4.364",
      "p" : "14.316",
      "s" : "buy",
      "i" : "ILV_USD",
      "m" : "4611686018430282407"
    }, {
      "d" : "1756453830040311810",
      "t" : 1756453830040,
      "tn" : 1756453830040311810,
      "q" : "0.081",
      "p" : "14.270",
      "s" : "buy",
      "i" : "ILV_USD",
      "m" : "4611686018430282406"
    }, {
      "d" : "1756453823845146173",
      "t" : 1756453823845,
      "tn" : 1756453823845146173,
      "q" : "0.081",
      "p" : "14.265",
      "s" : "buy",
      "i" : "ILV_USD",
      "m" : "4611686018430282405"
    }, {
      "d" : "1756453817758525588",
      "t" : 1756453817758,
      "tn" : 1756453817758525588,
      "q" : "0.081",
      "p" : "14.260",
      "s" : "buy",
      "i" : "ILV_USD",
      "m" : "4611686018430282404"
    }, {
      "d" : "1756453811810483307",
      "t" : 1756453811810,
      "tn" : 1756453811810483307,
      "q" : "0.081",
      "p" : "14.259",
      "s" : "buy",
      "i" : "ILV_USD",
      "m" : "4611686018430282403"
    }, {
      "d" : "1756453805899928626",
      "t" : 1756453805899,
      "tn" : 1756453805899928626,
      "q" : "0.081",
      "p" : "14.271",
      "s" : "buy",
      "i" : "ILV_USD",
      "m" : "4611686018430282402"
    }, {
      "d" : "1756453800115539329",
      "t" : 1756453800115,
      "tn" : 1756453800115539329,
      "q" : "0.081",
      "p" : "14.268",
      "s" : "buy",
      "i" : "ILV_USD",
      "m" : "4611686018430282401"
    }, {
      "d" : "1756453796947296118",
      "t" : 1756453796947,
      "tn" : 1756453796947296118,
      "q" : "0.081",
      "p" : "14.269",
      "s" : "buy",
      "i" : "ILV_USD",
      "m" : "4611686018430282400"
    }, {
      "d" : "1756453791137982108",
      "t" : 1756453791137,
      "tn" : 1756453791137982108,
      "q" : "0.081",
      "p" : "14.268",
      "s" : "buy",
      "i" : "ILV_USD",
      "m" : "4611686018430282399"
    }, {
      "d" : "1756452901757952886",
      "t" : 1756452901757,
      "tn" : 1756452901757952886,
      "q" : "0.404",
      "p" : "14.331",
      "s" : "sell",
      "i" : "ILV_USD",
      "m" : "4611686018430282398"
    }, {
      "d" : "1756452901754258835",
      "t" : 1756452901754,
      "tn" : 1756452901754258835,
      "q" : "0.081",
      "p" : "14.331",
      "s" : "sell",
      "i" : "ILV_USD",
      "m" : "4611686018430282397"
    }, {
      "d" : "1756452901746451786",
      "t" : 1756452901746,
      "tn" : 1756452901746451786,
      "q" : "1.885",
      "p" : "14.331",
      "s" : "buy",
      "i" : "ILV_USD",
      "m" : "4611686018430282396"
    }, {
      "d" : "1756452901746449863",
      "t" : 1756452901746,
      "tn" : 1756452901746449863,
      "q" : "0.081",
      "p" : "14.281",
      "s" : "buy",
      "i" : "ILV_USD",
      "m" : "4611686018430282395"
    }, {
      "d" : "1756452895647430690",
      "t" : 1756452895647,
      "tn" : 1756452895647430690,
      "q" : "0.081",
      "p" : "14.279",
      "s" : "buy",
      "i" : "ILV_USD",
      "m" : "4611686018430282394"
    }, {
      "d" : "1756452889698491713",
      "t" : 1756452889698,
      "tn" : 1756452889698491713,
      "q" : "0.081",
      "p" : "14.281",
      "s" : "buy",
      "i" : "ILV_USD",
      "m" : "4611686018430282393"
    }, {
      "d" : "1756452883729828651",
      "t" : 1756452883729,
      "tn" : 1756452883729828651,
      "q" : "0.081",
      "p" : "14.281",
      "s" : "buy",
      "i" : "ILV_USD",
      "m" : "4611686018430282392"
    }, {
      "d" : "1756452877656072081",
      "t" : 1756452877656,
      "tn" : 1756452877656072081,
      "q" : "0.081",
      "p" : "14.277",
      "s" : "buy",
      "i" : "ILV_USD",
      "m" : "4611686018430282391"
    }, {
      "d" : "1756452871743367813",
      "t" : 1756452871743,
      "tn" : 1756452871743367813,
      "q" : "0.081",
      "p" : "14.282",
      "s" : "buy",
      "i" : "ILV_USD",
      "m" : "4611686018430282390"
    }, {
      "d" : "1756452866984589986",
      "t" : 1756452866984,
      "tn" : 1756452866984589986,
      "q" : "0.081",
      "p" : "14.282",
      "s" : "buy",
      "i" : "ILV_USD",
      "m" : "4611686018430282389"
    }, {
      "d" : "1756452863742366914",
      "t" : 1756452863742,
      "tn" : 1756452863742366914,
      "q" : "0.081",
      "p" : "14.300",
      "s" : "sell",
      "i" : "ILV_USD",
      "m" : "4611686018430282388"
    }, {
      "d" : "1756452861129377029",
      "t" : 1756452861129,
      "tn" : 1756452861129377029,
      "q" : "0.081",
      "p" : "14.300",
      "s" : "buy",
      "i" : "ILV_USD",
      "m" : "4611686018430282387"
    }, {
      "d" : "1756452854915235465",
      "t" : 1756452854915,
      "tn" : 1756452854915235465,
      "q" : "0.081",
      "p" : "14.311",
      "s" : "buy",
      "i" : "ILV_USD",
      "m" : "4611686018430282386"
    }, {
      "d" : "1756452848762942769",
      "t" : 1756452848762,
      "tn" : 1756452848762942769,
      "q" : "0.081",
      "p" : "14.311",
      "s" : "buy",
      "i" : "ILV_USD",
      "m" : "4611686018430282385"
    }, {
      "d" : "1756452842809662772",
      "t" : 1756452842809,
      "tn" : 1756452842809662772,
      "q" : "0.081",
      "p" : "14.313",
      "s" : "buy",
      "i" : "ILV_USD",
      "m" : "4611686018430282384"
    }, {
      "d" : "1756452836695332274",
      "t" : 1756452836695,
      "tn" : 1756452836695332274,
      "q" : "0.081",
      "p" : "14.314",
      "s" : "buy",
      "i" : "ILV_USD",
      "m" : "4611686018430282383"
    }, {
      "d" : "1756451382485786605",
      "t" : 1756451382485,
      "tn" : 1756451382485786605,
      "q" : "3.680",
      "p" : "14.333",
      "s" : "buy",
      "i" : "ILV_USD",
      "m" : "4611686018430282382"
    }, {
      "d" : "1756451382483672727",
      "t" : 1756451382483,
      "tn" : 1756451382483672727,
      "q" : "0.081",
      "p" : "14.333",
      "s" : "sell",
      "i" : "ILV_USD",
      "m" : "4611686018430282381"
    }, {
      "d" : "1756451378619459377",
      "t" : 1756451378619,
      "tn" : 1756451378619459377,
      "q" : "0.081",
      "p" : "14.334",
      "s" : "sell",
      "i" : "ILV_USD",
      "m" : "4611686018430282380"
    }, {
      "d" : "1756451372795294045",
      "t" : 1756451372795,
      "tn" : 1756451372795294045,
      "q" : "0.081",
      "p" : "14.332",
      "s" : "sell",
      "i" : "ILV_USD",
      "m" : "4611686018430282379"
    }, {
      "d" : "1756451366756398346",
      "t" : 1756451366756,
      "tn" : 1756451366756398346,
      "q" : "0.324",
      "p" : "14.334",
      "s" : "buy",
      "i" : "ILV_USD",
      "m" : "4611686018430282378"
    }, {
      "d" : "1756451366751166096",
      "t" : 1756451366751,
      "tn" : 1756451366751166095,
      "q" : "1.885",
      "p" : "14.334",
      "s" : "sell",
      "i" : "ILV_USD",
      "m" : "4611686018430282377"
    }, {
      "d" : "1756451366751166095",
      "t" : 1756451366751,
      "tn" : 1756451366751166095,
      "q" : "0.081",
      "p" : "14.334",
      "s" : "sell",
      "i" : "ILV_USD",
      "m" : "4611686018430282377"
    }, {
      "d" : "1756451360854499400",
      "t" : 1756451360854,
      "tn" : 1756451360854499400,
      "q" : "0.081",
      "p" : "14.340",
      "s" : "sell",
      "i" : "ILV_USD",
      "m" : "4611686018430282376"
    }, {
      "d" : "1756451354769814877",
      "t" : 1756451354769,
      "tn" : 1756451354769814877,
      "q" : "0.081",
      "p" : "14.345",
      "s" : "sell",
      "i" : "ILV_USD",
      "m" : "4611686018430282375"
    }, {
      "d" : "1756451348876348246",
      "t" : 1756451348876,
      "tn" : 1756451348876348246,
      "q" : "0.081",
      "p" : "14.345",
      "s" : "sell",
      "i" : "ILV_USD",
      "m" : "4611686018430282374"
    }, {
      "d" : "1756450710893326645",
      "t" : 1756450710893,
      "tn" : 1756450710893326645,
      "q" : "0.326",
      "p" : "14.557",
      "s" : "sell",
      "i" : "ILV_USD",
      "m" : "4611686018430282373"
    }, {
      "d" : "1756450710893302548",
      "t" : 1756450710893,
      "tn" : 1756450710893302548,
      "q" : "5.496",
      "p" : "14.557",
      "s" : "sell",
      "i" : "ILV_USD",
      "m" : "4611686018430282372"
    }, {
      "d" : "1756450710891619048",
      "t" : 1756450710891,
      "tn" : 1756450710891619048,
      "q" : "0.081",
      "p" : "14.557",
      "s" : "sell",
      "i" : "ILV_USD",
      "m" : "4611686018430282371"
    }, {
      "d" : "1756450710887147204",
      "t" : 1756450710887,
      "tn" : 1756450710887147204,
      "q" : "3.764",
      "p" : "14.557",
      "s" : "buy",
      "i" : "ILV_USD",
      "m" : "4611686018430282370"
    }, {
      "d" : "1756450710887145410",
      "t" : 1756450710887,
      "tn" : 1756450710887145410,
      "q" : "0.081",
      "p" : "14.520",
      "s" : "buy",
      "i" : "ILV_USD",
      "m" : "4611686018430282369"
    }, {
      "d" : "1756450704720506509",
      "t" : 1756450704720,
      "tn" : 1756450704720506509,
      "q" : "0.081",
      "p" : "14.520",
      "s" : "buy",
      "i" : "ILV_USD",
      "m" : "4611686018430282368"
    }, {
      "d" : "1756450698689986745",
      "t" : 1756450698689,
      "tn" : 1756450698689986745,
      "q" : "0.081",
      "p" : "14.520",
      "s" : "buy",
      "i" : "ILV_USD",
      "m" : "4611686018430282367"
    }, {
      "d" : "1756450692631640850",
      "t" : 1756450692631,
      "tn" : 1756450692631640850,
      "q" : "0.081",
      "p" : "14.520",
      "s" : "buy",
      "i" : "ILV_USD",
      "m" : "4611686018430282366"
    }, {
      "d" : "1756450121745293940",
      "t" : 1756450121745,
      "tn" : 1756450121745293940,
      "q" : "0.081",
      "p" : "14.526",
      "s" : "buy",
      "i" : "ILV_USD",
      "m" : "4611686018430282365"
    }, {
      "d" : "1756450115927069913",
      "t" : 1756450115927,
      "tn" : 1756450115927069913,
      "q" : "0.081",
      "p" : "14.524",
      "s" : "buy",
      "i" : "ILV_USD",
      "m" : "4611686018430282364"
    }, {
      "d" : "1756450112754957405",
      "t" : 1756450112754,
      "tn" : 1756450112754957405,
      "q" : "0.081",
      "p" : "14.522",
      "s" : "buy",
      "i" : "ILV_USD",
      "m" : "4611686018430282363"
    }, {
      "d" : "1756450106837310314",
      "t" : 1756450106837,
      "tn" : 1756450106837310314,
      "q" : "0.081",
      "p" : "14.526",
      "s" : "buy",
      "i" : "ILV_USD",
      "m" : "4611686018430282362"
    }, {
      "d" : "1756450100744586336",
      "t" : 1756450100744,
      "tn" : 1756450100744586336,
      "q" : "0.081",
      "p" : "14.524",
      "s" : "buy",
      "i" : "ILV_USD",
      "m" : "4611686018430282361"
    }, {
      "d" : "1756450094752850436",
      "t" : 1756450094752,
      "tn" : 1756450094752850436,
      "q" : "0.081",
      "p" : "14.524",
      "s" : "buy",
      "i" : "ILV_USD",
      "m" : "4611686018430282360"
    }, {
      "d" : "1756450088725695467",
      "t" : 1756450088725,
      "tn" : 1756450088725695467,
      "q" : "0.081",
      "p" : "14.524",
      "s" : "buy",
      "i" : "ILV_USD",
      "m" : "4611686018430282359"
    }, {
      "d" : "1756450083021559163",
      "t" : 1756450083021,
      "tn" : 1756450083021559163,
      "q" : "0.081",
      "p" : "14.523",
      "s" : "buy",
      "i" : "ILV_USD",
      "m" : "4611686018430282358"
    }, {
      "d" : "1756449392772628589",
      "t" : 1756449392772,
      "tn" : 1756449392772628589,
      "q" : "2.136",
      "p" : "14.527",
      "s" : "sell",
      "i" : "ILV_USD",
      "m" : "4611686018430282357"
    }, {
      "d" : "1756449392772058678",
      "t" : 1756449392772,
      "tn" : 1756449392772058678,
      "q" : "5.507",
      "p" : "14.527",
      "s" : "sell",
      "i" : "ILV_USD",
      "m" : "4611686018430282356"
    }, {
      "d" : "1756449392765813102",
      "t" : 1756449392765,
      "tn" : 1756449392765813102,
      "q" : "2.480",
      "p" : "14.525",
      "s" : "buy",
      "i" : "ILV_USD",
      "m" : "4611686018430282355"
    }, {
      "d" : "1756449392765811066",
      "t" : 1756449392765,
      "tn" : 1756449392765811066,
      "q" : "0.081",
      "p" : "14.497",
      "s" : "buy",
      "i" : "ILV_USD",
      "m" : "4611686018430282354"
    }, {
      "d" : "1756449386850641346",
      "t" : 1756449386850,
      "tn" : 1756449386850641346,
      "q" : "0.081",
      "p" : "14.497",
      "s" : "buy",
      "i" : "ILV_USD",
      "m" : "4611686018430282353"
    }, {
      "d" : "1756449380900367231",
      "t" : 1756449380900,
      "tn" : 1756449380900367231,
      "q" : "0.081",
      "p" : "14.498",
      "s" : "buy",
      "i" : "ILV_USD",
      "m" : "4611686018430282352"
    }, {
      "d" : "1756449374831855683",
      "t" : 1756449374831,
      "tn" : 1756449374831855683,
      "q" : "0.081",
      "p" : "14.498",
      "s" : "buy",
      "i" : "ILV_USD",
      "m" : "4611686018430282351"
    }, {
      "d" : "1756449369242747308",
      "t" : 1756449369242,
      "tn" : 1756449369242747308,
      "q" : "0.081",
      "p" : "14.499",
      "s" : "buy",
      "i" : "ILV_USD",
      "m" : "4611686018430282350"
    }, {
      "d" : "1756445694672667160",
      "t" : 1756445694672,
      "tn" : 1756445694672667160,
      "q" : "3.172",
      "p" : "14.669",
      "s" : "buy",
      "i" : "ILV_USD",
      "m" : "4611686018430282349"
    }, {
      "d" : "1756445694672664675",
      "t" : 1756445694672,
      "tn" : 1756445694672664675,
      "q" : "0.081",
      "p" : "14.617",
      "s" : "buy",
      "i" : "ILV_USD",
      "m" : "4611686018430282348"
    }, {
      "d" : "1756445688640716947",
      "t" : 1756445688640,
      "tn" : 1756445688640716947,
      "q" : "0.081",
      "p" : "14.617",
      "s" : "buy",
      "i" : "ILV_USD",
      "m" : "4611686018430282347"
    }, {
      "d" : "1756445403741418322",
      "t" : 1756445403741,
      "tn" : 1756445403741418322,
      "q" : "1.210",
      "p" : "14.655",
      "s" : "buy",
      "i" : "ILV_USD",
      "m" : "4611686018430282346"
    }, {
      "d" : "1756445397856824605",
      "t" : 1756445397856,
      "tn" : 1756445397856824605,
      "q" : "0.081",
      "p" : "14.608",
      "s" : "buy",
      "i" : "ILV_USD",
      "m" : "4611686018430282345"
    }, {
      "d" : "1756444747280410245",
      "t" : 1756444747280,
      "tn" : 1756444747280410245,
      "q" : "5.842",
      "p" : "14.625",
      "s" : "sell",
      "i" : "ILV_USD",
      "m" : "4611686018430282344"
    }, {
      "d" : "1756444747265644634",
      "t" : 1756444747265,
      "tn" : 1756444747265644634,
      "q" : "13.675",
      "p" : "14.625",
      "s" : "sell",
      "i" : "ILV_USD",
      "m" : "4611686018430282343"
    }, {
      "d" : "1756441131698478696",
      "t" : 1756441131698,
      "tn" : 1756441131698478696,
      "q" : "1.052",
      "p" : "14.747",
      "s" : "sell",
      "i" : "ILV_USD",
      "m" : "4611686018430282342"
    }, {
      "d" : "1756441125792550561",
      "t" : 1756441125792,
      "tn" : 1756441125792550561,
      "q" : "0.081",
      "p" : "14.717",
      "s" : "buy",
      "i" : "ILV_USD",
      "m" : "4611686018430282341"
    }, {
      "d" : "1756441000836634410",
      "t" : 1756441000836,
      "tn" : 1756441000836634410,
      "q" : "0.081",
      "p" : "14.716",
      "s" : "buy",
      "i" : "ILV_USD",
      "m" : "4611686018430282340"
    }, {
      "d" : "1756440877695545374",
      "t" : 1756440877695,
      "tn" : 1756440877695545374,
      "q" : "0.081",
      "p" : "14.706",
      "s" : "buy",
      "i" : "ILV_USD",
      "m" : "4611686018430282339"
    }, {
      "d" : "1756440871801093248",
      "t" : 1756440871801,
      "tn" : 1756440871801093248,
      "q" : "0.081",
      "p" : "14.706",
      "s" : "buy",
      "i" : "ILV_USD",
      "m" : "4611686018430282338"
    }, {
      "d" : "1756440865873684310",
      "t" : 1756440865873,
      "tn" : 1756440865873684310,
      "q" : "0.081",
      "p" : "14.706",
      "s" : "buy",
      "i" : "ILV_USD",
      "m" : "4611686018430282337"
    }, {
      "d" : "1756440860072540675",
      "t" : 1756440860072,
      "tn" : 1756440860072540675,
      "q" : "0.081",
      "p" : "14.706",
      "s" : "buy",
      "i" : "ILV_USD",
      "m" : "4611686018430282336"
    }, {
      "d" : "1756440817745757462",
      "t" : 1756440817745,
      "tn" : 1756440817745757462,
      "q" : "4.386",
      "p" : "14.650",
      "s" : "sell",
      "i" : "ILV_USD",
      "m" : "4611686018430282335"
    }, {
      "d" : "1756440811789687510",
      "t" : 1756440811789,
      "tn" : 1756440811789687510,
      "q" : "0.081",
      "p" : "14.686",
      "s" : "sell",
      "i" : "ILV_USD",
      "m" : "4611686018430282334"
    }, {
      "d" : "1756440805733916506",
      "t" : 1756440805733,
      "tn" : 1756440805733916506,
      "q" : "0.081",
      "p" : "14.688",
      "s" : "sell",
      "i" : "ILV_USD",
      "m" : "4611686018430282333"
    }, {
      "d" : "1756440799785751627",
      "t" : 1756440799785,
      "tn" : 1756440799785751627,
      "q" : "0.081",
      "p" : "14.688",
      "s" : "sell",
      "i" : "ILV_USD",
      "m" : "4611686018430282332"
    }, {
      "d" : "1756440641227608807",
      "t" : 1756440641227,
      "tn" : 1756440641227608806,
      "q" : "1.710",
      "p" : "14.670",
      "s" : "sell",
      "i" : "ILV_USD",
      "m" : "4611686018430282331"
    }, {
      "d" : "1756440641227608806",
      "t" : 1756440641227,
      "tn" : 1756440641227608806,
      "q" : "0.459",
      "p" : "14.670",
      "s" : "sell",
      "i" : "ILV_USD",
      "m" : "4611686018430282331"
    }, {
      "d" : "1756438132461793903",
      "t" : 1756438132461,
      "tn" : 1756438132461793903,
      "q" : "1.697",
      "p" : "14.717",
      "s" : "buy",
      "i" : "ILV_USD",
      "m" : "4611686018430282330"
    }, {
      "d" : "1756438132456515910",
      "t" : 1756438132456,
      "tn" : 1756438132456515910,
      "q" : "0.081",
      "p" : "14.717",
      "s" : "sell",
      "i" : "ILV_USD",
      "m" : "4611686018430282329"
    }, {
      "d" : "1756434861761115478",
      "t" : 1756434861761,
      "tn" : 1756434861761115478,
      "q" : "17.966",
      "p" : "14.688",
      "s" : "buy",
      "i" : "ILV_USD",
      "m" : "4611686018430282328"
    }, {
      "d" : "1756434861754373634",
      "t" : 1756434861754,
      "tn" : 1756434861754373634,
      "q" : "0.081",
      "p" : "14.688",
      "s" : "sell",
      "i" : "ILV_USD",
      "m" : "4611686018430282327"
    }, {
      "d" : "1756434313708644196",
      "t" : 1756434313708,
      "tn" : 1756434313708644196,
      "q" : "5.247",
      "p" : "14.828",
      "s" : "sell",
      "i" : "ILV_USD",
      "m" : "4611686018430282326"
    }, {
      "d" : "1756434313704239263",
      "t" : 1756434313704,
      "tn" : 1756434313704239263,
      "q" : "0.459",
      "p" : "14.828",
      "s" : "buy",
      "i" : "ILV_USD",
      "m" : "4611686018430282325"
    }, {
      "d" : "1756434307908199236",
      "t" : 1756434307908,
      "tn" : 1756434307908199236,
      "q" : "0.081",
      "p" : "14.767",
      "s" : "buy",
      "i" : "ILV_USD",
      "m" : "4611686018430282324"
    } ]
  }
}