{
  "id" : -1,
  "method" : "public/get-trades",
  "code" : 0,
  "result" : {
    "data" : [ {
      "d" : "1756460513344545038",
      "t" : 1756460513344,
      "tn" : 1756460513344545038,
      "q" : "46.0",
      "p" : "0.52520",
      "s" : "buy",
      "i" : "IMX_USDT",
      "m" : "4611686018430550884"
    }, {
      "d" : "1756460511922001867",
      "t" : 1756460511922,
      "tn" : 1756460511922001867,
      "q" : "80.9",
      "p" : "0.52520",
      "s" : "buy",
      "i" : "IMX_USDT",
      "m" : "4611686018430550883"
    }, {
      "d" : "1756460511921999653",
      "t" : 1756460511921,
      "tn" : 1756460511921999653,
      "q" : "19.2",
      "p" : "0.52519",
      "s" : "buy",
      "i" : "IMX_USDT",
      "m" : "4611686018430550882"
    }, {
      "d" : "1756459099857330957",
      "t" : 1756459099857,
      "tn" : 1756459099857330957,
      "q" : "1035.6",
      "p" : "0.52140",
      "s" : "buy",
      "i" : "IMX_USDT",
      "m" : "4611686018430550881"
    }, {
      "d" : "1756451609741322042",
      "t" : 1756451609741,
      "tn" : 1756451609741322042,
      "q" : "1.9",
      "p" : "0.54015",
      "s" : "buy",
      "i" : "IMX_USDT",
      "m" : "4611686018430550880"
    }, {
      "d" : "1756434242035968334",
      "t" : 1756434242035,
      "tn" : 1756434242035968334,
      "q" : "70.0",
      "p" : "0.55591",
      "s" : "buy",
      "i" : "IMX_USDT",
      "m" : "4611686018430550879"
    }, {
      "d" : "1756427447974453161",
      "t" : 1756427447974,
      "tn" : 1756427447974453161,
      "q" : "958.2",
      "p" : "0.56046",
      "s" : "sell",
      "i" : "IMX_USDT",
      "m" : "4611686018430550878"
    }, {
      "d" : "1756427447974451333",
      "t" : 1756427447974,
      "tn" : 1756427447974451333,
      "q" : "1000.4",
      "p" : "0.56048",
      "s" : "sell",
      "i" : "IMX_USDT",
      "m" : "4611686018430550877"
    }, {
      "d" : "1756427447842331800",
      "t" : 1756427447842,
      "tn" : 1756427447842331800,
      "q" : "269.8",
      "p" : "0.56041",
      "s" : "sell",
      "i" : "IMX_USDT",
      "m" : "4611686018430550876"
    }, {
      "d" : "1756427447842329725",
      "t" : 1756427447842,
      "tn" : 1756427447842329725,
      "q" : "1125.4",
      "p" : "0.56042",
      "s" : "sell",
      "i" : "IMX_USDT",
      "m" : "4611686018430550875"
    }, {
      "d" : "1756427447842327138",
      "t" : 1756427447842,
      "tn" : 1756427447842327138,
      "q" : "506.7",
      "p" : "0.56044",
      "s" : "sell",
      "i" : "IMX_USDT",
      "m" : "4611686018430550874"
    }, {
      "d" : "1756427447842324013",
      "t" : 1756427447842,
      "tn" : 1756427447842324013,
      "q" : "12.0",
      "p" : "0.56046",
      "s" : "sell",
      "i" : "IMX_USDT",
      "m" : "4611686018430550873"
    }, {
      "d" : "1756427447835036463",
      "t" : 1756427447835,
      "tn" : 1756427447835036463,
      "q" : "291.7",
      "p" : "0.56046",
      "s" : "sell",
      "i" : "IMX_USDT",
      "m" : "4611686018430550872"
    }, {
      "d" : "1756427447835034142",
      "t" : 1756427447835,
      "tn" : 1756427447835034142,
      "q" : "66.6",
      "p" : "0.56048",
      "s" : "sell",
      "i" : "IMX_USDT",
      "m" : "4611686018430550871"
    }, {
      "d" : "1756425755689413763",
      "t" : 1756425755689,
      "tn" : 1756425755689413763,
      "q" : "960.0",
      "p" : "0.56433",
      "s" : "buy",
      "i" : "IMX_USDT",
      "m" : "4611686018430550870"
    }, {
      "d" : "1756425755689411661",
      "t" : 1756425755689,
      "tn" : 1756425755689411661,
      "q" : "270.2",
      "p" : "0.56431",
      "s" : "buy",
      "i" : "IMX_USDT",
      "m" : "4611686018430550869"
    }, {
      "d" : "1756425755689267607",
      "t" : 1756425755689,
      "tn" : 1756425755689267607,
      "q" : "358.4",
      "p" : "0.56424",
      "s" : "buy",
      "i" : "IMX_USDT",
      "m" : "4611686018430550868"
    }, {
      "d" : "1756422433449741365",
      "t" : 1756422433449,
      "tn" : 1756422433449741365,
      "q" : "139.2",
      "p" : "0.55914",
      "s" : "buy",
      "i" : "IMX_USDT",
      "m" : "4611686018430550867"
    }, {
      "d" : "1756422433449739081",
      "t" : 1756422433449,
      "tn" : 1756422433449739081,
      "q" : "17.9",
      "p" : "0.55913",
      "s" : "buy",
      "i" : "IMX_USDT",
      "m" : "4611686018430550866"
    }, {
      "d" : "1756421930601990167",
      "t" : 1756421930601,
      "tn" : 1756421930601990167,
      "q" : "612.4",
      "p" : "0.56240",
      "s" : "buy",
      "i" : "IMX_USDT",
      "m" : "4611686018430550865"
    }, {
      "d" : "1756419453405842391",
      "t" : 1756419453405,
      "tn" : 1756419453405842391,
      "q" : "221.1",
      "p" : "0.54644",
      "s" : "buy",
      "i" : "IMX_USDT",
      "m" : "4611686018430550864"
    }, {
      "d" : "1756419453405839867",
      "t" : 1756419453405,
      "tn" : 1756419453405839867,
      "q" : "100.0",
      "p" : "0.54643",
      "s" : "buy",
      "i" : "IMX_USDT",
      "m" : "4611686018430550863"
    }, {
      "d" : "1756419295638791088",
      "t" : 1756419295638,
      "tn" : 1756419295638791088,
      "q" : "100.0",
      "p" : "0.54244",
      "s" : "sell",
      "i" : "IMX_USDT",
      "m" : "4611686018430550862"
    }, {
      "d" : "1756411945445861631",
      "t" : 1756411945445,
      "tn" : 1756411945445861631,
      "q" : "93.2",
      "p" : "0.53023",
      "s" : "buy",
      "i" : "IMX_USDT",
      "m" : "4611686018430550861"
    }, {
      "d" : "1756411945445859442",
      "t" : 1756411945445,
      "tn" : 1756411945445859442,
      "q" : "281.8",
      "p" : "0.53022",
      "s" : "buy",
      "i" : "IMX_USDT",
      "m" : "4611686018430550860"
    }, {
      "d" : "1756411197058152084",
      "t" : 1756411197058,
      "tn" : 1756411197058152084,
      "q" : "229.0",
      "p" : "0.53102",
      "s" : "sell",
      "i" : "IMX_USDT",
      "m" : "4611686018430550859"
    }, {
      "d" : "1756411197058150052",
      "t" : 1756411197058,
      "tn" : 1756411197058150052,
      "q" : "148.0",
      "p" : "0.53103",
      "s" : "sell",
      "i" : "IMX_USDT",
      "m" : "4611686018430550858"
    }, {
      "d" : "1756411195087850662",
      "t" : 1756411195087,
      "tn" : 1756411195087850662,
      "q" : "375.0",
      "p" : "0.53102",
      "s" : "sell",
      "i" : "IMX_USDT",
      "m" : "4611686018430550857"
    }, {
      "d" : "1756411195037051709",
      "t" : 1756411195037,
      "tn" : 1756411195037051709,
      "q" : "36.3",
      "p" : "0.53102",
      "s" : "sell",
      "i" : "IMX_USDT",
      "m" : "4611686018430550856"
    }, {
      "d" : "1756411195037049913",
      "t" : 1756411195037,
      "tn" : 1756411195037049913,
      "q" : "168.5",
      "p" : "0.53103",
      "s" : "sell",
      "i" : "IMX_USDT",
      "m" : "4611686018430550855"
    }, {
      "d" : "1756411195037047774",
      "t" : 1756411195037,
      "tn" : 1756411195037047773,
      "q" : "124.3",
      "p" : "0.53104",
      "s" : "sell",
      "i" : "IMX_USDT",
      "m" : "4611686018430550854"
    }, {
      "d" : "1756411195037047773",
      "t" : 1756411195037,
      "tn" : 1756411195037047773,
      "q" : "109.7",
      "p" : "0.53104",
      "s" : "sell",
      "i" : "IMX_USDT",
      "m" : "4611686018430550854"
    }, {
      "d" : "1756411034049354216",
      "t" : 1756411034049,
      "tn" : 1756411034049354216,
      "q" : "220.5",
      "p" : "0.53225",
      "s" : "sell",
      "i" : "IMX_USDT",
      "m" : "4611686018430550853"
    }, {
      "d" : "1756411034034209700",
      "t" : 1756411034034,
      "tn" : 1756411034034209700,
      "q" : "125.2",
      "p" : "0.53225",
      "s" : "sell",
      "i" : "IMX_USDT",
      "m" : "4611686018430550852"
    }, {
      "d" : "1756411034034207661",
      "t" : 1756411034034,
      "tn" : 1756411034034207661,
      "q" : "281.8",
      "p" : "0.53226",
      "s" : "sell",
      "i" : "IMX_USDT",
      "m" : "4611686018430550851"
    }, {
      "d" : "1756408389089373517",
      "t" : 1756408389089,
      "tn" : 1756408389089373517,
      "q" : "231.8",
      "p" : "0.54323",
      "s" : "sell",
      "i" : "IMX_USDT",
      "m" : "4611686018430550850"
    }, {
      "d" : "1756406471060783314",
      "t" : 1756406471060,
      "tn" : 1756406471060783314,
      "q" : "158.4",
      "p" : "0.54567",
      "s" : "buy",
      "i" : "IMX_USDT",
      "m" : "4611686018430550849"
    }, {
      "d" : "1756406471060780859",
      "t" : 1756406471060,
      "tn" : 1756406471060780859,
      "q" : "157.6",
      "p" : "0.54562",
      "s" : "buy",
      "i" : "IMX_USDT",
      "m" : "4611686018430550848"
    }, {
      "d" : "1756400383172286511",
      "t" : 1756400383172,
      "tn" : 1756400383172286511,
      "q" : "24.0",
      "p" : "0.54387",
      "s" : "sell",
      "i" : "IMX_USDT",
      "m" : "4611686018430550847"
    }, {
      "d" : "1756393677006647158",
      "t" : 1756393677006,
      "tn" : 1756393677006647158,
      "q" : "131.7",
      "p" : "0.56064",
      "s" : "sell",
      "i" : "IMX_USDT",
      "m" : "4611686018430550846"
    }, {
      "d" : "1756392830000017645",
      "t" : 1756392830000,
      "tn" : 1756392830000017645,
      "q" : "556.3",
      "p" : "0.56044",
      "s" : "buy",
      "i" : "IMX_USDT",
      "m" : "4611686018430550845"
    }, {
      "d" : "1756392830000015703",
      "t" : 1756392830000,
      "tn" : 1756392830000015703,
      "q" : "350.8",
      "p" : "0.56042",
      "s" : "buy",
      "i" : "IMX_USDT",
      "m" : "4611686018430550844"
    }, {
      "d" : "1756392830000013267",
      "t" : 1756392830000,
      "tn" : 1756392830000013267,
      "q" : "171.5",
      "p" : "0.56040",
      "s" : "buy",
      "i" : "IMX_USDT",
      "m" : "4611686018430550843"
    }, {
      "d" : "1756392829939721556",
      "t" : 1756392829939,
      "tn" : 1756392829939721556,
      "q" : "699.8",
      "p" : "0.56040",
      "s" : "buy",
      "i" : "IMX_USDT",
      "m" : "4611686018430550842"
    }, {
      "d" : "1756392829939719828",
      "t" : 1756392829939,
      "tn" : 1756392829939719828,
      "q" : "210.2",
      "p" : "0.56036",
      "s" : "buy",
      "i" : "IMX_USDT",
      "m" : "4611686018430550841"
    }, {
      "d" : "1756392829932695469",
      "t" : 1756392829932,
      "tn" : 1756392829932695469,
      "q" : "813.5",
      "p" : "0.56036",
      "s" : "buy",
      "i" : "IMX_USDT",
      "m" : "4611686018430550840"
    }, {
      "d" : "1756391345563486920",
      "t" : 1756391345563,
      "tn" : 1756391345563486920,
      "q" : "193.6",
      "p" : "0.56399",
      "s" : "sell",
      "i" : "IMX_USDT",
      "m" : "4611686018430550839"
    }, {
      "d" : "1756391345344554874",
      "t" : 1756391345344,
      "tn" : 1756391345344554874,
      "q" : "148.7",
      "p" : "0.56481",
      "s" : "sell",
      "i" : "IMX_USDT",
      "m" : "4611686018430550838"
    }, {
      "d" : "1756391345343960795",
      "t" : 1756391345343,
      "tn" : 1756391345343960795,
      "q" : "708.2",
      "p" : "0.56481",
      "s" : "sell",
      "i" : "IMX_USDT",
      "m" : "4611686018430550837"
    }, {
      "d" : "1756391345326897821",
      "t" : 1756391345326,
      "tn" : 1756391345326897821,
      "q" : "62.6",
      "p" : "0.56395",
      "s" : "sell",
      "i" : "IMX_USDT",
      "m" : "4611686018430550836"
    }, {
      "d" : "1756391345326896350",
      "t" : 1756391345326,
      "tn" : 1756391345326896350,
      "q" : "141.5",
      "p" : "0.56398",
      "s" : "sell",
      "i" : "IMX_USDT",
      "m" : "4611686018430550835"
    }, {
      "d" : "1756391345326893952",
      "t" : 1756391345326,
      "tn" : 1756391345326893952,
      "q" : "289.0",
      "p" : "0.56399",
      "s" : "sell",
      "i" : "IMX_USDT",
      "m" : "4611686018430550834"
    }, {
      "d" : "1756391345326891311",
      "t" : 1756391345326,
      "tn" : 1756391345326891311,
      "q" : "87.1",
      "p" : "0.56400",
      "s" : "sell",
      "i" : "IMX_USDT",
      "m" : "4611686018430550833"
    }, {
      "d" : "1756391345326794433",
      "t" : 1756391345326,
      "tn" : 1756391345326794433,
      "q" : "528.5",
      "p" : "0.56400",
      "s" : "sell",
      "i" : "IMX_USDT",
      "m" : "4611686018430550832"
    }, {
      "d" : "1756391345131581961",
      "t" : 1756391345131,
      "tn" : 1756391345131581961,
      "q" : "371.0",
      "p" : "0.56400",
      "s" : "sell",
      "i" : "IMX_USDT",
      "m" : "4611686018430550831"
    }, {
      "d" : "1756391345026017640",
      "t" : 1756391345026,
      "tn" : 1756391345026017640,
      "q" : "146.0",
      "p" : "0.56481",
      "s" : "sell",
      "i" : "IMX_USDT",
      "m" : "4611686018430550830"
    }, {
      "d" : "1756391337630951928",
      "t" : 1756391337630,
      "tn" : 1756391337630951928,
      "q" : "16.3",
      "p" : "0.56393",
      "s" : "sell",
      "i" : "IMX_USDT",
      "m" : "4611686018430550829"
    }, {
      "d" : "1756390731098340266",
      "t" : 1756390731098,
      "tn" : 1756390731098340266,
      "q" : "9.6",
      "p" : "0.56286",
      "s" : "sell",
      "i" : "IMX_USDT",
      "m" : "4611686018430550828"
    }, {
      "d" : "1756387269941089181",
      "t" : 1756387269941,
      "tn" : 1756387269941089181,
      "q" : "865.7",
      "p" : "0.54817",
      "s" : "buy",
      "i" : "IMX_USDT",
      "m" : "4611686018430550827"
    }, {
      "d" : "1756387265617666627",
      "t" : 1756387265617,
      "tn" : 1756387265617666627,
      "q" : "115.9",
      "p" : "0.54817",
      "s" : "buy",
      "i" : "IMX_USDT",
      "m" : "4611686018430550826"
    }, {
      "d" : "1756387265617664729",
      "t" : 1756387265617,
      "tn" : 1756387265617664729,
      "q" : "274.2",
      "p" : "0.54816",
      "s" : "buy",
      "i" : "IMX_USDT",
      "m" : "4611686018430550825"
    }, {
      "d" : "1756385289764872897",
      "t" : 1756385289764,
      "tn" : 1756385289764872897,
      "q" : "74.0",
      "p" : "0.54715",
      "s" : "sell",
      "i" : "IMX_USDT",
      "m" : "4611686018430550824"
    }, {
      "d" : "1756385289764870892",
      "t" : 1756385289764,
      "tn" : 1756385289764870892,
      "q" : "502.7",
      "p" : "0.54717",
      "s" : "sell",
      "i" : "IMX_USDT",
      "m" : "4611686018430550823"
    }, {
      "d" : "1756385289764868266",
      "t" : 1756385289764,
      "tn" : 1756385289764868266,
      "q" : "274.1",
      "p" : "0.54718",
      "s" : "sell",
      "i" : "IMX_USDT",
      "m" : "4611686018430550822"
    }, {
      "d" : "1756384211378501503",
      "t" : 1756384211378,
      "tn" : 1756384211378501503,
      "q" : "777.5",
      "p" : "0.54700",
      "s" : "buy",
      "i" : "IMX_USDT",
      "m" : "4611686018430550821"
    }, {
      "d" : "1756384210967008401",
      "t" : 1756384210967,
      "tn" : 1756384210967008401,
      "q" : "365.1",
      "p" : "0.54700",
      "s" : "buy",
      "i" : "IMX_USDT",
      "m" : "4611686018430550820"
    }, {
      "d" : "1756384209200232930",
      "t" : 1756384209200,
      "tn" : 1756384209200232930,
      "q" : "61.8",
      "p" : "0.54700",
      "s" : "buy",
      "i" : "IMX_USDT",
      "m" : "4611686018430550819"
    }, {
      "d" : "1756384209200230775",
      "t" : 1756384209200,
      "tn" : 1756384209200230775,
      "q" : "239.2",
      "p" : "0.54699",
      "s" : "buy",
      "i" : "IMX_USDT",
      "m" : "4611686018430550818"
    }, {
      "d" : "1756383858054644909",
      "t" : 1756383858054,
      "tn" : 1756383858054644909,
      "q" : "18.2",
      "p" : "0.54737",
      "s" : "buy",
      "i" : "IMX_USDT",
      "m" : "4611686018430550817"
    }, {
      "d" : "1756383857906733195",
      "t" : 1756383857906,
      "tn" : 1756383857906733195,
      "q" : "44.2",
      "p" : "0.54738",
      "s" : "buy",
      "i" : "IMX_USDT",
      "m" : "4611686018430550816"
    }, {
      "d" : "1756383356426369228",
      "t" : 1756383356426,
      "tn" : 1756383356426369228,
      "q" : "5.5",
      "p" : "0.54300",
      "s" : "sell",
      "i" : "IMX_USDT",
      "m" : "4611686018430550815"
    }, {
      "d" : "1756381572223088791",
      "t" : 1756381572223,
      "tn" : 1756381572223088791,
      "q" : "156.2",
      "p" : "0.54400",
      "s" : "sell",
      "i" : "IMX_USDT",
      "m" : "4611686018430550814"
    }, {
      "d" : "1756381560658441067",
      "t" : 1756381560658,
      "tn" : 1756381560658441067,
      "q" : "371.2",
      "p" : "0.54371",
      "s" : "sell",
      "i" : "IMX_USDT",
      "m" : "4611686018430550813"
    }, {
      "d" : "1756381560658438862",
      "t" : 1756381560658,
      "tn" : 1756381560658438862,
      "q" : "1092.3",
      "p" : "0.54372",
      "s" : "sell",
      "i" : "IMX_USDT",
      "m" : "4611686018430550812"
    }, {
      "d" : "1756381560658434539",
      "t" : 1756381560658,
      "tn" : 1756381560658434539,
      "q" : "275.8",
      "p" : "0.54373",
      "s" : "sell",
      "i" : "IMX_USDT",
      "m" : "4611686018430550811"
    }, {
      "d" : "1756380123303616151",
      "t" : 1756380123303,
      "tn" : 1756380123303616151,
      "q" : "6.4",
      "p" : "0.54388",
      "s" : "buy",
      "i" : "IMX_USDT",
      "m" : "4611686018430550810"
    }, {
      "d" : "1756380123303614322",
      "t" : 1756380123303,
      "tn" : 1756380123303614322,
      "q" : "344.7",
      "p" : "0.54387",
      "s" : "buy",
      "i" : "IMX_USDT",
      "m" : "4611686018430550809"
    }, {
      "d" : "1756379197171421546",
      "t" : 1756379197171,
      "tn" : 1756379197171421546,
      "q" : "158.8",
      "p" : "0.54208",
      "s" : "sell",
      "i" : "IMX_USDT",
      "m" : "4611686018430550808"
    }, {
      "d" : "1756378656684346370",
      "t" : 1756378656684,
      "tn" : 1756378656684346370,
      "q" : "22.1",
      "p" : "0.54376",
      "s" : "buy",
      "i" : "IMX_USDT",
      "m" : "4611686018430550807"
    }, {
      "d" : "1756378656684342973",
      "t" : 1756378656684,
      "tn" : 1756378656684342973,
      "q" : "344.8",
      "p" : "0.54375",
      "s" : "buy",
      "i" : "IMX_USDT",
      "m" : "4611686018430550806"
    } ]
  }
}