{
  "id" : -1,
  "method" : "public/get-trades",
  "code" : 0,
  "result" : {
    "data" : [ {
      "d" : "1756460511920981122",
      "t" : 1756460511920,
      "tn" : 1756460511920981122,
      "q" : "100.0",
      "p" : "0.52622",
      "s" : "sell",
      "i" : "IMX_USD",
      "m" : "4611686018430408697"
    }, {
      "d" : "1756460344049907688",
      "t" : 1756460344049,
      "tn" : 1756460344049907688,
      "q" : "200.0",
      "p" : "0.52567",
      "s" : "sell",
      "i" : "IMX_USD",
      "m" : "4611686018430408696"
    }, {
      "d" : "1756460318289407290",
      "t" : 1756460318289,
      "tn" : 1756460318289407290,
      "q" : "200.0",
      "p" : "0.52601",
      "s" : "sell",
      "i" : "IMX_USD",
      "m" : "4611686018430408695"
    }, {
      "d" : "1756459667542026931",
      "t" : 1756459667542,
      "tn" : 1756459667542026931,
      "q" : "200.0",
      "p" : "0.52572",
      "s" : "sell",
      "i" : "IMX_USD",
      "m" : "4611686018430408694"
    }, {
      "d" : "1756458471238979637",
      "t" : 1756458471238,
      "tn" : 1756458471238979637,
      "q" : "170.1",
      "p" : "0.52118",
      "s" : "sell",
      "i" : "IMX_USD",
      "m" : "4611686018430408693"
    }, {
      "d" : "1756458108365743702",
      "t" : 1756458108365,
      "tn" : 1756458108365743702,
      "q" : "2453.5",
      "p" : "0.51836",
      "s" : "sell",
      "i" : "IMX_USD",
      "m" : "4611686018430408692"
    }, {
      "d" : "1756458108365236932",
      "t" : 1756458108365,
      "tn" : 1756458108365236932,
      "q" : "520.1",
      "p" : "0.51836",
      "s" : "sell",
      "i" : "IMX_USD",
      "m" : "4611686018430408691"
    }, {
      "d" : "1756458108007128169",
      "t" : 1756458108007,
      "tn" : 1756458108007128169,
      "q" : "1030.3",
      "p" : "0.51836",
      "s" : "sell",
      "i" : "IMX_USD",
      "m" : "4611686018430408690"
    }, {
      "d" : "1756458103611116400",
      "t" : 1756458103611,
      "tn" : 1756458103611116400,
      "q" : "177.1",
      "p" : "0.51836",
      "s" : "sell",
      "i" : "IMX_USD",
      "m" : "4611686018430408689"
    }, {
      "d" : "1756458103611114505",
      "t" : 1756458103611,
      "tn" : 1756458103611114505,
      "q" : "228.9",
      "p" : "0.51840",
      "s" : "sell",
      "i" : "IMX_USD",
      "m" : "4611686018430408688"
    }, {
      "d" : "1756458099381950259",
      "t" : 1756458099381,
      "tn" : 1756458099381950259,
      "q" : "225.9",
      "p" : "0.51840",
      "s" : "sell",
      "i" : "IMX_USD",
      "m" : "4611686018430408687"
    }, {
      "d" : "1756458099381948060",
      "t" : 1756458099381,
      "tn" : 1756458099381948060,
      "q" : "160.1",
      "p" : "0.51841",
      "s" : "sell",
      "i" : "IMX_USD",
      "m" : "4611686018430408686"
    }, {
      "d" : "1756458097446774700",
      "t" : 1756458097446,
      "tn" : 1756458097446774700,
      "q" : "291.1",
      "p" : "0.51840",
      "s" : "sell",
      "i" : "IMX_USD",
      "m" : "4611686018430408685"
    }, {
      "d" : "1756458097446772986",
      "t" : 1756458097446,
      "tn" : 1756458097446772986,
      "q" : "96.9",
      "p" : "0.51841",
      "s" : "sell",
      "i" : "IMX_USD",
      "m" : "4611686018430408684"
    }, {
      "d" : "1756458096206019826",
      "t" : 1756458096206,
      "tn" : 1756458096206019825,
      "q" : "281.4",
      "p" : "0.51840",
      "s" : "sell",
      "i" : "IMX_USD",
      "m" : "4611686018430408683"
    }, {
      "d" : "1756458096206019825",
      "t" : 1756458096206,
      "tn" : 1756458096206019825,
      "q" : "149.6",
      "p" : "0.51840",
      "s" : "sell",
      "i" : "IMX_USD",
      "m" : "4611686018430408683"
    }, {
      "d" : "1756458046935536205",
      "t" : 1756458046935,
      "tn" : 1756458046935536205,
      "q" : "50.0",
      "p" : "0.52000",
      "s" : "sell",
      "i" : "IMX_USD",
      "m" : "4611686018430408682"
    }, {
      "d" : "1756458046935534230",
      "t" : 1756458046935,
      "tn" : 1756458046935534230,
      "q" : "379.2",
      "p" : "0.52001",
      "s" : "sell",
      "i" : "IMX_USD",
      "m" : "4611686018430408681"
    }, {
      "d" : "1756457794594426548",
      "t" : 1756457794594,
      "tn" : 1756457794594426548,
      "q" : "84.2",
      "p" : "0.52314",
      "s" : "sell",
      "i" : "IMX_USD",
      "m" : "4611686018430408680"
    }, {
      "d" : "1756456025333497948",
      "t" : 1756456025333,
      "tn" : 1756456025333497948,
      "q" : "145.0",
      "p" : "0.52591",
      "s" : "buy",
      "i" : "IMX_USD",
      "m" : "4611686018430408679"
    }, {
      "d" : "1756455547910229869",
      "t" : 1756455547910,
      "tn" : 1756455547910229869,
      "q" : "200.0",
      "p" : "0.52470",
      "s" : "sell",
      "i" : "IMX_USD",
      "m" : "4611686018430408678"
    }, {
      "d" : "1756454824282020622",
      "t" : 1756454824282,
      "tn" : 1756454824282020622,
      "q" : "177.7",
      "p" : "0.52759",
      "s" : "sell",
      "i" : "IMX_USD",
      "m" : "4611686018430408677"
    }, {
      "d" : "1756453791148577142",
      "t" : 1756453791148,
      "tn" : 1756453791148577142,
      "q" : "27.5",
      "p" : "0.52934",
      "s" : "sell",
      "i" : "IMX_USD",
      "m" : "4611686018430408676"
    }, {
      "d" : "1756453466770754415",
      "t" : 1756453466770,
      "tn" : 1756453466770754415,
      "q" : "26.0",
      "p" : "0.52995",
      "s" : "sell",
      "i" : "IMX_USD",
      "m" : "4611686018430408675"
    }, {
      "d" : "1756452732639163655",
      "t" : 1756452732639,
      "tn" : 1756452732639163655,
      "q" : "995.4",
      "p" : "0.53133",
      "s" : "buy",
      "i" : "IMX_USD",
      "m" : "4611686018430408674"
    }, {
      "d" : "1756451222632380319",
      "t" : 1756451222632,
      "tn" : 1756451222632380319,
      "q" : "163.2",
      "p" : "0.54104",
      "s" : "sell",
      "i" : "IMX_USD",
      "m" : "4611686018430408673"
    }, {
      "d" : "1756451110284193263",
      "t" : 1756451110284,
      "tn" : 1756451110284193263,
      "q" : "84.2",
      "p" : "0.54229",
      "s" : "sell",
      "i" : "IMX_USD",
      "m" : "4611686018430408672"
    }, {
      "d" : "1756448481091237462",
      "t" : 1756448481091,
      "tn" : 1756448481091237462,
      "q" : "48.7",
      "p" : "0.54363",
      "s" : "buy",
      "i" : "IMX_USD",
      "m" : "4611686018430408671"
    }, {
      "d" : "1756447620700152155",
      "t" : 1756447620700,
      "tn" : 1756447620700152155,
      "q" : "139.9",
      "p" : "0.55298",
      "s" : "sell",
      "i" : "IMX_USD",
      "m" : "4611686018430408670"
    }, {
      "d" : "1756447585243194719",
      "t" : 1756447585243,
      "tn" : 1756447585243194719,
      "q" : "204.3",
      "p" : "0.55000",
      "s" : "sell",
      "i" : "IMX_USD",
      "m" : "4611686018430408669"
    }, {
      "d" : "1756445714243639766",
      "t" : 1756445714243,
      "tn" : 1756445714243639766,
      "q" : "512.2",
      "p" : "0.55000",
      "s" : "sell",
      "i" : "IMX_USD",
      "m" : "4611686018430408668"
    }, {
      "d" : "1756445714243416401",
      "t" : 1756445714243,
      "tn" : 1756445714243416401,
      "q" : "575.1",
      "p" : "0.55000",
      "s" : "sell",
      "i" : "IMX_USD",
      "m" : "4611686018430408667"
    }, {
      "d" : "1756445713976894982",
      "t" : 1756445713976,
      "tn" : 1756445713976894982,
      "q" : "362.0",
      "p" : "0.55000",
      "s" : "sell",
      "i" : "IMX_USD",
      "m" : "4611686018430408666"
    }, {
      "d" : "1756445713936238663",
      "t" : 1756445713936,
      "tn" : 1756445713936238663,
      "q" : "164.5",
      "p" : "0.55000",
      "s" : "sell",
      "i" : "IMX_USD",
      "m" : "4611686018430408665"
    }, {
      "d" : "1756445713936236488",
      "t" : 1756445713936,
      "tn" : 1756445713936236488,
      "q" : "114.0",
      "p" : "0.55011",
      "s" : "sell",
      "i" : "IMX_USD",
      "m" : "4611686018430408664"
    }, {
      "d" : "1756445713936229517",
      "t" : 1756445713936,
      "tn" : 1756445713936229517,
      "q" : "18.2",
      "p" : "0.55012",
      "s" : "sell",
      "i" : "IMX_USD",
      "m" : "4611686018430408663"
    }, {
      "d" : "1756445713936226856",
      "t" : 1756445713936,
      "tn" : 1756445713936226856,
      "q" : "67.3",
      "p" : "0.55013",
      "s" : "sell",
      "i" : "IMX_USD",
      "m" : "4611686018430408662"
    }, {
      "d" : "1756445712329968513",
      "t" : 1756445712329,
      "tn" : 1756445712329968513,
      "q" : "75.8",
      "p" : "0.55013",
      "s" : "sell",
      "i" : "IMX_USD",
      "m" : "4611686018430408661"
    }, {
      "d" : "1756445712329966409",
      "t" : 1756445712329,
      "tn" : 1756445712329966409,
      "q" : "288.2",
      "p" : "0.55015",
      "s" : "sell",
      "i" : "IMX_USD",
      "m" : "4611686018430408660"
    }, {
      "d" : "1756445708806580433",
      "t" : 1756445708806,
      "tn" : 1756445708806580433,
      "q" : "403.8",
      "p" : "0.55015",
      "s" : "sell",
      "i" : "IMX_USD",
      "m" : "4611686018430408659"
    }, {
      "d" : "1756445193156408585",
      "t" : 1756445193156,
      "tn" : 1756445193156408585,
      "q" : "43.7",
      "p" : "0.55422",
      "s" : "sell",
      "i" : "IMX_USD",
      "m" : "4611686018430408658"
    }, {
      "d" : "1756444821234828248",
      "t" : 1756444821234,
      "tn" : 1756444821234828248,
      "q" : "43.3",
      "p" : "0.55551",
      "s" : "sell",
      "i" : "IMX_USD",
      "m" : "4611686018430408657"
    }, {
      "d" : "1756444015092423342",
      "t" : 1756444015092,
      "tn" : 1756444015092423342,
      "q" : "157.7",
      "p" : "0.55402",
      "s" : "sell",
      "i" : "IMX_USD",
      "m" : "4611686018430408656"
    }, {
      "d" : "1756443903380005692",
      "t" : 1756443903380,
      "tn" : 1756443903380005692,
      "q" : "144.4",
      "p" : "0.55197",
      "s" : "buy",
      "i" : "IMX_USD",
      "m" : "4611686018430408655"
    }, {
      "d" : "1756443291497240199",
      "t" : 1756443291497,
      "tn" : 1756443291497240199,
      "q" : "69.7",
      "p" : "0.55632",
      "s" : "sell",
      "i" : "IMX_USD",
      "m" : "4611686018430408654"
    }, {
      "d" : "1756442421730155060",
      "t" : 1756442421730,
      "tn" : 1756442421730155060,
      "q" : "52.0",
      "p" : "0.55665",
      "s" : "sell",
      "i" : "IMX_USD",
      "m" : "4611686018430408653"
    }, {
      "d" : "1756442262063775141",
      "t" : 1756442262063,
      "tn" : 1756442262063775141,
      "q" : "26.2",
      "p" : "0.55610",
      "s" : "sell",
      "i" : "IMX_USD",
      "m" : "4611686018430408652"
    }, {
      "d" : "1756441867005297881",
      "t" : 1756441867005,
      "tn" : 1756441867005297881,
      "q" : "43.2",
      "p" : "0.55821",
      "s" : "sell",
      "i" : "IMX_USD",
      "m" : "4611686018430408651"
    }, {
      "d" : "1756441535414295641",
      "t" : 1756441535414,
      "tn" : 1756441535414295641,
      "q" : "26.0",
      "p" : "0.55749",
      "s" : "sell",
      "i" : "IMX_USD",
      "m" : "4611686018430408650"
    }, {
      "d" : "1756441248402891747",
      "t" : 1756441248402,
      "tn" : 1756441248402891747,
      "q" : "26.1",
      "p" : "0.55850",
      "s" : "sell",
      "i" : "IMX_USD",
      "m" : "4611686018430408649"
    }, {
      "d" : "1756440425861796884",
      "t" : 1756440425861,
      "tn" : 1756440425861796884,
      "q" : "157.4",
      "p" : "0.55505",
      "s" : "sell",
      "i" : "IMX_USD",
      "m" : "4611686018430408648"
    }, {
      "d" : "1756440361839137790",
      "t" : 1756440361839,
      "tn" : 1756440361839137790,
      "q" : "170.8",
      "p" : "0.55719",
      "s" : "sell",
      "i" : "IMX_USD",
      "m" : "4611686018430408647"
    }, {
      "d" : "1756440108904125110",
      "t" : 1756440108904,
      "tn" : 1756440108904125110,
      "q" : "1792.1",
      "p" : "0.55473",
      "s" : "buy",
      "i" : "IMX_USD",
      "m" : "4611686018430408646"
    }, {
      "d" : "1756440105469543333",
      "t" : 1756440105469,
      "tn" : 1756440105469543333,
      "q" : "97.5",
      "p" : "0.55481",
      "s" : "buy",
      "i" : "IMX_USD",
      "m" : "4611686018430408645"
    }, {
      "d" : "1756439292990461585",
      "t" : 1756439292990,
      "tn" : 1756439292990461585,
      "q" : "82.0",
      "p" : "0.55576",
      "s" : "sell",
      "i" : "IMX_USD",
      "m" : "4611686018430408644"
    }, {
      "d" : "1756439081694923336",
      "t" : 1756439081694,
      "tn" : 1756439081694923336,
      "q" : "520.3",
      "p" : "0.55192",
      "s" : "buy",
      "i" : "IMX_USD",
      "m" : "4611686018430408643"
    }, {
      "d" : "1756439076265035475",
      "t" : 1756439076265,
      "tn" : 1756439076265035475,
      "q" : "88.0",
      "p" : "0.55387",
      "s" : "buy",
      "i" : "IMX_USD",
      "m" : "4611686018430408642"
    }, {
      "d" : "1756439076235602896",
      "t" : 1756439076235,
      "tn" : 1756439076235602896,
      "q" : "374.1",
      "p" : "0.55387",
      "s" : "buy",
      "i" : "IMX_USD",
      "m" : "4611686018430408641"
    }, {
      "d" : "1756439076232091279",
      "t" : 1756439076232,
      "tn" : 1756439076232091279,
      "q" : "404.8",
      "p" : "0.55387",
      "s" : "buy",
      "i" : "IMX_USD",
      "m" : "4611686018430408640"
    }, {
      "d" : "1756439076227157968",
      "t" : 1756439076227,
      "tn" : 1756439076227157968,
      "q" : "491.2",
      "p" : "0.55387",
      "s" : "buy",
      "i" : "IMX_USD",
      "m" : "4611686018430408639"
    }, {
      "d" : "1756438403435136950",
      "t" : 1756438403435,
      "tn" : 1756438403435136950,
      "q" : "58.8",
      "p" : "0.55194",
      "s" : "buy",
      "i" : "IMX_USD",
      "m" : "4611686018430408638"
    }, {
      "d" : "1756436888490007763",
      "t" : 1756436888490,
      "tn" : 1756436888490007763,
      "q" : "70.1",
      "p" : "0.55366",
      "s" : "buy",
      "i" : "IMX_USD",
      "m" : "4611686018430408637"
    }, {
      "d" : "1756436822784060767",
      "t" : 1756436822784,
      "tn" : 1756436822784060767,
      "q" : "158.9",
      "p" : "0.55384",
      "s" : "sell",
      "i" : "IMX_USD",
      "m" : "4611686018430408636"
    }, {
      "d" : "1756434927185590220",
      "t" : 1756434927185,
      "tn" : 1756434927185590220,
      "q" : "165.4",
      "p" : "0.55153",
      "s" : "buy",
      "i" : "IMX_USD",
      "m" : "4611686018430408635"
    }, {
      "d" : "1756434242034074202",
      "t" : 1756434242034,
      "tn" : 1756434242034074202,
      "q" : "70.0",
      "p" : "0.55820",
      "s" : "sell",
      "i" : "IMX_USD",
      "m" : "4611686018430408634"
    }, {
      "d" : "1756433527183125149",
      "t" : 1756433527183,
      "tn" : 1756433527183125149,
      "q" : "45.0",
      "p" : "0.54998",
      "s" : "buy",
      "i" : "IMX_USD",
      "m" : "4611686018430408633"
    }, {
      "d" : "1756433221148972960",
      "t" : 1756433221148,
      "tn" : 1756433221148972960,
      "q" : "158.6",
      "p" : "0.55381",
      "s" : "sell",
      "i" : "IMX_USD",
      "m" : "4611686018430408632"
    }, {
      "d" : "1756432219665112702",
      "t" : 1756432219665,
      "tn" : 1756432219665112702,
      "q" : "222.0",
      "p" : "0.55279",
      "s" : "sell",
      "i" : "IMX_USD",
      "m" : "4611686018430408631"
    }, {
      "d" : "1756431614613892395",
      "t" : 1756431614613,
      "tn" : 1756431614613892395,
      "q" : "657.9",
      "p" : "0.55011",
      "s" : "buy",
      "i" : "IMX_USD",
      "m" : "4611686018430408630"
    }, {
      "d" : "1756431610230216287",
      "t" : 1756431610230,
      "tn" : 1756431610230216287,
      "q" : "362.0",
      "p" : "0.55231",
      "s" : "buy",
      "i" : "IMX_USD",
      "m" : "4611686018430408629"
    }, {
      "d" : "1756431608310751256",
      "t" : 1756431608310,
      "tn" : 1756431608310751256,
      "q" : "325.9",
      "p" : "0.55231",
      "s" : "buy",
      "i" : "IMX_USD",
      "m" : "4611686018430408628"
    }, {
      "d" : "1756430458326302956",
      "t" : 1756430458326,
      "tn" : 1756430458326302956,
      "q" : "643.8",
      "p" : "0.55037",
      "s" : "sell",
      "i" : "IMX_USD",
      "m" : "4611686018430408627"
    }, {
      "d" : "1756430458326301302",
      "t" : 1756430458326,
      "tn" : 1756430458326301302,
      "q" : "624.9",
      "p" : "0.55039",
      "s" : "sell",
      "i" : "IMX_USD",
      "m" : "4611686018430408626"
    }, {
      "d" : "1756430458323073645",
      "t" : 1756430458323,
      "tn" : 1756430458323073645,
      "q" : "296.3",
      "p" : "0.55039",
      "s" : "sell",
      "i" : "IMX_USD",
      "m" : "4611686018430408625"
    }, {
      "d" : "1756430458323071820",
      "t" : 1756430458323,
      "tn" : 1756430458323071820,
      "q" : "59.3",
      "p" : "0.55041",
      "s" : "sell",
      "i" : "IMX_USD",
      "m" : "4611686018430408624"
    }, {
      "d" : "1756430458323068447",
      "t" : 1756430458323,
      "tn" : 1756430458323068447,
      "q" : "71.2",
      "p" : "0.55043",
      "s" : "sell",
      "i" : "IMX_USD",
      "m" : "4611686018430408623"
    }, {
      "d" : "1756429778014261194",
      "t" : 1756429778014,
      "tn" : 1756429778014261194,
      "q" : "270.7",
      "p" : "0.55308",
      "s" : "buy",
      "i" : "IMX_USD",
      "m" : "4611686018430408622"
    }, {
      "d" : "1756429621700918120",
      "t" : 1756429621700,
      "tn" : 1756429621700918120,
      "q" : "83.4",
      "p" : "0.55719",
      "s" : "sell",
      "i" : "IMX_USD",
      "m" : "4611686018430408621"
    }, {
      "d" : "1756429621700776112",
      "t" : 1756429621700,
      "tn" : 1756429621700776112,
      "q" : "73.7",
      "p" : "0.55719",
      "s" : "sell",
      "i" : "IMX_USD",
      "m" : "4611686018430408620"
    }, {
      "d" : "1756429366670342036",
      "t" : 1756429366670,
      "tn" : 1756429366670342036,
      "q" : "48.3",
      "p" : "0.56183",
      "s" : "sell",
      "i" : "IMX_USD",
      "m" : "4611686018430408619"
    }, {
      "d" : "1756428187495461531",
      "t" : 1756428187495,
      "tn" : 1756428187495461531,
      "q" : "275.0",
      "p" : "0.55390",
      "s" : "buy",
      "i" : "IMX_USD",
      "m" : "4611686018430408618"
    }, {
      "d" : "1756428065092091849",
      "t" : 1756428065092,
      "tn" : 1756428065092091849,
      "q" : "73.8",
      "p" : "0.55702",
      "s" : "buy",
      "i" : "IMX_USD",
      "m" : "4611686018430408617"
    }, {
      "d" : "1756427324870712579",
      "t" : 1756427324870,
      "tn" : 1756427324870712579,
      "q" : "127.1",
      "p" : "0.56117",
      "s" : "buy",
      "i" : "IMX_USD",
      "m" : "4611686018430408616"
    }, {
      "d" : "1756427322287898807",
      "t" : 1756427322287,
      "tn" : 1756427322287898807,
      "q" : "324.9",
      "p" : "0.56117",
      "s" : "buy",
      "i" : "IMX_USD",
      "m" : "4611686018430408615"
    }, {
      "d" : "1756426845121287335",
      "t" : 1756426845121,
      "tn" : 1756426845121287335,
      "q" : "1304.2",
      "p" : "0.56153",
      "s" : "sell",
      "i" : "IMX_USD",
      "m" : "4611686018430408614"
    }, {
      "d" : "1756426376667260702",
      "t" : 1756426376667,
      "tn" : 1756426376667260702,
      "q" : "2382.9",
      "p" : "0.56059",
      "s" : "sell",
      "i" : "IMX_USD",
      "m" : "4611686018430408613"
    }, {
      "d" : "1756426021618775464",
      "t" : 1756426021618,
      "tn" : 1756426021618775464,
      "q" : "156.9",
      "p" : "0.56192",
      "s" : "sell",
      "i" : "IMX_USD",
      "m" : "4611686018430408612"
    }, {
      "d" : "1756425987492234131",
      "t" : 1756425987492,
      "tn" : 1756425987492234131,
      "q" : "456.7",
      "p" : "0.56000",
      "s" : "sell",
      "i" : "IMX_USD",
      "m" : "4611686018430408611"
    }, {
      "d" : "1756425908537331305",
      "t" : 1756425908537,
      "tn" : 1756425908537331305,
      "q" : "1837.0",
      "p" : "0.56000",
      "s" : "sell",
      "i" : "IMX_USD",
      "m" : "4611686018430408610"
    }, {
      "d" : "1756425908537211955",
      "t" : 1756425908537,
      "tn" : 1756425908537211955,
      "q" : "607.4",
      "p" : "0.56000",
      "s" : "sell",
      "i" : "IMX_USD",
      "m" : "4611686018430408609"
    }, {
      "d" : "1756425907543296926",
      "t" : 1756425907543,
      "tn" : 1756425907543296926,
      "q" : "1084.2",
      "p" : "0.56000",
      "s" : "sell",
      "i" : "IMX_USD",
      "m" : "4611686018430408608"
    }, {
      "d" : "1756425907543097045",
      "t" : 1756425907543,
      "tn" : 1756425907543097045,
      "q" : "973.1",
      "p" : "0.56000",
      "s" : "sell",
      "i" : "IMX_USD",
      "m" : "4611686018430408607"
    }, {
      "d" : "1756425907543094481",
      "t" : 1756425907543,
      "tn" : 1756425907543094481,
      "q" : "558.3",
      "p" : "0.56000",
      "s" : "sell",
      "i" : "IMX_USD",
      "m" : "4611686018430408606"
    }, {
      "d" : "1756425907543091467",
      "t" : 1756425907543,
      "tn" : 1756425907543091467,
      "q" : "670.1",
      "p" : "0.56000",
      "s" : "sell",
      "i" : "IMX_USD",
      "m" : "4611686018430408605"
    }, {
      "d" : "1756425906498864174",
      "t" : 1756425906498,
      "tn" : 1756425906498864174,
      "q" : "422.0",
      "p" : "0.56000",
      "s" : "sell",
      "i" : "IMX_USD",
      "m" : "4611686018430408604"
    }, {
      "d" : "1756425901631591981",
      "t" : 1756425901631,
      "tn" : 1756425901631591981,
      "q" : "292.0",
      "p" : "0.56000",
      "s" : "sell",
      "i" : "IMX_USD",
      "m" : "4611686018430408603"
    }, {
      "d" : "1756425894766272705",
      "t" : 1756425894766,
      "tn" : 1756425894766272705,
      "q" : "406.9",
      "p" : "0.56000",
      "s" : "sell",
      "i" : "IMX_USD",
      "m" : "4611686018430408602"
    }, {
      "d" : "1756425720453932059",
      "t" : 1756425720453,
      "tn" : 1756425720453932059,
      "q" : "408.2",
      "p" : "0.56159",
      "s" : "sell",
      "i" : "IMX_USD",
      "m" : "4611686018430408601"
    }, {
      "d" : "1756425720453929415",
      "t" : 1756425720453,
      "tn" : 1756425720453929415,
      "q" : "771.8",
      "p" : "0.56161",
      "s" : "sell",
      "i" : "IMX_USD",
      "m" : "4611686018430408600"
    }, {
      "d" : "1756425720453861455",
      "t" : 1756425720453,
      "tn" : 1756425720453861455,
      "q" : "1399.9",
      "p" : "0.56161",
      "s" : "sell",
      "i" : "IMX_USD",
      "m" : "4611686018430408599"
    }, {
      "d" : "1756425620259071756",
      "t" : 1756425620259,
      "tn" : 1756425620259071756,
      "q" : "1400.0",
      "p" : "0.56205",
      "s" : "buy",
      "i" : "IMX_USD",
      "m" : "4611686018430408598"
    }, {
      "d" : "1756423482924652648",
      "t" : 1756423482924,
      "tn" : 1756423482924652648,
      "q" : "176.9",
      "p" : "0.56036",
      "s" : "sell",
      "i" : "IMX_USD",
      "m" : "4611686018430408597"
    }, {
      "d" : "1756423470874613453",
      "t" : 1756423470874,
      "tn" : 1756423470874613453,
      "q" : "166.9",
      "p" : "0.56098",
      "s" : "sell",
      "i" : "IMX_USD",
      "m" : "4611686018430408596"
    }, {
      "d" : "1756423426330244702",
      "t" : 1756423426330,
      "tn" : 1756423426330244702,
      "q" : "284.7",
      "p" : "0.55892",
      "s" : "sell",
      "i" : "IMX_USD",
      "m" : "4611686018430408595"
    }, {
      "d" : "1756423421523334512",
      "t" : 1756423421523,
      "tn" : 1756423421523334512,
      "q" : "2715.3",
      "p" : "0.55823",
      "s" : "sell",
      "i" : "IMX_USD",
      "m" : "4611686018430408594"
    }, {
      "d" : "1756423338891382860",
      "t" : 1756423338891,
      "tn" : 1756423338891382860,
      "q" : "34.8",
      "p" : "0.56043",
      "s" : "sell",
      "i" : "IMX_USD",
      "m" : "4611686018430408593"
    }, {
      "d" : "1756422707659879655",
      "t" : 1756422707659,
      "tn" : 1756422707659879655,
      "q" : "50.0",
      "p" : "0.55924",
      "s" : "sell",
      "i" : "IMX_USD",
      "m" : "4611686018430408592"
    }, {
      "d" : "1756422707658428134",
      "t" : 1756422707658,
      "tn" : 1756422707658428134,
      "q" : "103.3",
      "p" : "0.55924",
      "s" : "sell",
      "i" : "IMX_USD",
      "m" : "4611686018430408591"
    }, {
      "d" : "1756422433450742584",
      "t" : 1756422433450,
      "tn" : 1756422433450742584,
      "q" : "0.1",
      "p" : "0.56037",
      "s" : "sell",
      "i" : "IMX_USD",
      "m" : "4611686018430408590"
    }, {
      "d" : "1756422433450551953",
      "t" : 1756422433450,
      "tn" : 1756422433450551953,
      "q" : "157.0",
      "p" : "0.56037",
      "s" : "sell",
      "i" : "IMX_USD",
      "m" : "4611686018430408589"
    }, {
      "d" : "1756422102602035048",
      "t" : 1756422102602,
      "tn" : 1756422102602035048,
      "q" : "26.1",
      "p" : "0.55971",
      "s" : "buy",
      "i" : "IMX_USD",
      "m" : "4611686018430408588"
    }, {
      "d" : "1756422102602032870",
      "t" : 1756422102602,
      "tn" : 1756422102602032870,
      "q" : "576.7",
      "p" : "0.55968",
      "s" : "buy",
      "i" : "IMX_USD",
      "m" : "4611686018430408587"
    }, {
      "d" : "1756422101095867996",
      "t" : 1756422101095,
      "tn" : 1756422101095867996,
      "q" : "452.3",
      "p" : "0.55968",
      "s" : "buy",
      "i" : "IMX_USD",
      "m" : "4611686018430408586"
    }, {
      "d" : "1756422101095866126",
      "t" : 1756422101095,
      "tn" : 1756422101095866126,
      "q" : "373.6",
      "p" : "0.55966",
      "s" : "buy",
      "i" : "IMX_USD",
      "m" : "4611686018430408585"
    }, {
      "d" : "1756422100086729950",
      "t" : 1756422100086,
      "tn" : 1756422100086729950,
      "q" : "1776.6",
      "p" : "0.55965",
      "s" : "buy",
      "i" : "IMX_USD",
      "m" : "4611686018430408584"
    }, {
      "d" : "1756421985749259783",
      "t" : 1756421985749,
      "tn" : 1756421985749259783,
      "q" : "100.0",
      "p" : "0.56125",
      "s" : "sell",
      "i" : "IMX_USD",
      "m" : "4611686018430408583"
    }, {
      "d" : "1756421483025338820",
      "t" : 1756421483025,
      "tn" : 1756421483025338820,
      "q" : "24.4",
      "p" : "0.55135",
      "s" : "buy",
      "i" : "IMX_USD",
      "m" : "4611686018430408582"
    }, {
      "d" : "1756420407254430206",
      "t" : 1756420407254,
      "tn" : 1756420407254430206,
      "q" : "11.6",
      "p" : "0.55366",
      "s" : "buy",
      "i" : "IMX_USD",
      "m" : "4611686018430408581"
    }, {
      "d" : "1756420350113025544",
      "t" : 1756420350113,
      "tn" : 1756420350113025544,
      "q" : "20.2",
      "p" : "0.55021",
      "s" : "buy",
      "i" : "IMX_USD",
      "m" : "4611686018430408580"
    }, {
      "d" : "1756418982823985786",
      "t" : 1756418982823,
      "tn" : 1756418982823985786,
      "q" : "87.1",
      "p" : "0.54256",
      "s" : "buy",
      "i" : "IMX_USD",
      "m" : "4611686018430408579"
    }, {
      "d" : "1756418829306451704",
      "t" : 1756418829306,
      "tn" : 1756418829306451704,
      "q" : "161.9",
      "p" : "0.54415",
      "s" : "sell",
      "i" : "IMX_USD",
      "m" : "4611686018430408578"
    }, {
      "d" : "1756416437766930991",
      "t" : 1756416437766,
      "tn" : 1756416437766930991,
      "q" : "50.0",
      "p" : "0.53478",
      "s" : "buy",
      "i" : "IMX_USD",
      "m" : "4611686018430408577"
    }, {
      "d" : "1756415484559297736",
      "t" : 1756415484559,
      "tn" : 1756415484559297736,
      "q" : "92.9",
      "p" : "0.53750",
      "s" : "sell",
      "i" : "IMX_USD",
      "m" : "4611686018430408576"
    }, {
      "d" : "1756415245078371382",
      "t" : 1756415245078,
      "tn" : 1756415245078371382,
      "q" : "50.0",
      "p" : "0.53597",
      "s" : "sell",
      "i" : "IMX_USD",
      "m" : "4611686018430408575"
    }, {
      "d" : "1756415226039565063",
      "t" : 1756415226039,
      "tn" : 1756415226039565063,
      "q" : "163.6",
      "p" : "0.53600",
      "s" : "sell",
      "i" : "IMX_USD",
      "m" : "4611686018430408574"
    }, {
      "d" : "1756414603566515066",
      "t" : 1756414603566,
      "tn" : 1756414603566515066,
      "q" : "91.2",
      "p" : "0.53015",
      "s" : "buy",
      "i" : "IMX_USD",
      "m" : "4611686018430408573"
    }, {
      "d" : "1756414287383416820",
      "t" : 1756414287383,
      "tn" : 1756414287383416820,
      "q" : "236.6",
      "p" : "0.52981",
      "s" : "buy",
      "i" : "IMX_USD",
      "m" : "4611686018430408572"
    }, {
      "d" : "1756413605925654383",
      "t" : 1756413605925,
      "tn" : 1756413605925654383,
      "q" : "211.3",
      "p" : "0.53183",
      "s" : "sell",
      "i" : "IMX_USD",
      "m" : "4611686018430408571"
    }, {
      "d" : "1756412736448601656",
      "t" : 1756412736448,
      "tn" : 1756412736448601656,
      "q" : "134.0",
      "p" : "0.52868",
      "s" : "buy",
      "i" : "IMX_USD",
      "m" : "4611686018430408570"
    }, {
      "d" : "1756411927373545437",
      "t" : 1756411927373,
      "tn" : 1756411927373545437,
      "q" : "609.8",
      "p" : "0.52976",
      "s" : "buy",
      "i" : "IMX_USD",
      "m" : "4611686018430408569"
    }, {
      "d" : "1756411927046145171",
      "t" : 1756411927046,
      "tn" : 1756411927046145171,
      "q" : "374.9",
      "p" : "0.52976",
      "s" : "buy",
      "i" : "IMX_USD",
      "m" : "4611686018430408568"
    }, {
      "d" : "1756411829362658462",
      "t" : 1756411829362,
      "tn" : 1756411829362658462,
      "q" : "808.7",
      "p" : "0.53056",
      "s" : "sell",
      "i" : "IMX_USD",
      "m" : "4611686018430408567"
    }, {
      "d" : "1756411827582632745",
      "t" : 1756411827582,
      "tn" : 1756411827582632745,
      "q" : "924.0",
      "p" : "0.53059",
      "s" : "sell",
      "i" : "IMX_USD",
      "m" : "4611686018430408566"
    }, {
      "d" : "1756411827578886907",
      "t" : 1756411827578,
      "tn" : 1756411827578886907,
      "q" : "1826.0",
      "p" : "0.53059",
      "s" : "sell",
      "i" : "IMX_USD",
      "m" : "4611686018430408565"
    }, {
      "d" : "1756411623083784904",
      "t" : 1756411623083,
      "tn" : 1756411623083784904,
      "q" : "165.0",
      "p" : "0.53033",
      "s" : "sell",
      "i" : "IMX_USD",
      "m" : "4611686018430408564"
    }, {
      "d" : "1756411613442574570",
      "t" : 1756411613442,
      "tn" : 1756411613442574570,
      "q" : "179.9",
      "p" : "0.53033",
      "s" : "sell",
      "i" : "IMX_USD",
      "m" : "4611686018430408563"
    }, {
      "d" : "1756411440565366604",
      "t" : 1756411440565,
      "tn" : 1756411440565366604,
      "q" : "432.4",
      "p" : "0.52909",
      "s" : "sell",
      "i" : "IMX_USD",
      "m" : "4611686018430408562"
    }, {
      "d" : "1756411440565364199",
      "t" : 1756411440565,
      "tn" : 1756411440565364199,
      "q" : "742.6",
      "p" : "0.52911",
      "s" : "sell",
      "i" : "IMX_USD",
      "m" : "4611686018430408561"
    }, {
      "d" : "1756411355187462895",
      "t" : 1756411355187,
      "tn" : 1756411355187462895,
      "q" : "180.9",
      "p" : "0.53224",
      "s" : "sell",
      "i" : "IMX_USD",
      "m" : "4611686018430408560"
    }, {
      "d" : "1756410813889371351",
      "t" : 1756410813889,
      "tn" : 1756410813889371351,
      "q" : "100.0",
      "p" : "0.53583",
      "s" : "sell",
      "i" : "IMX_USD",
      "m" : "4611686018430408559"
    }, {
      "d" : "1756410612235459780",
      "t" : 1756410612235,
      "tn" : 1756410612235459780,
      "q" : "27.0",
      "p" : "0.53556",
      "s" : "sell",
      "i" : "IMX_USD",
      "m" : "4611686018430408558"
    }, {
      "d" : "1756409752506237282",
      "t" : 1756409752506,
      "tn" : 1756409752506237282,
      "q" : "48.3",
      "p" : "0.53629",
      "s" : "buy",
      "i" : "IMX_USD",
      "m" : "4611686018430408557"
    }, {
      "d" : "1756409574224912776",
      "t" : 1756409574224,
      "tn" : 1756409574224912776,
      "q" : "75.1",
      "p" : "0.54012",
      "s" : "sell",
      "i" : "IMX_USD",
      "m" : "4611686018430408556"
    }, {
      "d" : "1756408041267137317",
      "t" : 1756408041267,
      "tn" : 1756408041267137317,
      "q" : "40.0",
      "p" : "0.54091",
      "s" : "buy",
      "i" : "IMX_USD",
      "m" : "4611686018430408555"
    }, {
      "d" : "1756408016747535711",
      "t" : 1756408016747,
      "tn" : 1756408016747535711,
      "q" : "150.8",
      "p" : "0.54299",
      "s" : "sell",
      "i" : "IMX_USD",
      "m" : "4611686018430408554"
    }, {
      "d" : "1756407496064705649",
      "t" : 1756407496064,
      "tn" : 1756407496064705649,
      "q" : "88.1",
      "p" : "0.54468",
      "s" : "sell",
      "i" : "IMX_USD",
      "m" : "4611686018430408553"
    }, {
      "d" : "1756407353575487672",
      "t" : 1756407353575,
      "tn" : 1756407353575487672,
      "q" : "382.0",
      "p" : "0.54567",
      "s" : "sell",
      "i" : "IMX_USD",
      "m" : "4611686018430408552"
    }, {
      "d" : "1756405748122344715",
      "t" : 1756405748122,
      "tn" : 1756405748122344715,
      "q" : "689.4",
      "p" : "0.54114",
      "s" : "sell",
      "i" : "IMX_USD",
      "m" : "4611686018430408551"
    }, {
      "d" : "1756405541231091891",
      "t" : 1756405541231,
      "tn" : 1756405541231091891,
      "q" : "1764.3",
      "p" : "0.53996",
      "s" : "buy",
      "i" : "IMX_USD",
      "m" : "4611686018430408550"
    }, {
      "d" : "1756405541230550228",
      "t" : 1756405541230,
      "tn" : 1756405541230550228,
      "q" : "166.7",
      "p" : "0.53996",
      "s" : "buy",
      "i" : "IMX_USD",
      "m" : "4611686018430408549"
    } ]
  }
}