{
  "id" : -1,
  "method" : "public/get-trades",
  "code" : 0,
  "result" : {
    "data" : [ {
      "d" : "1756460642247617402",
      "t" : 1756460642247,
      "tn" : 1756460642247617402,
      "q" : "1",
      "p" : "0.52486",
      "s" : "sell",
      "i" : "IMXUSD-PERP",
      "m" : "4611686018430279443"
    }, {
      "d" : "1756459348289705846",
      "t" : 1756459348289,
      "tn" : 1756459348289705846,
      "q" : "1",
      "p" : "0.52527",
      "s" : "sell",
      "i" : "IMXUSD-PERP",
      "m" : "4611686018430279442"
    }, {
      "d" : "1756459346743216093",
      "t" : 1756459346743,
      "tn" : 1756459346743216093,
      "q" : "1",
      "p" : "0.52488",
      "s" : "sell",
      "i" : "IMXUSD-PERP",
      "m" : "4611686018430279441"
    }, {
      "d" : "1756459267753268418",
      "t" : 1756459267753,
      "tn" : 1756459267753268418,
      "q" : "1",
      "p" : "0.52415",
      "s" : "sell",
      "i" : "IMXUSD-PERP",
      "m" : "4611686018430279440"
    }, {
      "d" : "1756459267753266421",
      "t" : 1756459267753,
      "tn" : 1756459267753266421,
      "q" : "1",
      "p" : "0.52439",
      "s" : "sell",
      "i" : "IMXUSD-PERP",
      "m" : "4611686018430279439"
    }, {
      "d" : "1756458994103526508",
      "t" : 1756458994103,
      "tn" : 1756458994103526508,
      "q" : "1",
      "p" : "0.52169",
      "s" : "sell",
      "i" : "IMXUSD-PERP",
      "m" : "4611686018430279438"
    }, {
      "d" : "1756458126313330989",
      "t" : 1756458126313,
      "tn" : 1756458126313330989,
      "q" : "1",
      "p" : "0.51815",
      "s" : "sell",
      "i" : "IMXUSD-PERP",
      "m" : "4611686018430279437"
    }, {
      "d" : "1756458126313328876",
      "t" : 1756458126313,
      "tn" : 1756458126313328876,
      "q" : "1",
      "p" : "0.51839",
      "s" : "sell",
      "i" : "IMXUSD-PERP",
      "m" : "4611686018430279436"
    }, {
      "d" : "1756458102453054605",
      "t" : 1756458102453,
      "tn" : 1756458102453054605,
      "q" : "20",
      "p" : "0.51865",
      "s" : "sell",
      "i" : "IMXUSD-PERP",
      "m" : "4611686018430279435"
    }, {
      "d" : "1756458102453053067",
      "t" : 1756458102453,
      "tn" : 1756458102453053067,
      "q" : "1",
      "p" : "0.51890",
      "s" : "sell",
      "i" : "IMXUSD-PERP",
      "m" : "4611686018430279434"
    }, {
      "d" : "1756457834341504631",
      "t" : 1756457834341,
      "tn" : 1756457834341504631,
      "q" : "1",
      "p" : "0.52195",
      "s" : "buy",
      "i" : "IMXUSD-PERP",
      "m" : "4611686018430279433"
    }, {
      "d" : "1756457736367801458",
      "t" : 1756457736367,
      "tn" : 1756457736367801458,
      "q" : "1",
      "p" : "0.52205",
      "s" : "buy",
      "i" : "IMXUSD-PERP",
      "m" : "4611686018430279432"
    }, {
      "d" : "1756457657570207991",
      "t" : 1756457657570,
      "tn" : 1756457657570207991,
      "q" : "1",
      "p" : "0.52295",
      "s" : "buy",
      "i" : "IMXUSD-PERP",
      "m" : "4611686018430279431"
    }, {
      "d" : "1756457490032503632",
      "t" : 1756457490032,
      "tn" : 1756457490032503632,
      "q" : "1",
      "p" : "0.52375",
      "s" : "buy",
      "i" : "IMXUSD-PERP",
      "m" : "4611686018430279430"
    }, {
      "d" : "1756457483500018669",
      "t" : 1756457483500,
      "tn" : 1756457483500018669,
      "q" : "1",
      "p" : "0.52415",
      "s" : "buy",
      "i" : "IMXUSD-PERP",
      "m" : "4611686018430279429"
    }, {
      "d" : "1756457412148446740",
      "t" : 1756457412148,
      "tn" : 1756457412148446740,
      "q" : "1",
      "p" : "0.52405",
      "s" : "buy",
      "i" : "IMXUSD-PERP",
      "m" : "4611686018430279428"
    }, {
      "d" : "1756457378206730061",
      "t" : 1756457378206,
      "tn" : 1756457378206730061,
      "q" : "1",
      "p" : "0.52375",
      "s" : "buy",
      "i" : "IMXUSD-PERP",
      "m" : "4611686018430279427"
    }, {
      "d" : "1756457367191958736",
      "t" : 1756457367191,
      "tn" : 1756457367191958736,
      "q" : "1",
      "p" : "0.52385",
      "s" : "buy",
      "i" : "IMXUSD-PERP",
      "m" : "4611686018430279426"
    }, {
      "d" : "1756457357189057622",
      "t" : 1756457357189,
      "tn" : 1756457357189057622,
      "q" : "1",
      "p" : "0.52384",
      "s" : "buy",
      "i" : "IMXUSD-PERP",
      "m" : "4611686018430279425"
    }, {
      "d" : "1756457174453062447",
      "t" : 1756457174453,
      "tn" : 1756457174453062447,
      "q" : "1",
      "p" : "0.52440",
      "s" : "sell",
      "i" : "IMXUSD-PERP",
      "m" : "4611686018430279424"
    }, {
      "d" : "1756456526493408500",
      "t" : 1756456526493,
      "tn" : 1756456526493408500,
      "q" : "1",
      "p" : "0.52425",
      "s" : "sell",
      "i" : "IMXUSD-PERP",
      "m" : "4611686018430279423"
    }, {
      "d" : "1756456526493406422",
      "t" : 1756456526493,
      "tn" : 1756456526493406422,
      "q" : "1",
      "p" : "0.52451",
      "s" : "sell",
      "i" : "IMXUSD-PERP",
      "m" : "4611686018430279422"
    }, {
      "d" : "1756456159257504589",
      "t" : 1756456159257,
      "tn" : 1756456159257504589,
      "q" : "1",
      "p" : "0.52315",
      "s" : "buy",
      "i" : "IMXUSD-PERP",
      "m" : "4611686018430279421"
    }, {
      "d" : "1756456144465345757",
      "t" : 1756456144465,
      "tn" : 1756456144465345757,
      "q" : "1",
      "p" : "0.52315",
      "s" : "buy",
      "i" : "IMXUSD-PERP",
      "m" : "4611686018430279420"
    }, {
      "d" : "1756456134462007501",
      "t" : 1756456134462,
      "tn" : 1756456134462007501,
      "q" : "1",
      "p" : "0.52325",
      "s" : "buy",
      "i" : "IMXUSD-PERP",
      "m" : "4611686018430279419"
    }, {
      "d" : "1756456124417305228",
      "t" : 1756456124417,
      "tn" : 1756456124417305228,
      "q" : "1",
      "p" : "0.52325",
      "s" : "buy",
      "i" : "IMXUSD-PERP",
      "m" : "4611686018430279418"
    }, {
      "d" : "1756456120488600606",
      "t" : 1756456120488,
      "tn" : 1756456120488600606,
      "q" : "1",
      "p" : "0.52285",
      "s" : "buy",
      "i" : "IMXUSD-PERP",
      "m" : "4611686018430279417"
    }, {
      "d" : "1756456114456044384",
      "t" : 1756456114456,
      "tn" : 1756456114456044384,
      "q" : "1",
      "p" : "0.52285",
      "s" : "buy",
      "i" : "IMXUSD-PERP",
      "m" : "4611686018430279416"
    }, {
      "d" : "1756456114073378110",
      "t" : 1756456114073,
      "tn" : 1756456114073378110,
      "q" : "1",
      "p" : "0.52305",
      "s" : "buy",
      "i" : "IMXUSD-PERP",
      "m" : "4611686018430279415"
    }, {
      "d" : "1756456112464548136",
      "t" : 1756456112464,
      "tn" : 1756456112464548136,
      "q" : "1",
      "p" : "0.52285",
      "s" : "buy",
      "i" : "IMXUSD-PERP",
      "m" : "4611686018430279414"
    }, {
      "d" : "1756456104358995379",
      "t" : 1756456104358,
      "tn" : 1756456104358995379,
      "q" : "1",
      "p" : "0.52302",
      "s" : "buy",
      "i" : "IMXUSD-PERP",
      "m" : "4611686018430279413"
    }, {
      "d" : "1756456104278012267",
      "t" : 1756456104278,
      "tn" : 1756456104278012267,
      "q" : "1",
      "p" : "0.52300",
      "s" : "buy",
      "i" : "IMXUSD-PERP",
      "m" : "4611686018430279412"
    }, {
      "d" : "1756456104030455841",
      "t" : 1756456104030,
      "tn" : 1756456104030455841,
      "q" : "1",
      "p" : "0.52315",
      "s" : "buy",
      "i" : "IMXUSD-PERP",
      "m" : "4611686018430279411"
    }, {
      "d" : "1756456104030453762",
      "t" : 1756456104030,
      "tn" : 1756456104030453762,
      "q" : "1",
      "p" : "0.52311",
      "s" : "buy",
      "i" : "IMXUSD-PERP",
      "m" : "4611686018430279410"
    }, {
      "d" : "1756456093985159183",
      "t" : 1756456093985,
      "tn" : 1756456093985159183,
      "q" : "1",
      "p" : "0.52314",
      "s" : "buy",
      "i" : "IMXUSD-PERP",
      "m" : "4611686018430279409"
    }, {
      "d" : "1756456093985156862",
      "t" : 1756456093985,
      "tn" : 1756456093985156862,
      "q" : "1",
      "p" : "0.52310",
      "s" : "buy",
      "i" : "IMXUSD-PERP",
      "m" : "4611686018430279408"
    }, {
      "d" : "1756456083966717016",
      "t" : 1756456083966,
      "tn" : 1756456083966717016,
      "q" : "1",
      "p" : "0.52310",
      "s" : "buy",
      "i" : "IMXUSD-PERP",
      "m" : "4611686018430279407"
    }, {
      "d" : "1756456049292053089",
      "t" : 1756456049292,
      "tn" : 1756456049292053089,
      "q" : "1",
      "p" : "0.52300",
      "s" : "buy",
      "i" : "IMXUSD-PERP",
      "m" : "4611686018430279406"
    }, {
      "d" : "1756456026564392949",
      "t" : 1756456026564,
      "tn" : 1756456026564392949,
      "q" : "1",
      "p" : "0.52320",
      "s" : "buy",
      "i" : "IMXUSD-PERP",
      "m" : "4611686018430279405"
    }, {
      "d" : "1756455868380574164",
      "t" : 1756455868380,
      "tn" : 1756455868380574164,
      "q" : "1",
      "p" : "0.52283",
      "s" : "buy",
      "i" : "IMXUSD-PERP",
      "m" : "4611686018430279404"
    }, {
      "d" : "1756455868380571863",
      "t" : 1756455868380,
      "tn" : 1756455868380571863,
      "q" : "1",
      "p" : "0.52280",
      "s" : "buy",
      "i" : "IMXUSD-PERP",
      "m" : "4611686018430279403"
    }, {
      "d" : "1756455864082099224",
      "t" : 1756455864082,
      "tn" : 1756455864082099224,
      "q" : "1",
      "p" : "0.52290",
      "s" : "buy",
      "i" : "IMXUSD-PERP",
      "m" : "4611686018430279402"
    }, {
      "d" : "1756455863075342192",
      "t" : 1756455863075,
      "tn" : 1756455863075342192,
      "q" : "1",
      "p" : "0.52292",
      "s" : "buy",
      "i" : "IMXUSD-PERP",
      "m" : "4611686018430279401"
    }, {
      "d" : "1756455863075340073",
      "t" : 1756455863075,
      "tn" : 1756455863075340073,
      "q" : "1",
      "p" : "0.52290",
      "s" : "buy",
      "i" : "IMXUSD-PERP",
      "m" : "4611686018430279400"
    }, {
      "d" : "1756455858320001108",
      "t" : 1756455858320,
      "tn" : 1756455858320001108,
      "q" : "1",
      "p" : "0.52321",
      "s" : "buy",
      "i" : "IMXUSD-PERP",
      "m" : "4611686018430279399"
    }, {
      "d" : "1756455858319999185",
      "t" : 1756455858319,
      "tn" : 1756455858319999185,
      "q" : "1",
      "p" : "0.52320",
      "s" : "buy",
      "i" : "IMXUSD-PERP",
      "m" : "4611686018430279398"
    }, {
      "d" : "1756455846643200518",
      "t" : 1756455846643,
      "tn" : 1756455846643200518,
      "q" : "1",
      "p" : "0.52391",
      "s" : "buy",
      "i" : "IMXUSD-PERP",
      "m" : "4611686018430279397"
    }, {
      "d" : "1756455846643198444",
      "t" : 1756455846643,
      "tn" : 1756455846643198444,
      "q" : "1",
      "p" : "0.52390",
      "s" : "buy",
      "i" : "IMXUSD-PERP",
      "m" : "4611686018430279396"
    }, {
      "d" : "1756455832118933745",
      "t" : 1756455832118,
      "tn" : 1756455832118933745,
      "q" : "1",
      "p" : "0.52335",
      "s" : "buy",
      "i" : "IMXUSD-PERP",
      "m" : "4611686018430279395"
    }, {
      "d" : "1756455822081280008",
      "t" : 1756455822081,
      "tn" : 1756455822081280008,
      "q" : "1",
      "p" : "0.52345",
      "s" : "buy",
      "i" : "IMXUSD-PERP",
      "m" : "4611686018430279394"
    }, {
      "d" : "1756455632413080467",
      "t" : 1756455632413,
      "tn" : 1756455632413080467,
      "q" : "1",
      "p" : "0.52305",
      "s" : "sell",
      "i" : "IMXUSD-PERP",
      "m" : "4611686018430279393"
    }, {
      "d" : "1756455632413078931",
      "t" : 1756455632413,
      "tn" : 1756455632413078931,
      "q" : "1",
      "p" : "0.52334",
      "s" : "sell",
      "i" : "IMXUSD-PERP",
      "m" : "4611686018430279392"
    }, {
      "d" : "1756455616581624134",
      "t" : 1756455616581,
      "tn" : 1756455616581624134,
      "q" : "1",
      "p" : "0.52367",
      "s" : "buy",
      "i" : "IMXUSD-PERP",
      "m" : "4611686018430279391"
    }, {
      "d" : "1756455614607925543",
      "t" : 1756455614607,
      "tn" : 1756455614607925543,
      "q" : "1",
      "p" : "0.52411",
      "s" : "buy",
      "i" : "IMXUSD-PERP",
      "m" : "4611686018430279390"
    }, {
      "d" : "1756455614607923593",
      "t" : 1756455614607,
      "tn" : 1756455614607923593,
      "q" : "1",
      "p" : "0.52407",
      "s" : "buy",
      "i" : "IMXUSD-PERP",
      "m" : "4611686018430279389"
    }, {
      "d" : "1756455434642285010",
      "t" : 1756455434642,
      "tn" : 1756455434642285010,
      "q" : "1",
      "p" : "0.52485",
      "s" : "buy",
      "i" : "IMXUSD-PERP",
      "m" : "4611686018430279388"
    }, {
      "d" : "1756455421160903817",
      "t" : 1756455421160,
      "tn" : 1756455421160903817,
      "q" : "1",
      "p" : "0.52480",
      "s" : "buy",
      "i" : "IMXUSD-PERP",
      "m" : "4611686018430279387"
    }, {
      "d" : "1756455421160901963",
      "t" : 1756455421160,
      "tn" : 1756455421160901963,
      "q" : "1",
      "p" : "0.52476",
      "s" : "buy",
      "i" : "IMXUSD-PERP",
      "m" : "4611686018430279386"
    }, {
      "d" : "1756455418820694736",
      "t" : 1756455418820,
      "tn" : 1756455418820694736,
      "q" : "1",
      "p" : "0.52499",
      "s" : "buy",
      "i" : "IMXUSD-PERP",
      "m" : "4611686018430279385"
    }, {
      "d" : "1756455418820691965",
      "t" : 1756455418820,
      "tn" : 1756455418820691965,
      "q" : "1",
      "p" : "0.52495",
      "s" : "buy",
      "i" : "IMXUSD-PERP",
      "m" : "4611686018430279384"
    }, {
      "d" : "1756455408761398221",
      "t" : 1756455408761,
      "tn" : 1756455408761398221,
      "q" : "1",
      "p" : "0.52498",
      "s" : "buy",
      "i" : "IMXUSD-PERP",
      "m" : "4611686018430279383"
    }, {
      "d" : "1756455408761395526",
      "t" : 1756455408761,
      "tn" : 1756455408761395526,
      "q" : "1",
      "p" : "0.52495",
      "s" : "buy",
      "i" : "IMXUSD-PERP",
      "m" : "4611686018430279382"
    }, {
      "d" : "1756455399344727355",
      "t" : 1756455399344,
      "tn" : 1756455399344727355,
      "q" : "1",
      "p" : "0.52495",
      "s" : "buy",
      "i" : "IMXUSD-PERP",
      "m" : "4611686018430279381"
    }, {
      "d" : "1756455398723583861",
      "t" : 1756455398723,
      "tn" : 1756455398723583861,
      "q" : "1",
      "p" : "0.52507",
      "s" : "buy",
      "i" : "IMXUSD-PERP",
      "m" : "4611686018430279380"
    }, {
      "d" : "1756455398723581220",
      "t" : 1756455398723,
      "tn" : 1756455398723581220,
      "q" : "1",
      "p" : "0.52505",
      "s" : "buy",
      "i" : "IMXUSD-PERP",
      "m" : "4611686018430279379"
    }, {
      "d" : "1756455388723477713",
      "t" : 1756455388723,
      "tn" : 1756455388723477713,
      "q" : "1",
      "p" : "0.52516",
      "s" : "buy",
      "i" : "IMXUSD-PERP",
      "m" : "4611686018430279378"
    }, {
      "d" : "1756455388723475667",
      "t" : 1756455388723,
      "tn" : 1756455388723475667,
      "q" : "1",
      "p" : "0.52515",
      "s" : "buy",
      "i" : "IMXUSD-PERP",
      "m" : "4611686018430279377"
    }, {
      "d" : "1756455377672516381",
      "t" : 1756455377672,
      "tn" : 1756455377672516381,
      "q" : "1",
      "p" : "0.52505",
      "s" : "buy",
      "i" : "IMXUSD-PERP",
      "m" : "4611686018430279376"
    }, {
      "d" : "1756455367389227551",
      "t" : 1756455367389,
      "tn" : 1756455367389227550,
      "q" : "1",
      "p" : "0.52505",
      "s" : "buy",
      "i" : "IMXUSD-PERP",
      "m" : "4611686018430279375"
    }, {
      "d" : "1756455367389227550",
      "t" : 1756455367389,
      "tn" : 1756455367389227550,
      "q" : "1",
      "p" : "0.52505",
      "s" : "buy",
      "i" : "IMXUSD-PERP",
      "m" : "4611686018430279375"
    }, {
      "d" : "1756455327644985172",
      "t" : 1756455327644,
      "tn" : 1756455327644985172,
      "q" : "1",
      "p" : "0.52514",
      "s" : "buy",
      "i" : "IMXUSD-PERP",
      "m" : "4611686018430279374"
    }, {
      "d" : "1756455326153322837",
      "t" : 1756455326153,
      "tn" : 1756455326153322837,
      "q" : "1",
      "p" : "0.52490",
      "s" : "sell",
      "i" : "IMXUSD-PERP",
      "m" : "4611686018430279373"
    }, {
      "d" : "1756455326153320488",
      "t" : 1756455326153,
      "tn" : 1756455326153320488,
      "q" : "1",
      "p" : "0.52520",
      "s" : "sell",
      "i" : "IMXUSD-PERP",
      "m" : "4611686018430279372"
    }, {
      "d" : "1756455236546571972",
      "t" : 1756455236546,
      "tn" : 1756455236546571972,
      "q" : "1",
      "p" : "0.52495",
      "s" : "buy",
      "i" : "IMXUSD-PERP",
      "m" : "4611686018430279371"
    }, {
      "d" : "1756455236546569998",
      "t" : 1756455236546,
      "tn" : 1756455236546569998,
      "q" : "1",
      "p" : "0.52494",
      "s" : "buy",
      "i" : "IMXUSD-PERP",
      "m" : "4611686018430279370"
    }, {
      "d" : "1756455047114105119",
      "t" : 1756455047114,
      "tn" : 1756455047114105119,
      "q" : "1",
      "p" : "0.52470",
      "s" : "buy",
      "i" : "IMXUSD-PERP",
      "m" : "4611686018430279369"
    }, {
      "d" : "1756455044154992178",
      "t" : 1756455044154,
      "tn" : 1756455044154992178,
      "q" : "1",
      "p" : "0.52500",
      "s" : "buy",
      "i" : "IMXUSD-PERP",
      "m" : "4611686018430279368"
    }, {
      "d" : "1756455043043690690",
      "t" : 1756455043043,
      "tn" : 1756455043043690690,
      "q" : "1",
      "p" : "0.52500",
      "s" : "buy",
      "i" : "IMXUSD-PERP",
      "m" : "4611686018430279367"
    }, {
      "d" : "1756455040502762746",
      "t" : 1756455040502,
      "tn" : 1756455040502762746,
      "q" : "1",
      "p" : "0.52530",
      "s" : "buy",
      "i" : "IMXUSD-PERP",
      "m" : "4611686018430279366"
    }, {
      "d" : "1756455033662714859",
      "t" : 1756455033662,
      "tn" : 1756455033662714859,
      "q" : "1",
      "p" : "0.52490",
      "s" : "buy",
      "i" : "IMXUSD-PERP",
      "m" : "4611686018430279365"
    }, {
      "d" : "1756455032645647324",
      "t" : 1756455032645,
      "tn" : 1756455032645647324,
      "q" : "1",
      "p" : "0.52493",
      "s" : "buy",
      "i" : "IMXUSD-PERP",
      "m" : "4611686018430279364"
    }, {
      "d" : "1756455032645645489",
      "t" : 1756455032645,
      "tn" : 1756455032645645489,
      "q" : "1",
      "p" : "0.52490",
      "s" : "buy",
      "i" : "IMXUSD-PERP",
      "m" : "4611686018430279363"
    }, {
      "d" : "1756455027598763098",
      "t" : 1756455027598,
      "tn" : 1756455027598763098,
      "q" : "1",
      "p" : "0.52522",
      "s" : "buy",
      "i" : "IMXUSD-PERP",
      "m" : "4611686018430279362"
    }, {
      "d" : "1756455027598761631",
      "t" : 1756455027598,
      "tn" : 1756455027598761631,
      "q" : "1",
      "p" : "0.52520",
      "s" : "buy",
      "i" : "IMXUSD-PERP",
      "m" : "4611686018430279361"
    }, {
      "d" : "1756454896352825046",
      "t" : 1756454896352,
      "tn" : 1756454896352825046,
      "q" : "20",
      "p" : "0.52483",
      "s" : "sell",
      "i" : "IMXUSD-PERP",
      "m" : "4611686018430279360"
    }, {
      "d" : "1756454885012920964",
      "t" : 1756454885012,
      "tn" : 1756454885012920964,
      "q" : "1",
      "p" : "0.52660",
      "s" : "sell",
      "i" : "IMXUSD-PERP",
      "m" : "4611686018430279359"
    }, {
      "d" : "1756454885012918518",
      "t" : 1756454885012,
      "tn" : 1756454885012918518,
      "q" : "1",
      "p" : "0.52689",
      "s" : "sell",
      "i" : "IMXUSD-PERP",
      "m" : "4611686018430279358"
    }, {
      "d" : "1756454882499473057",
      "t" : 1756454882499,
      "tn" : 1756454882499473057,
      "q" : "1",
      "p" : "0.52684",
      "s" : "buy",
      "i" : "IMXUSD-PERP",
      "m" : "4611686018430279357"
    }, {
      "d" : "1756454882499470665",
      "t" : 1756454882499,
      "tn" : 1756454882499470665,
      "q" : "1",
      "p" : "0.52680",
      "s" : "buy",
      "i" : "IMXUSD-PERP",
      "m" : "4611686018430279356"
    }, {
      "d" : "1756454871828304521",
      "t" : 1756454871828,
      "tn" : 1756454871828304521,
      "q" : "1",
      "p" : "0.52710",
      "s" : "buy",
      "i" : "IMXUSD-PERP",
      "m" : "4611686018430279355"
    }, {
      "d" : "1756454861762628137",
      "t" : 1756454861762,
      "tn" : 1756454861762628137,
      "q" : "1",
      "p" : "0.52700",
      "s" : "buy",
      "i" : "IMXUSD-PERP",
      "m" : "4611686018430279354"
    }, {
      "d" : "1756454851724921688",
      "t" : 1756454851724,
      "tn" : 1756454851724921688,
      "q" : "1",
      "p" : "0.52700",
      "s" : "buy",
      "i" : "IMXUSD-PERP",
      "m" : "4611686018430279353"
    }, {
      "d" : "1756454679853815006",
      "t" : 1756454679853,
      "tn" : 1756454679853815006,
      "q" : "8",
      "p" : "0.52568",
      "s" : "sell",
      "i" : "IMXUSD-PERP",
      "m" : "4611686018430279352"
    }, {
      "d" : "1756454679853813146",
      "t" : 1756454679853,
      "tn" : 1756454679853813146,
      "q" : "1",
      "p" : "0.52650",
      "s" : "sell",
      "i" : "IMXUSD-PERP",
      "m" : "4611686018430279351"
    }, {
      "d" : "1756454679853810384",
      "t" : 1756454679853,
      "tn" : 1756454679853810384,
      "q" : "1",
      "p" : "0.52679",
      "s" : "sell",
      "i" : "IMXUSD-PERP",
      "m" : "4611686018430279350"
    }, {
      "d" : "1756454432253167961",
      "t" : 1756454432253,
      "tn" : 1756454432253167961,
      "q" : "1",
      "p" : "0.52720",
      "s" : "sell",
      "i" : "IMXUSD-PERP",
      "m" : "4611686018430279349"
    }, {
      "d" : "1756454432253165555",
      "t" : 1756454432253,
      "tn" : 1756454432253165555,
      "q" : "1",
      "p" : "0.52760",
      "s" : "sell",
      "i" : "IMXUSD-PERP",
      "m" : "4611686018430279348"
    }, {
      "d" : "1756454426213505601",
      "t" : 1756454426213,
      "tn" : 1756454426213505601,
      "q" : "1",
      "p" : "0.52710",
      "s" : "sell",
      "i" : "IMXUSD-PERP",
      "m" : "4611686018430279347"
    }, {
      "d" : "1756454426213504108",
      "t" : 1756454426213,
      "tn" : 1756454426213504108,
      "q" : "1",
      "p" : "0.52751",
      "s" : "sell",
      "i" : "IMXUSD-PERP",
      "m" : "4611686018430279346"
    }, {
      "d" : "1756454419280726648",
      "t" : 1756454419280,
      "tn" : 1756454419280726648,
      "q" : "1",
      "p" : "0.52785",
      "s" : "buy",
      "i" : "IMXUSD-PERP",
      "m" : "4611686018430279345"
    }, {
      "d" : "1756454419280724318",
      "t" : 1756454419280,
      "tn" : 1756454419280724318,
      "q" : "1",
      "p" : "0.52781",
      "s" : "buy",
      "i" : "IMXUSD-PERP",
      "m" : "4611686018430279344"
    }, {
      "d" : "1756454416623357434",
      "t" : 1756454416623,
      "tn" : 1756454416623357434,
      "q" : "1",
      "p" : "0.52801",
      "s" : "buy",
      "i" : "IMXUSD-PERP",
      "m" : "4611686018430279343"
    }, {
      "d" : "1756454415402076729",
      "t" : 1756454415402,
      "tn" : 1756454415402076729,
      "q" : "1",
      "p" : "0.52804",
      "s" : "buy",
      "i" : "IMXUSD-PERP",
      "m" : "4611686018430279342"
    }, {
      "d" : "1756454409238607095",
      "t" : 1756454409238,
      "tn" : 1756454409238607095,
      "q" : "1",
      "p" : "0.52810",
      "s" : "buy",
      "i" : "IMXUSD-PERP",
      "m" : "4611686018430279341"
    }, {
      "d" : "1756454409238605497",
      "t" : 1756454409238,
      "tn" : 1756454409238605497,
      "q" : "1",
      "p" : "0.52803",
      "s" : "buy",
      "i" : "IMXUSD-PERP",
      "m" : "4611686018430279340"
    }, {
      "d" : "1756454382689817002",
      "t" : 1756454382689,
      "tn" : 1756454382689817002,
      "q" : "1",
      "p" : "0.52792",
      "s" : "buy",
      "i" : "IMXUSD-PERP",
      "m" : "4611686018430279339"
    }, {
      "d" : "1756454382689815501",
      "t" : 1756454382689,
      "tn" : 1756454382689815501,
      "q" : "1",
      "p" : "0.52790",
      "s" : "buy",
      "i" : "IMXUSD-PERP",
      "m" : "4611686018430279338"
    }, {
      "d" : "1756454072844412104",
      "t" : 1756454072844,
      "tn" : 1756454072844412104,
      "q" : "1",
      "p" : "0.52881",
      "s" : "buy",
      "i" : "IMXUSD-PERP",
      "m" : "4611686018430279337"
    }, {
      "d" : "1756454072844410524",
      "t" : 1756454072844,
      "tn" : 1756454072844410524,
      "q" : "1",
      "p" : "0.52880",
      "s" : "buy",
      "i" : "IMXUSD-PERP",
      "m" : "4611686018430279336"
    }, {
      "d" : "1756454072166081096",
      "t" : 1756454072166,
      "tn" : 1756454072166081096,
      "q" : "1",
      "p" : "0.52890",
      "s" : "buy",
      "i" : "IMXUSD-PERP",
      "m" : "4611686018430279335"
    }, {
      "d" : "1756454071458407928",
      "t" : 1756454071458,
      "tn" : 1756454071458407928,
      "q" : "1",
      "p" : "0.52910",
      "s" : "buy",
      "i" : "IMXUSD-PERP",
      "m" : "4611686018430279334"
    }, {
      "d" : "1756454071458406085",
      "t" : 1756454071458,
      "tn" : 1756454071458406085,
      "q" : "1",
      "p" : "0.52906",
      "s" : "buy",
      "i" : "IMXUSD-PERP",
      "m" : "4611686018430279333"
    }, {
      "d" : "1756454030634006507",
      "t" : 1756454030634,
      "tn" : 1756454030634006507,
      "q" : "1",
      "p" : "0.52899",
      "s" : "buy",
      "i" : "IMXUSD-PERP",
      "m" : "4611686018430279332"
    }, {
      "d" : "1756454030634003836",
      "t" : 1756454030634,
      "tn" : 1756454030634003836,
      "q" : "1",
      "p" : "0.52895",
      "s" : "buy",
      "i" : "IMXUSD-PERP",
      "m" : "4611686018430279331"
    }, {
      "d" : "1756454024035694631",
      "t" : 1756454024035,
      "tn" : 1756454024035694631,
      "q" : "1",
      "p" : "0.52895",
      "s" : "buy",
      "i" : "IMXUSD-PERP",
      "m" : "4611686018430279330"
    }, {
      "d" : "1756454023840525389",
      "t" : 1756454023840,
      "tn" : 1756454023840525389,
      "q" : "1",
      "p" : "0.52905",
      "s" : "buy",
      "i" : "IMXUSD-PERP",
      "m" : "4611686018430279329"
    }, {
      "d" : "1756454020615258079",
      "t" : 1756454020615,
      "tn" : 1756454020615258079,
      "q" : "1",
      "p" : "0.52925",
      "s" : "buy",
      "i" : "IMXUSD-PERP",
      "m" : "4611686018430279328"
    }, {
      "d" : "1756453573485620839",
      "t" : 1756453573485,
      "tn" : 1756453573485620839,
      "q" : "1",
      "p" : "0.52985",
      "s" : "buy",
      "i" : "IMXUSD-PERP",
      "m" : "4611686018430279327"
    }, {
      "d" : "1756453446707188948",
      "t" : 1756453446707,
      "tn" : 1756453446707188948,
      "q" : "1",
      "p" : "0.53019",
      "s" : "buy",
      "i" : "IMXUSD-PERP",
      "m" : "4611686018430279326"
    }, {
      "d" : "1756453446707187169",
      "t" : 1756453446707,
      "tn" : 1756453446707187169,
      "q" : "1",
      "p" : "0.53015",
      "s" : "buy",
      "i" : "IMXUSD-PERP",
      "m" : "4611686018430279325"
    }, {
      "d" : "1756453233581001942",
      "t" : 1756453233581,
      "tn" : 1756453233581001942,
      "q" : "1",
      "p" : "0.53085",
      "s" : "buy",
      "i" : "IMXUSD-PERP",
      "m" : "4611686018430279324"
    }, {
      "d" : "1756453222847836009",
      "t" : 1756453222847,
      "tn" : 1756453222847836009,
      "q" : "1",
      "p" : "0.53098",
      "s" : "buy",
      "i" : "IMXUSD-PERP",
      "m" : "4611686018430279323"
    }, {
      "d" : "1756453222847834430",
      "t" : 1756453222847,
      "tn" : 1756453222847834430,
      "q" : "1",
      "p" : "0.53095",
      "s" : "buy",
      "i" : "IMXUSD-PERP",
      "m" : "4611686018430279322"
    }, {
      "d" : "1756453196344428607",
      "t" : 1756453196344,
      "tn" : 1756453196344428607,
      "q" : "1",
      "p" : "0.53097",
      "s" : "buy",
      "i" : "IMXUSD-PERP",
      "m" : "4611686018430279321"
    }, {
      "d" : "1756453196344425976",
      "t" : 1756453196344,
      "tn" : 1756453196344425976,
      "q" : "1",
      "p" : "0.53095",
      "s" : "buy",
      "i" : "IMXUSD-PERP",
      "m" : "4611686018430279320"
    }, {
      "d" : "1756453186312957636",
      "t" : 1756453186312,
      "tn" : 1756453186312957636,
      "q" : "1",
      "p" : "0.53096",
      "s" : "buy",
      "i" : "IMXUSD-PERP",
      "m" : "4611686018430279319"
    }, {
      "d" : "1756453186312954978",
      "t" : 1756453186312,
      "tn" : 1756453186312954978,
      "q" : "1",
      "p" : "0.53095",
      "s" : "buy",
      "i" : "IMXUSD-PERP",
      "m" : "4611686018430279318"
    }, {
      "d" : "1756453176282590355",
      "t" : 1756453176282,
      "tn" : 1756453176282590354,
      "q" : "1",
      "p" : "0.53095",
      "s" : "buy",
      "i" : "IMXUSD-PERP",
      "m" : "4611686018430279317"
    }, {
      "d" : "1756453176282590354",
      "t" : 1756453176282,
      "tn" : 1756453176282590354,
      "q" : "1",
      "p" : "0.53095",
      "s" : "buy",
      "i" : "IMXUSD-PERP",
      "m" : "4611686018430279317"
    }, {
      "d" : "1756453166052253872",
      "t" : 1756453166052,
      "tn" : 1756453166052253872,
      "q" : "1",
      "p" : "0.53114",
      "s" : "buy",
      "i" : "IMXUSD-PERP",
      "m" : "4611686018430279316"
    }, {
      "d" : "1756453084748777916",
      "t" : 1756453084748,
      "tn" : 1756453084748777916,
      "q" : "1",
      "p" : "0.53083",
      "s" : "buy",
      "i" : "IMXUSD-PERP",
      "m" : "4611686018430279315"
    }, {
      "d" : "1756453084748775933",
      "t" : 1756453084748,
      "tn" : 1756453084748775933,
      "q" : "1",
      "p" : "0.53080",
      "s" : "buy",
      "i" : "IMXUSD-PERP",
      "m" : "4611686018430279314"
    }, {
      "d" : "1756452975813851609",
      "t" : 1756452975813,
      "tn" : 1756452975813851609,
      "q" : "16",
      "p" : "0.53005",
      "s" : "sell",
      "i" : "IMXUSD-PERP",
      "m" : "4611686018430279313"
    }, {
      "d" : "1756452975813850179",
      "t" : 1756452975813,
      "tn" : 1756452975813850179,
      "q" : "1",
      "p" : "0.53040",
      "s" : "sell",
      "i" : "IMXUSD-PERP",
      "m" : "4611686018430279312"
    }, {
      "d" : "1756452975813846662",
      "t" : 1756452975813,
      "tn" : 1756452975813846662,
      "q" : "1",
      "p" : "0.53069",
      "s" : "sell",
      "i" : "IMXUSD-PERP",
      "m" : "4611686018430279311"
    }, {
      "d" : "1756452966601356711",
      "t" : 1756452966601,
      "tn" : 1756452966601356711,
      "q" : "1",
      "p" : "0.53070",
      "s" : "buy",
      "i" : "IMXUSD-PERP",
      "m" : "4611686018430279310"
    }, {
      "d" : "1756452944073142096",
      "t" : 1756452944073,
      "tn" : 1756452944073142096,
      "q" : "1",
      "p" : "0.53110",
      "s" : "sell",
      "i" : "IMXUSD-PERP",
      "m" : "4611686018430279309"
    }, {
      "d" : "1756452944073139704",
      "t" : 1756452944073,
      "tn" : 1756452944073139704,
      "q" : "1",
      "p" : "0.53140",
      "s" : "sell",
      "i" : "IMXUSD-PERP",
      "m" : "4611686018430279308"
    }, {
      "d" : "1756452619139777003",
      "t" : 1756452619139,
      "tn" : 1756452619139777003,
      "q" : "1",
      "p" : "0.53010",
      "s" : "buy",
      "i" : "IMXUSD-PERP",
      "m" : "4611686018430279307"
    }, {
      "d" : "1756452443620671544",
      "t" : 1756452443620,
      "tn" : 1756452443620671544,
      "q" : "1",
      "p" : "0.52974",
      "s" : "buy",
      "i" : "IMXUSD-PERP",
      "m" : "4611686018430279306"
    }, {
      "d" : "1756452404472912699",
      "t" : 1756452404472,
      "tn" : 1756452404472912699,
      "q" : "1",
      "p" : "0.53030",
      "s" : "sell",
      "i" : "IMXUSD-PERP",
      "m" : "4611686018430279305"
    }, {
      "d" : "1756452404472910673",
      "t" : 1756452404472,
      "tn" : 1756452404472910673,
      "q" : "1",
      "p" : "0.53060",
      "s" : "sell",
      "i" : "IMXUSD-PERP",
      "m" : "4611686018430279304"
    }, {
      "d" : "1756452355594541501",
      "t" : 1756452355594,
      "tn" : 1756452355594541501,
      "q" : "1",
      "p" : "0.53174",
      "s" : "buy",
      "i" : "IMXUSD-PERP",
      "m" : "4611686018430279303"
    }, {
      "d" : "1756452355594539029",
      "t" : 1756452355594,
      "tn" : 1756452355594539029,
      "q" : "1",
      "p" : "0.53170",
      "s" : "buy",
      "i" : "IMXUSD-PERP",
      "m" : "4611686018430279302"
    }, {
      "d" : "1756452351470305805",
      "t" : 1756452351470,
      "tn" : 1756452351470305805,
      "q" : "1",
      "p" : "0.53183",
      "s" : "buy",
      "i" : "IMXUSD-PERP",
      "m" : "4611686018430279301"
    }, {
      "d" : "1756452351470303721",
      "t" : 1756452351470,
      "tn" : 1756452351470303721,
      "q" : "1",
      "p" : "0.53180",
      "s" : "buy",
      "i" : "IMXUSD-PERP",
      "m" : "4611686018430279300"
    }, {
      "d" : "1756452345585567044",
      "t" : 1756452345585,
      "tn" : 1756452345585567044,
      "q" : "1",
      "p" : "0.53200",
      "s" : "buy",
      "i" : "IMXUSD-PERP",
      "m" : "4611686018430279299"
    }, {
      "d" : "1756452335582695347",
      "t" : 1756452335582,
      "tn" : 1756452335582695347,
      "q" : "1",
      "p" : "0.53202",
      "s" : "buy",
      "i" : "IMXUSD-PERP",
      "m" : "4611686018430279298"
    }, {
      "d" : "1756452335582692938",
      "t" : 1756452335582,
      "tn" : 1756452335582692938,
      "q" : "1",
      "p" : "0.53200",
      "s" : "buy",
      "i" : "IMXUSD-PERP",
      "m" : "4611686018430279297"
    }, {
      "d" : "1756452330731006956",
      "t" : 1756452330731,
      "tn" : 1756452330731006956,
      "q" : "1",
      "p" : "0.53200",
      "s" : "buy",
      "i" : "IMXUSD-PERP",
      "m" : "4611686018430279296"
    } ]
  }
}