{
  "id" : -1,
  "method" : "public/get-trades",
  "code" : 0,
  "result" : {
    "data" : [ {
      "d" : "1756460529196594224",
      "t" : 1756460529196,
      "tn" : 1756460529196594224,
      "q" : "1",
      "p" : "0.34125",
      "s" : "buy",
      "i" : "INITUSD-PERP",
      "m" : "4611686018427531746"
    }, {
      "d" : "1756460432619078189",
      "t" : 1756460432619,
      "tn" : 1756460432619078189,
      "q" : "1",
      "p" : "0.34083",
      "s" : "buy",
      "i" : "INITUSD-PERP",
      "m" : "4611686018427531745"
    }, {
      "d" : "1756460432619024703",
      "t" : 1756460432619,
      "tn" : 1756460432619024703,
      "q" : "1",
      "p" : "0.34075",
      "s" : "buy",
      "i" : "INITUSD-PERP",
      "m" : "4611686018427531744"
    }, {
      "d" : "1756459183193570968",
      "t" : 1756459183193,
      "tn" : 1756459183193570968,
      "q" : "1",
      "p" : "0.34097",
      "s" : "sell",
      "i" : "INITUSD-PERP",
      "m" : "4611686018427531743"
    }, {
      "d" : "1756459183053022543",
      "t" : 1756459183053,
      "tn" : 1756459183053022543,
      "q" : "1",
      "p" : "0.34095",
      "s" : "buy",
      "i" : "INITUSD-PERP",
      "m" : "4611686018427531742"
    }, {
      "d" : "1756459000574008658",
      "t" : 1756459000574,
      "tn" : 1756459000574008658,
      "q" : "1",
      "p" : "0.33967",
      "s" : "sell",
      "i" : "INITUSD-PERP",
      "m" : "4611686018427531741"
    }, {
      "d" : "1756458444352061410",
      "t" : 1756458444352,
      "tn" : 1756458444352061410,
      "q" : "1",
      "p" : "0.33814",
      "s" : "buy",
      "i" : "INITUSD-PERP",
      "m" : "4611686018427531740"
    }, {
      "d" : "1756458322231331519",
      "t" : 1756458322231,
      "tn" : 1756458322231331519,
      "q" : "1",
      "p" : "0.33854",
      "s" : "buy",
      "i" : "INITUSD-PERP",
      "m" : "4611686018427531739"
    }, {
      "d" : "1756458319235813327",
      "t" : 1756458319235,
      "tn" : 1756458319235813327,
      "q" : "1",
      "p" : "0.33876",
      "s" : "sell",
      "i" : "INITUSD-PERP",
      "m" : "4611686018427531738"
    }, {
      "d" : "1756458183354394728",
      "t" : 1756458183354,
      "tn" : 1756458183354394728,
      "q" : "1",
      "p" : "0.33616",
      "s" : "sell",
      "i" : "INITUSD-PERP",
      "m" : "4611686018427531737"
    }, {
      "d" : "1756458179418731472",
      "t" : 1756458179418,
      "tn" : 1756458179418731472,
      "q" : "1",
      "p" : "0.33697",
      "s" : "sell",
      "i" : "INITUSD-PERP",
      "m" : "4611686018427531736"
    }, {
      "d" : "1756458149914562753",
      "t" : 1756458149914,
      "tn" : 1756458149914562753,
      "q" : "1",
      "p" : "0.33885",
      "s" : "sell",
      "i" : "INITUSD-PERP",
      "m" : "4611686018427531735"
    }, {
      "d" : "1756458149914279434",
      "t" : 1756458149914,
      "tn" : 1756458149914279434,
      "q" : "1",
      "p" : "0.33897",
      "s" : "sell",
      "i" : "INITUSD-PERP",
      "m" : "4611686018427531734"
    }, {
      "d" : "1756458121268916582",
      "t" : 1756458121268,
      "tn" : 1756458121268916582,
      "q" : "1",
      "p" : "0.33977",
      "s" : "sell",
      "i" : "INITUSD-PERP",
      "m" : "4611686018427531733"
    }, {
      "d" : "1756457782386198441",
      "t" : 1756457782386,
      "tn" : 1756457782386198441,
      "q" : "1",
      "p" : "0.34146",
      "s" : "sell",
      "i" : "INITUSD-PERP",
      "m" : "4611686018427531732"
    }, {
      "d" : "1756457782385013331",
      "t" : 1756457782385,
      "tn" : 1756457782385013331,
      "q" : "1",
      "p" : "0.34158",
      "s" : "sell",
      "i" : "INITUSD-PERP",
      "m" : "4611686018427531731"
    }, {
      "d" : "1756456457096154542",
      "t" : 1756456457096,
      "tn" : 1756456457096154542,
      "q" : "1",
      "p" : "0.34366",
      "s" : "buy",
      "i" : "INITUSD-PERP",
      "m" : "4611686018427531730"
    }, {
      "d" : "1756456373493637968",
      "t" : 1756456373493,
      "tn" : 1756456373493637968,
      "q" : "1",
      "p" : "0.34365",
      "s" : "buy",
      "i" : "INITUSD-PERP",
      "m" : "4611686018427531729"
    }, {
      "d" : "1756456080842977435",
      "t" : 1756456080842,
      "tn" : 1756456080842977435,
      "q" : "1",
      "p" : "0.34318",
      "s" : "sell",
      "i" : "INITUSD-PERP",
      "m" : "4611686018427531728"
    }, {
      "d" : "1756455212512607033",
      "t" : 1756455212512,
      "tn" : 1756455212512607033,
      "q" : "1",
      "p" : "0.34488",
      "s" : "sell",
      "i" : "INITUSD-PERP",
      "m" : "4611686018427531727"
    }, {
      "d" : "1756455089914239457",
      "t" : 1756455089914,
      "tn" : 1756455089914239457,
      "q" : "1",
      "p" : "0.34436",
      "s" : "buy",
      "i" : "INITUSD-PERP",
      "m" : "4611686018427531726"
    }, {
      "d" : "1756454719036054716",
      "t" : 1756454719036,
      "tn" : 1756454719036054716,
      "q" : "1",
      "p" : "0.34518",
      "s" : "sell",
      "i" : "INITUSD-PERP",
      "m" : "4611686018427531725"
    }, {
      "d" : "1756454311678690401",
      "t" : 1756454311678,
      "tn" : 1756454311678690401,
      "q" : "1",
      "p" : "0.34628",
      "s" : "sell",
      "i" : "INITUSD-PERP",
      "m" : "4611686018427531724"
    }, {
      "d" : "1756452569111886132",
      "t" : 1756452569111,
      "tn" : 1756452569111886132,
      "q" : "1",
      "p" : "0.34664",
      "s" : "sell",
      "i" : "INITUSD-PERP",
      "m" : "4611686018427531723"
    }, {
      "d" : "1756452569111081372",
      "t" : 1756452569111,
      "tn" : 1756452569111081372,
      "q" : "1",
      "p" : "0.34679",
      "s" : "sell",
      "i" : "INITUSD-PERP",
      "m" : "4611686018427531722"
    }, {
      "d" : "1756452357349691379",
      "t" : 1756452357349,
      "tn" : 1756452357349691379,
      "q" : "1",
      "p" : "0.34769",
      "s" : "sell",
      "i" : "INITUSD-PERP",
      "m" : "4611686018427531721"
    }, {
      "d" : "1756451929561114055",
      "t" : 1756451929561,
      "tn" : 1756451929561114055,
      "q" : "1",
      "p" : "0.34869",
      "s" : "sell",
      "i" : "INITUSD-PERP",
      "m" : "4611686018427531720"
    }, {
      "d" : "1756451661039698414",
      "t" : 1756451661039,
      "tn" : 1756451661039698414,
      "q" : "137",
      "p" : "0.34888",
      "s" : "sell",
      "i" : "INITUSD-PERP",
      "m" : "4611686018427531719"
    }, {
      "d" : "1756451491182163119",
      "t" : 1756451491182,
      "tn" : 1756451491182163119,
      "q" : "1",
      "p" : "0.35120",
      "s" : "buy",
      "i" : "INITUSD-PERP",
      "m" : "4611686018427531718"
    }, {
      "d" : "1756451491182161534",
      "t" : 1756451491182,
      "tn" : 1756451491182161534,
      "q" : "1",
      "p" : "0.35107",
      "s" : "buy",
      "i" : "INITUSD-PERP",
      "m" : "4611686018427531717"
    }, {
      "d" : "1756451489870061380",
      "t" : 1756451489870,
      "tn" : 1756451489870061380,
      "q" : "1",
      "p" : "0.35099",
      "s" : "sell",
      "i" : "INITUSD-PERP",
      "m" : "4611686018427531716"
    }, {
      "d" : "1756447851990529178",
      "t" : 1756447851990,
      "tn" : 1756447851990529178,
      "q" : "1",
      "p" : "0.35658",
      "s" : "buy",
      "i" : "INITUSD-PERP",
      "m" : "4611686018427531715"
    }, {
      "d" : "1756445397980568418",
      "t" : 1756445397980,
      "tn" : 1756445397980568418,
      "q" : "1",
      "p" : "0.35647",
      "s" : "buy",
      "i" : "INITUSD-PERP",
      "m" : "4611686018427531714"
    }, {
      "d" : "1756443190934728456",
      "t" : 1756443190934,
      "tn" : 1756443190934728456,
      "q" : "1",
      "p" : "0.35790",
      "s" : "sell",
      "i" : "INITUSD-PERP",
      "m" : "4611686018427531713"
    }, {
      "d" : "1756441372990680399",
      "t" : 1756441372990,
      "tn" : 1756441372990680399,
      "q" : "1",
      "p" : "0.36096",
      "s" : "buy",
      "i" : "INITUSD-PERP",
      "m" : "4611686018427531712"
    }, {
      "d" : "1756441372990678356",
      "t" : 1756441372990,
      "tn" : 1756441372990678356,
      "q" : "1",
      "p" : "0.36088",
      "s" : "buy",
      "i" : "INITUSD-PERP",
      "m" : "4611686018427531711"
    }, {
      "d" : "1756441358489997513",
      "t" : 1756441358489,
      "tn" : 1756441358489997513,
      "q" : "1",
      "p" : "0.36076",
      "s" : "buy",
      "i" : "INITUSD-PERP",
      "m" : "4611686018427531710"
    }, {
      "d" : "1756441358489995538",
      "t" : 1756441358489,
      "tn" : 1756441358489995538,
      "q" : "1",
      "p" : "0.36067",
      "s" : "buy",
      "i" : "INITUSD-PERP",
      "m" : "4611686018427531709"
    }, {
      "d" : "1756441349987478853",
      "t" : 1756441349987,
      "tn" : 1756441349987478853,
      "q" : "1",
      "p" : "0.36044",
      "s" : "buy",
      "i" : "INITUSD-PERP",
      "m" : "4611686018427531708"
    }, {
      "d" : "1756441349987477192",
      "t" : 1756441349987,
      "tn" : 1756441349987477192,
      "q" : "1",
      "p" : "0.36037",
      "s" : "buy",
      "i" : "INITUSD-PERP",
      "m" : "4611686018427531707"
    }, {
      "d" : "1756439743214075878",
      "t" : 1756439743214,
      "tn" : 1756439743214075878,
      "q" : "1",
      "p" : "0.35929",
      "s" : "sell",
      "i" : "INITUSD-PERP",
      "m" : "4611686018427531706"
    }, {
      "d" : "1756438741480647518",
      "t" : 1756438741480,
      "tn" : 1756438741480647518,
      "q" : "1",
      "p" : "0.35817",
      "s" : "buy",
      "i" : "INITUSD-PERP",
      "m" : "4611686018427531705"
    }, {
      "d" : "1756437643641207720",
      "t" : 1756437643641,
      "tn" : 1756437643641207720,
      "q" : "1",
      "p" : "0.35640",
      "s" : "buy",
      "i" : "INITUSD-PERP",
      "m" : "4611686018427531704"
    }, {
      "d" : "1756437643638056745",
      "t" : 1756437643638,
      "tn" : 1756437643638056745,
      "q" : "1",
      "p" : "0.35627",
      "s" : "buy",
      "i" : "INITUSD-PERP",
      "m" : "4611686018427531703"
    }, {
      "d" : "1756436266529024860",
      "t" : 1756436266529,
      "tn" : 1756436266529024860,
      "q" : "274",
      "p" : "0.35574",
      "s" : "sell",
      "i" : "INITUSD-PERP",
      "m" : "4611686018427531702"
    }, {
      "d" : "1756436266520442546",
      "t" : 1756436266520,
      "tn" : 1756436266520442546,
      "q" : "2258",
      "p" : "0.35619",
      "s" : "sell",
      "i" : "INITUSD-PERP",
      "m" : "4611686018427531701"
    }, {
      "d" : "1756436266520440178",
      "t" : 1756436266520,
      "tn" : 1756436266520440178,
      "q" : "1",
      "p" : "0.35636",
      "s" : "sell",
      "i" : "INITUSD-PERP",
      "m" : "4611686018427531700"
    }, {
      "d" : "1756436266520437252",
      "t" : 1756436266520,
      "tn" : 1756436266520437252,
      "q" : "1",
      "p" : "0.35649",
      "s" : "sell",
      "i" : "INITUSD-PERP",
      "m" : "4611686018427531699"
    }, {
      "d" : "1756436102709990369",
      "t" : 1756436102709,
      "tn" : 1756436102709990369,
      "q" : "1",
      "p" : "0.35659",
      "s" : "sell",
      "i" : "INITUSD-PERP",
      "m" : "4611686018427531698"
    }, {
      "d" : "1756435334790874670",
      "t" : 1756435334790,
      "tn" : 1756435334790874670,
      "q" : "1",
      "p" : "0.35647",
      "s" : "buy",
      "i" : "INITUSD-PERP",
      "m" : "4611686018427531697"
    }, {
      "d" : "1756434721328151886",
      "t" : 1756434721328,
      "tn" : 1756434721328151886,
      "q" : "1",
      "p" : "0.35629",
      "s" : "sell",
      "i" : "INITUSD-PERP",
      "m" : "4611686018427531696"
    }, {
      "d" : "1756434716247184048",
      "t" : 1756434716247,
      "tn" : 1756434716247184048,
      "q" : "1",
      "p" : "0.35649",
      "s" : "sell",
      "i" : "INITUSD-PERP",
      "m" : "4611686018427531695"
    }, {
      "d" : "1756434712331853909",
      "t" : 1756434712331,
      "tn" : 1756434712331853909,
      "q" : "1",
      "p" : "0.35680",
      "s" : "sell",
      "i" : "INITUSD-PERP",
      "m" : "4611686018427531694"
    }, {
      "d" : "1756434646915239290",
      "t" : 1756434646915,
      "tn" : 1756434646915239290,
      "q" : "1",
      "p" : "0.35730",
      "s" : "sell",
      "i" : "INITUSD-PERP",
      "m" : "4611686018427531693"
    }, {
      "d" : "1756434637303808705",
      "t" : 1756434637303,
      "tn" : 1756434637303808705,
      "q" : "1",
      "p" : "0.35760",
      "s" : "sell",
      "i" : "INITUSD-PERP",
      "m" : "4611686018427531692"
    }, {
      "d" : "1756434203647293094",
      "t" : 1756434203647,
      "tn" : 1756434203647293094,
      "q" : "139",
      "p" : "0.35763",
      "s" : "sell",
      "i" : "INITUSD-PERP",
      "m" : "4611686018427531691"
    }, {
      "d" : "1756434203647289739",
      "t" : 1756434203647,
      "tn" : 1756434203647289739,
      "q" : "139",
      "p" : "0.35770",
      "s" : "sell",
      "i" : "INITUSD-PERP",
      "m" : "4611686018427531690"
    }, {
      "d" : "1756434203646618011",
      "t" : 1756434203646,
      "tn" : 1756434203646618011,
      "q" : "1",
      "p" : "0.35836",
      "s" : "sell",
      "i" : "INITUSD-PERP",
      "m" : "4611686018427531689"
    }, {
      "d" : "1756434203640774302",
      "t" : 1756434203640,
      "tn" : 1756434203640774302,
      "q" : "1",
      "p" : "0.35844",
      "s" : "sell",
      "i" : "INITUSD-PERP",
      "m" : "4611686018427531688"
    }, {
      "d" : "1756434203640768344",
      "t" : 1756434203640,
      "tn" : 1756434203640768344,
      "q" : "1",
      "p" : "0.35861",
      "s" : "sell",
      "i" : "INITUSD-PERP",
      "m" : "4611686018427531687"
    }, {
      "d" : "1756431210233521796",
      "t" : 1756431210233,
      "tn" : 1756431210233521796,
      "q" : "1",
      "p" : "0.35508",
      "s" : "buy",
      "i" : "INITUSD-PERP",
      "m" : "4611686018427531686"
    }, {
      "d" : "1756431210231872117",
      "t" : 1756431210231,
      "tn" : 1756431210231872117,
      "q" : "1",
      "p" : "0.35498",
      "s" : "buy",
      "i" : "INITUSD-PERP",
      "m" : "4611686018427531685"
    }, {
      "d" : "1756429704962107081",
      "t" : 1756429704962,
      "tn" : 1756429704962107081,
      "q" : "1",
      "p" : "0.35821",
      "s" : "sell",
      "i" : "INITUSD-PERP",
      "m" : "4611686018427531684"
    }, {
      "d" : "1756429428799213199",
      "t" : 1756429428799,
      "tn" : 1756429428799213199,
      "q" : "1",
      "p" : "0.35941",
      "s" : "sell",
      "i" : "INITUSD-PERP",
      "m" : "4611686018427531683"
    }, {
      "d" : "1756427016410020548",
      "t" : 1756427016410,
      "tn" : 1756427016410020548,
      "q" : "1",
      "p" : "0.36209",
      "s" : "buy",
      "i" : "INITUSD-PERP",
      "m" : "4611686018427531682"
    }, {
      "d" : "1756426810034946138",
      "t" : 1756426810034,
      "tn" : 1756426810034946138,
      "q" : "1",
      "p" : "0.36291",
      "s" : "sell",
      "i" : "INITUSD-PERP",
      "m" : "4611686018427531681"
    }, {
      "d" : "1756423089388449110",
      "t" : 1756423089388,
      "tn" : 1756423089388449110,
      "q" : "1",
      "p" : "0.36161",
      "s" : "sell",
      "i" : "INITUSD-PERP",
      "m" : "4611686018427531680"
    }, {
      "d" : "1756423070330416629",
      "t" : 1756423070330,
      "tn" : 1756423070330416629,
      "q" : "1",
      "p" : "0.36209",
      "s" : "buy",
      "i" : "INITUSD-PERP",
      "m" : "4611686018427531679"
    }, {
      "d" : "1756423069330981131",
      "t" : 1756423069330,
      "tn" : 1756423069330981131,
      "q" : "1",
      "p" : "0.36199",
      "s" : "buy",
      "i" : "INITUSD-PERP",
      "m" : "4611686018427531678"
    }, {
      "d" : "1756423067907316009",
      "t" : 1756423067907,
      "tn" : 1756423067907316009,
      "q" : "276",
      "p" : "0.36190",
      "s" : "sell",
      "i" : "INITUSD-PERP",
      "m" : "4611686018427531677"
    }, {
      "d" : "1756423067907314175",
      "t" : 1756423067907,
      "tn" : 1756423067907314175,
      "q" : "1",
      "p" : "0.36204",
      "s" : "sell",
      "i" : "INITUSD-PERP",
      "m" : "4611686018427531676"
    }, {
      "d" : "1756423067907311450",
      "t" : 1756423067907,
      "tn" : 1756423067907311450,
      "q" : "1",
      "p" : "0.36221",
      "s" : "sell",
      "i" : "INITUSD-PERP",
      "m" : "4611686018427531675"
    }, {
      "d" : "1756422851209097525",
      "t" : 1756422851209,
      "tn" : 1756422851209097525,
      "q" : "1",
      "p" : "0.36141",
      "s" : "sell",
      "i" : "INITUSD-PERP",
      "m" : "4611686018427531674"
    }, {
      "d" : "1756422311206654858",
      "t" : 1756422311206,
      "tn" : 1756422311206654858,
      "q" : "1",
      "p" : "0.36232",
      "s" : "sell",
      "i" : "INITUSD-PERP",
      "m" : "4611686018427531673"
    }, {
      "d" : "1756422097264864999",
      "t" : 1756422097264,
      "tn" : 1756422097264864999,
      "q" : "1",
      "p" : "0.36292",
      "s" : "sell",
      "i" : "INITUSD-PERP",
      "m" : "4611686018427531672"
    }, {
      "d" : "1756421403301623576",
      "t" : 1756421403301,
      "tn" : 1756421403301623576,
      "q" : "1",
      "p" : "0.36242",
      "s" : "sell",
      "i" : "INITUSD-PERP",
      "m" : "4611686018427531671"
    }, {
      "d" : "1756420036983261314",
      "t" : 1756420036983,
      "tn" : 1756420036983261314,
      "q" : "1",
      "p" : "0.36192",
      "s" : "buy",
      "i" : "INITUSD-PERP",
      "m" : "4611686018427531670"
    }, {
      "d" : "1756420036983259040",
      "t" : 1756420036983,
      "tn" : 1756420036983259040,
      "q" : "1",
      "p" : "0.36190",
      "s" : "buy",
      "i" : "INITUSD-PERP",
      "m" : "4611686018427531669"
    }, {
      "d" : "1756418720448777389",
      "t" : 1756418720448,
      "tn" : 1756418720448777389,
      "q" : "1",
      "p" : "0.35829",
      "s" : "buy",
      "i" : "INITUSD-PERP",
      "m" : "4611686018427531668"
    }, {
      "d" : "1756418719430870675",
      "t" : 1756418719430,
      "tn" : 1756418719430870675,
      "q" : "3573",
      "p" : "0.35920",
      "s" : "buy",
      "i" : "INITUSD-PERP",
      "m" : "4611686018427531667"
    }, {
      "d" : "1756418719421693332",
      "t" : 1756418719421,
      "tn" : 1756418719421693332,
      "q" : "1",
      "p" : "0.35800",
      "s" : "buy",
      "i" : "INITUSD-PERP",
      "m" : "4611686018427531666"
    }, {
      "d" : "1756418719419710825",
      "t" : 1756418719419,
      "tn" : 1756418719419710825,
      "q" : "139",
      "p" : "0.35840",
      "s" : "buy",
      "i" : "INITUSD-PERP",
      "m" : "4611686018427531665"
    }, {
      "d" : "1756418719419708714",
      "t" : 1756418719419,
      "tn" : 1756418719419708714,
      "q" : "139",
      "p" : "0.35833",
      "s" : "buy",
      "i" : "INITUSD-PERP",
      "m" : "4611686018427531664"
    }, {
      "d" : "1756418719419705922",
      "t" : 1756418719419,
      "tn" : 1756418719419705921,
      "q" : "139",
      "p" : "0.35826",
      "s" : "buy",
      "i" : "INITUSD-PERP",
      "m" : "4611686018427531663"
    }, {
      "d" : "1756418719419705921",
      "t" : 1756418719419,
      "tn" : 1756418719419705921,
      "q" : "1916",
      "p" : "0.35826",
      "s" : "buy",
      "i" : "INITUSD-PERP",
      "m" : "4611686018427531663"
    }, {
      "d" : "1756418719419702260",
      "t" : 1756418719419,
      "tn" : 1756418719419702260,
      "q" : "1",
      "p" : "0.35792",
      "s" : "buy",
      "i" : "INITUSD-PERP",
      "m" : "4611686018427531662"
    }, {
      "d" : "1756418719419699551",
      "t" : 1756418719419,
      "tn" : 1756418719419699551,
      "q" : "1",
      "p" : "0.35789",
      "s" : "buy",
      "i" : "INITUSD-PERP",
      "m" : "4611686018427531661"
    }, {
      "d" : "1756418705891471303",
      "t" : 1756418705891,
      "tn" : 1756418705891471303,
      "q" : "1",
      "p" : "0.35769",
      "s" : "buy",
      "i" : "INITUSD-PERP",
      "m" : "4611686018427531660"
    }, {
      "d" : "1756417252340058240",
      "t" : 1756417252340,
      "tn" : 1756417252340058240,
      "q" : "1",
      "p" : "0.35541",
      "s" : "sell",
      "i" : "INITUSD-PERP",
      "m" : "4611686018427531659"
    }, {
      "d" : "1756416447056173010",
      "t" : 1756416447056,
      "tn" : 1756416447056173010,
      "q" : "1",
      "p" : "0.35451",
      "s" : "sell",
      "i" : "INITUSD-PERP",
      "m" : "4611686018427531658"
    }, {
      "d" : "1756414900872279963",
      "t" : 1756414900872,
      "tn" : 1756414900872279963,
      "q" : "1",
      "p" : "0.35261",
      "s" : "sell",
      "i" : "INITUSD-PERP",
      "m" : "4611686018427531657"
    }, {
      "d" : "1756411441013117289",
      "t" : 1756411441013,
      "tn" : 1756411441013117289,
      "q" : "1",
      "p" : "0.35111",
      "s" : "sell",
      "i" : "INITUSD-PERP",
      "m" : "4611686018427531656"
    }, {
      "d" : "1756410064395334678",
      "t" : 1756410064395,
      "tn" : 1756410064395334678,
      "q" : "1",
      "p" : "0.35312",
      "s" : "sell",
      "i" : "INITUSD-PERP",
      "m" : "4611686018427531655"
    }, {
      "d" : "1756409693356416069",
      "t" : 1756409693356,
      "tn" : 1756409693356416069,
      "q" : "1",
      "p" : "0.35452",
      "s" : "sell",
      "i" : "INITUSD-PERP",
      "m" : "4611686018427531654"
    }, {
      "d" : "1756407859876365671",
      "t" : 1756407859876,
      "tn" : 1756407859876365671,
      "q" : "1",
      "p" : "0.35680",
      "s" : "buy",
      "i" : "INITUSD-PERP",
      "m" : "4611686018427531653"
    }, {
      "d" : "1756406469245852459",
      "t" : 1756406469245,
      "tn" : 1756406469245852459,
      "q" : "1",
      "p" : "0.35704",
      "s" : "buy",
      "i" : "INITUSD-PERP",
      "m" : "4611686018427531652"
    }, {
      "d" : "1756406469245825921",
      "t" : 1756406469245,
      "tn" : 1756406469245825921,
      "q" : "1",
      "p" : "0.35700",
      "s" : "buy",
      "i" : "INITUSD-PERP",
      "m" : "4611686018427531651"
    }, {
      "d" : "1756402022509473264",
      "t" : 1756402022509,
      "tn" : 1756402022509473264,
      "q" : "1",
      "p" : "0.35339",
      "s" : "buy",
      "i" : "INITUSD-PERP",
      "m" : "4611686018427531650"
    }, {
      "d" : "1756401906230896701",
      "t" : 1756401906230,
      "tn" : 1756401906230896701,
      "q" : "1",
      "p" : "0.35251",
      "s" : "sell",
      "i" : "INITUSD-PERP",
      "m" : "4611686018427531649"
    }, {
      "d" : "1756401291479780019",
      "t" : 1756401291479,
      "tn" : 1756401291479780019,
      "q" : "1",
      "p" : "0.35232",
      "s" : "buy",
      "i" : "INITUSD-PERP",
      "m" : "4611686018427531648"
    }, {
      "d" : "1756401291479778258",
      "t" : 1756401291479,
      "tn" : 1756401291479778258,
      "q" : "1",
      "p" : "0.35229",
      "s" : "buy",
      "i" : "INITUSD-PERP",
      "m" : "4611686018427531647"
    }, {
      "d" : "1756400430389400409",
      "t" : 1756400430389,
      "tn" : 1756400430389400409,
      "q" : "1",
      "p" : "0.35069",
      "s" : "buy",
      "i" : "INITUSD-PERP",
      "m" : "4611686018427531646"
    }, {
      "d" : "1756400358917329602",
      "t" : 1756400358917,
      "tn" : 1756400358917329602,
      "q" : "1",
      "p" : "0.35151",
      "s" : "sell",
      "i" : "INITUSD-PERP",
      "m" : "4611686018427531645"
    }, {
      "d" : "1756400356531838258",
      "t" : 1756400356531,
      "tn" : 1756400356531838258,
      "q" : "1",
      "p" : "0.35171",
      "s" : "sell",
      "i" : "INITUSD-PERP",
      "m" : "4611686018427531644"
    }, {
      "d" : "1756400330111665280",
      "t" : 1756400330111,
      "tn" : 1756400330111665280,
      "q" : "1",
      "p" : "0.35252",
      "s" : "buy",
      "i" : "INITUSD-PERP",
      "m" : "4611686018427531643"
    }, {
      "d" : "1756400330111663472",
      "t" : 1756400330111,
      "tn" : 1756400330111663472,
      "q" : "1",
      "p" : "0.35249",
      "s" : "buy",
      "i" : "INITUSD-PERP",
      "m" : "4611686018427531642"
    }, {
      "d" : "1756399828248548253",
      "t" : 1756399828248,
      "tn" : 1756399828248548253,
      "q" : "1",
      "p" : "0.35564",
      "s" : "buy",
      "i" : "INITUSD-PERP",
      "m" : "4611686018427531641"
    }, {
      "d" : "1756399828248546410",
      "t" : 1756399828248,
      "tn" : 1756399828248546410,
      "q" : "1",
      "p" : "0.35559",
      "s" : "buy",
      "i" : "INITUSD-PERP",
      "m" : "4611686018427531640"
    }, {
      "d" : "1756398259930003281",
      "t" : 1756398259930,
      "tn" : 1756398259930003281,
      "q" : "1",
      "p" : "0.35724",
      "s" : "buy",
      "i" : "INITUSD-PERP",
      "m" : "4611686018427531639"
    }, {
      "d" : "1756398259930001087",
      "t" : 1756398259930,
      "tn" : 1756398259930001087,
      "q" : "1",
      "p" : "0.35719",
      "s" : "buy",
      "i" : "INITUSD-PERP",
      "m" : "4611686018427531638"
    }, {
      "d" : "1756398002956856268",
      "t" : 1756398002956,
      "tn" : 1756398002956856268,
      "q" : "1",
      "p" : "0.35764",
      "s" : "buy",
      "i" : "INITUSD-PERP",
      "m" : "4611686018427531637"
    }, {
      "d" : "1756398002955694294",
      "t" : 1756398002955,
      "tn" : 1756398002955694294,
      "q" : "1",
      "p" : "0.35759",
      "s" : "buy",
      "i" : "INITUSD-PERP",
      "m" : "4611686018427531636"
    }, {
      "d" : "1756395920281165667",
      "t" : 1756395920281,
      "tn" : 1756395920281165667,
      "q" : "1",
      "p" : "0.35661",
      "s" : "sell",
      "i" : "INITUSD-PERP",
      "m" : "4611686018427531635"
    }, {
      "d" : "1756395240039753702",
      "t" : 1756395240039,
      "tn" : 1756395240039753702,
      "q" : "1",
      "p" : "0.35912",
      "s" : "buy",
      "i" : "INITUSD-PERP",
      "m" : "4611686018427531634"
    }, {
      "d" : "1756395240039751911",
      "t" : 1756395240039,
      "tn" : 1756395240039751911,
      "q" : "1",
      "p" : "0.35909",
      "s" : "buy",
      "i" : "INITUSD-PERP",
      "m" : "4611686018427531633"
    }, {
      "d" : "1756394435207225942",
      "t" : 1756394435207,
      "tn" : 1756394435207225942,
      "q" : "1",
      "p" : "0.35881",
      "s" : "sell",
      "i" : "INITUSD-PERP",
      "m" : "4611686018427531632"
    }, {
      "d" : "1756394434429976289",
      "t" : 1756394434429,
      "tn" : 1756394434429976289,
      "q" : "1",
      "p" : "0.35901",
      "s" : "sell",
      "i" : "INITUSD-PERP",
      "m" : "4611686018427531631"
    }, {
      "d" : "1756393792646360964",
      "t" : 1756393792646,
      "tn" : 1756393792646360964,
      "q" : "1",
      "p" : "0.35972",
      "s" : "buy",
      "i" : "INITUSD-PERP",
      "m" : "4611686018427531630"
    }, {
      "d" : "1756393792646358666",
      "t" : 1756393792646,
      "tn" : 1756393792646358666,
      "q" : "1",
      "p" : "0.35969",
      "s" : "buy",
      "i" : "INITUSD-PERP",
      "m" : "4611686018427531629"
    }, {
      "d" : "1756389714156239934",
      "t" : 1756389714156,
      "tn" : 1756389714156239934,
      "q" : "1",
      "p" : "0.35560",
      "s" : "buy",
      "i" : "INITUSD-PERP",
      "m" : "4611686018427531628"
    }, {
      "d" : "1756389714155715401",
      "t" : 1756389714155,
      "tn" : 1756389714155715401,
      "q" : "1",
      "p" : "0.35559",
      "s" : "buy",
      "i" : "INITUSD-PERP",
      "m" : "4611686018427531627"
    }, {
      "d" : "1756389712415285641",
      "t" : 1756389712415,
      "tn" : 1756389712415285641,
      "q" : "1",
      "p" : "0.35532",
      "s" : "buy",
      "i" : "INITUSD-PERP",
      "m" : "4611686018427531626"
    }, {
      "d" : "1756389712415283769",
      "t" : 1756389712415,
      "tn" : 1756389712415283769,
      "q" : "1",
      "p" : "0.35528",
      "s" : "buy",
      "i" : "INITUSD-PERP",
      "m" : "4611686018427531625"
    }, {
      "d" : "1756389709670433827",
      "t" : 1756389709670,
      "tn" : 1756389709670433827,
      "q" : "1",
      "p" : "0.35512",
      "s" : "buy",
      "i" : "INITUSD-PERP",
      "m" : "4611686018427531624"
    }, {
      "d" : "1756389709670431600",
      "t" : 1756389709670,
      "tn" : 1756389709670431600,
      "q" : "1",
      "p" : "0.35508",
      "s" : "buy",
      "i" : "INITUSD-PERP",
      "m" : "4611686018427531623"
    }, {
      "d" : "1756389574231360874",
      "t" : 1756389574231,
      "tn" : 1756389574231360874,
      "q" : "1",
      "p" : "0.35630",
      "s" : "sell",
      "i" : "INITUSD-PERP",
      "m" : "4611686018427531622"
    }, {
      "d" : "1756389546595156603",
      "t" : 1756389546595,
      "tn" : 1756389546595156603,
      "q" : "1",
      "p" : "0.35638",
      "s" : "buy",
      "i" : "INITUSD-PERP",
      "m" : "4611686018427531621"
    }, {
      "d" : "1756389365971054428",
      "t" : 1756389365971,
      "tn" : 1756389365971054428,
      "q" : "1",
      "p" : "0.35650",
      "s" : "sell",
      "i" : "INITUSD-PERP",
      "m" : "4611686018427531620"
    }, {
      "d" : "1756388973009803685",
      "t" : 1756388973009,
      "tn" : 1756388973009803685,
      "q" : "1",
      "p" : "0.35631",
      "s" : "sell",
      "i" : "INITUSD-PERP",
      "m" : "4611686018427531619"
    }, {
      "d" : "1756388100621422102",
      "t" : 1756388100621,
      "tn" : 1756388100621422102,
      "q" : "1",
      "p" : "0.35881",
      "s" : "sell",
      "i" : "INITUSD-PERP",
      "m" : "4611686018427531618"
    }, {
      "d" : "1756386120014331858",
      "t" : 1756386120014,
      "tn" : 1756386120014331858,
      "q" : "1",
      "p" : "0.35901",
      "s" : "sell",
      "i" : "INITUSD-PERP",
      "m" : "4611686018427531617"
    }, {
      "d" : "1756384794576618548",
      "t" : 1756384794576,
      "tn" : 1756384794576618548,
      "q" : "1",
      "p" : "0.36049",
      "s" : "buy",
      "i" : "INITUSD-PERP",
      "m" : "4611686018427531616"
    }, {
      "d" : "1756384248817970384",
      "t" : 1756384248817,
      "tn" : 1756384248817970384,
      "q" : "1",
      "p" : "0.36019",
      "s" : "buy",
      "i" : "INITUSD-PERP",
      "m" : "4611686018427531615"
    }, {
      "d" : "1756383829092269264",
      "t" : 1756383829092,
      "tn" : 1756383829092269264,
      "q" : "1",
      "p" : "0.35952",
      "s" : "buy",
      "i" : "INITUSD-PERP",
      "m" : "4611686018427531614"
    }, {
      "d" : "1756383829092266820",
      "t" : 1756383829092,
      "tn" : 1756383829092266820,
      "q" : "1",
      "p" : "0.35949",
      "s" : "buy",
      "i" : "INITUSD-PERP",
      "m" : "4611686018427531613"
    }, {
      "d" : "1756382082801728793",
      "t" : 1756382082801,
      "tn" : 1756382082801728793,
      "q" : "1",
      "p" : "0.35881",
      "s" : "sell",
      "i" : "INITUSD-PERP",
      "m" : "4611686018427531612"
    }, {
      "d" : "1756377957968093383",
      "t" : 1756377957968,
      "tn" : 1756377957968093383,
      "q" : "1",
      "p" : "0.35712",
      "s" : "buy",
      "i" : "INITUSD-PERP",
      "m" : "4611686018427531611"
    }, {
      "d" : "1756377957968091048",
      "t" : 1756377957968,
      "tn" : 1756377957968091048,
      "q" : "1",
      "p" : "0.35708",
      "s" : "buy",
      "i" : "INITUSD-PERP",
      "m" : "4611686018427531610"
    }, {
      "d" : "1756375284497744673",
      "t" : 1756375284497,
      "tn" : 1756375284497744673,
      "q" : "1",
      "p" : "0.35464",
      "s" : "sell",
      "i" : "INITUSD-PERP",
      "m" : "4611686018427531609"
    }, {
      "d" : "1756375284497742956",
      "t" : 1756375284497,
      "tn" : 1756375284497742956,
      "q" : "1",
      "p" : "0.35491",
      "s" : "sell",
      "i" : "INITUSD-PERP",
      "m" : "4611686018427531608"
    }, {
      "d" : "1756375282546776279",
      "t" : 1756375282546,
      "tn" : 1756375282546776279,
      "q" : "1",
      "p" : "0.35531",
      "s" : "sell",
      "i" : "INITUSD-PERP",
      "m" : "4611686018427531607"
    } ]
  }
}