{
  "id" : -1,
  "method" : "public/get-trades",
  "code" : 0,
  "result" : {
    "data" : [ {
      "d" : "1756461250756255806",
      "t" : 1756461250756,
      "tn" : 1756461250756255806,
      "q" : "3.4",
      "p" : "0.34151",
      "s" : "buy",
      "i" : "INIT_USD",
      "m" : "4611686018428095279"
    }, {
      "d" : "1756461158191869605",
      "t" : 1756461158191,
      "tn" : 1756461158191869605,
      "q" : "3.4",
      "p" : "0.34160",
      "s" : "sell",
      "i" : "INIT_USD",
      "m" : "4611686018428095278"
    }, {
      "d" : "1756461145027129180",
      "t" : 1756461145027,
      "tn" : 1756461145027129180,
      "q" : "3.4",
      "p" : "0.34180",
      "s" : "sell",
      "i" : "INIT_USD",
      "m" : "4611686018428095277"
    }, {
      "d" : "1756461142937815841",
      "t" : 1756461142937,
      "tn" : 1756461142937815841,
      "q" : "3.4",
      "p" : "0.34180",
      "s" : "sell",
      "i" : "INIT_USD",
      "m" : "4611686018428095276"
    }, {
      "d" : "1756461142314079176",
      "t" : 1756461142314,
      "tn" : 1756461142314079176,
      "q" : "3.4",
      "p" : "0.34185",
      "s" : "sell",
      "i" : "INIT_USD",
      "m" : "4611686018428095275"
    }, {
      "d" : "1756461139823667857",
      "t" : 1756461139823,
      "tn" : 1756461139823667857,
      "q" : "3.4",
      "p" : "0.34190",
      "s" : "sell",
      "i" : "INIT_USD",
      "m" : "4611686018428095274"
    }, {
      "d" : "1756461137887882655",
      "t" : 1756461137887,
      "tn" : 1756461137887882655,
      "q" : "3.4",
      "p" : "0.34200",
      "s" : "sell",
      "i" : "INIT_USD",
      "m" : "4611686018428095273"
    }, {
      "d" : "1756461136386806722",
      "t" : 1756461136386,
      "tn" : 1756461136386806722,
      "q" : "3.4",
      "p" : "0.34200",
      "s" : "sell",
      "i" : "INIT_USD",
      "m" : "4611686018428095272"
    }, {
      "d" : "1756461132753961401",
      "t" : 1756461132753,
      "tn" : 1756461132753961401,
      "q" : "3.4",
      "p" : "0.34200",
      "s" : "sell",
      "i" : "INIT_USD",
      "m" : "4611686018428095271"
    }, {
      "d" : "1756461132164041610",
      "t" : 1756461132164,
      "tn" : 1756461132164041610,
      "q" : "3.4",
      "p" : "0.34200",
      "s" : "sell",
      "i" : "INIT_USD",
      "m" : "4611686018428095270"
    }, {
      "d" : "1756461127882013930",
      "t" : 1756461127882,
      "tn" : 1756461127882013930,
      "q" : "3.4",
      "p" : "0.34200",
      "s" : "sell",
      "i" : "INIT_USD",
      "m" : "4611686018428095269"
    }, {
      "d" : "1756461127394252303",
      "t" : 1756461127394,
      "tn" : 1756461127394252303,
      "q" : "3.4",
      "p" : "0.34200",
      "s" : "sell",
      "i" : "INIT_USD",
      "m" : "4611686018428095268"
    }, {
      "d" : "1756461117123045481",
      "t" : 1756461117123,
      "tn" : 1756461117123045481,
      "q" : "3.4",
      "p" : "0.34190",
      "s" : "sell",
      "i" : "INIT_USD",
      "m" : "4611686018428095267"
    }, {
      "d" : "1756461084562979166",
      "t" : 1756461084562,
      "tn" : 1756461084562979166,
      "q" : "3.4",
      "p" : "0.34195",
      "s" : "sell",
      "i" : "INIT_USD",
      "m" : "4611686018428095266"
    }, {
      "d" : "1756461057852332130",
      "t" : 1756461057852,
      "tn" : 1756461057852332130,
      "q" : "3.4",
      "p" : "0.34205",
      "s" : "sell",
      "i" : "INIT_USD",
      "m" : "4611686018428095265"
    }, {
      "d" : "1756461047674552931",
      "t" : 1756461047674,
      "tn" : 1756461047674552931,
      "q" : "3.4",
      "p" : "0.34210",
      "s" : "sell",
      "i" : "INIT_USD",
      "m" : "4611686018428095264"
    }, {
      "d" : "1756461044846611955",
      "t" : 1756461044846,
      "tn" : 1756461044846611955,
      "q" : "3.4",
      "p" : "0.34210",
      "s" : "sell",
      "i" : "INIT_USD",
      "m" : "4611686018428095263"
    }, {
      "d" : "1756461043832219400",
      "t" : 1756461043832,
      "tn" : 1756461043832219400,
      "q" : "3.4",
      "p" : "0.34210",
      "s" : "sell",
      "i" : "INIT_USD",
      "m" : "4611686018428095262"
    }, {
      "d" : "1756461041263817841",
      "t" : 1756461041263,
      "tn" : 1756461041263817841,
      "q" : "3.4",
      "p" : "0.34220",
      "s" : "sell",
      "i" : "INIT_USD",
      "m" : "4611686018428095261"
    }, {
      "d" : "1756461040985307771",
      "t" : 1756461040985,
      "tn" : 1756461040985307771,
      "q" : "3.4",
      "p" : "0.34220",
      "s" : "sell",
      "i" : "INIT_USD",
      "m" : "4611686018428095260"
    }, {
      "d" : "1756461024109423207",
      "t" : 1756461024109,
      "tn" : 1756461024109423207,
      "q" : "3.4",
      "p" : "0.34255",
      "s" : "sell",
      "i" : "INIT_USD",
      "m" : "4611686018428095259"
    }, {
      "d" : "1756461011761114243",
      "t" : 1756461011761,
      "tn" : 1756461011761114243,
      "q" : "3.4",
      "p" : "0.34260",
      "s" : "sell",
      "i" : "INIT_USD",
      "m" : "4611686018428095258"
    }, {
      "d" : "1756460999122332558",
      "t" : 1756460999122,
      "tn" : 1756460999122332558,
      "q" : "3.4",
      "p" : "0.34280",
      "s" : "sell",
      "i" : "INIT_USD",
      "m" : "4611686018428095257"
    }, {
      "d" : "1756460996048710532",
      "t" : 1756460996048,
      "tn" : 1756460996048710532,
      "q" : "3.4",
      "p" : "0.34280",
      "s" : "sell",
      "i" : "INIT_USD",
      "m" : "4611686018428095256"
    }, {
      "d" : "1756460994551692868",
      "t" : 1756460994551,
      "tn" : 1756460994551692868,
      "q" : "3.4",
      "p" : "0.34280",
      "s" : "sell",
      "i" : "INIT_USD",
      "m" : "4611686018428095255"
    }, {
      "d" : "1756460992737493212",
      "t" : 1756460992737,
      "tn" : 1756460992737493212,
      "q" : "3.4",
      "p" : "0.34280",
      "s" : "sell",
      "i" : "INIT_USD",
      "m" : "4611686018428095254"
    }, {
      "d" : "1756460989682641590",
      "t" : 1756460989682,
      "tn" : 1756460989682641590,
      "q" : "3.4",
      "p" : "0.34280",
      "s" : "sell",
      "i" : "INIT_USD",
      "m" : "4611686018428095253"
    }, {
      "d" : "1756460987866723956",
      "t" : 1756460987866,
      "tn" : 1756460987866723956,
      "q" : "3.4",
      "p" : "0.34280",
      "s" : "sell",
      "i" : "INIT_USD",
      "m" : "4611686018428095252"
    }, {
      "d" : "1756460946775017166",
      "t" : 1756460946775,
      "tn" : 1756460946775017166,
      "q" : "3.4",
      "p" : "0.34260",
      "s" : "sell",
      "i" : "INIT_USD",
      "m" : "4611686018428095251"
    }, {
      "d" : "1756460945913102762",
      "t" : 1756460945913,
      "tn" : 1756460945913102762,
      "q" : "3.4",
      "p" : "0.34250",
      "s" : "sell",
      "i" : "INIT_USD",
      "m" : "4611686018428095250"
    }, {
      "d" : "1756460945592967102",
      "t" : 1756460945592,
      "tn" : 1756460945592967102,
      "q" : "3.4",
      "p" : "0.34250",
      "s" : "sell",
      "i" : "INIT_USD",
      "m" : "4611686018428095249"
    }, {
      "d" : "1756460945376482705",
      "t" : 1756460945376,
      "tn" : 1756460945376482705,
      "q" : "3.4",
      "p" : "0.34260",
      "s" : "sell",
      "i" : "INIT_USD",
      "m" : "4611686018428095248"
    }, {
      "d" : "1756460945179416248",
      "t" : 1756460945179,
      "tn" : 1756460945179416248,
      "q" : "3.4",
      "p" : "0.34260",
      "s" : "sell",
      "i" : "INIT_USD",
      "m" : "4611686018428095247"
    }, {
      "d" : "1756460943873343701",
      "t" : 1756460943873,
      "tn" : 1756460943873343701,
      "q" : "3.4",
      "p" : "0.34275",
      "s" : "sell",
      "i" : "INIT_USD",
      "m" : "4611686018428095246"
    }, {
      "d" : "1756460939971126315",
      "t" : 1756460939971,
      "tn" : 1756460939971126315,
      "q" : "3.4",
      "p" : "0.34275",
      "s" : "sell",
      "i" : "INIT_USD",
      "m" : "4611686018428095245"
    }, {
      "d" : "1756460938870505671",
      "t" : 1756460938870,
      "tn" : 1756460938870505671,
      "q" : "3.4",
      "p" : "0.34275",
      "s" : "sell",
      "i" : "INIT_USD",
      "m" : "4611686018428095244"
    }, {
      "d" : "1756460935523675177",
      "t" : 1756460935523,
      "tn" : 1756460935523675177,
      "q" : "3.4",
      "p" : "0.34280",
      "s" : "sell",
      "i" : "INIT_USD",
      "m" : "4611686018428095243"
    }, {
      "d" : "1756460935468535040",
      "t" : 1756460935468,
      "tn" : 1756460935468535040,
      "q" : "3.4",
      "p" : "0.34280",
      "s" : "sell",
      "i" : "INIT_USD",
      "m" : "4611686018428095242"
    }, {
      "d" : "1756460934768006216",
      "t" : 1756460934768,
      "tn" : 1756460934768006216,
      "q" : "3.4",
      "p" : "0.34280",
      "s" : "sell",
      "i" : "INIT_USD",
      "m" : "4611686018428095241"
    }, {
      "d" : "1756460933337149048",
      "t" : 1756460933337,
      "tn" : 1756460933337149048,
      "q" : "3.4",
      "p" : "0.34280",
      "s" : "sell",
      "i" : "INIT_USD",
      "m" : "4611686018428095240"
    }, {
      "d" : "1756460929265423009",
      "t" : 1756460929265,
      "tn" : 1756460929265423009,
      "q" : "3.4",
      "p" : "0.34270",
      "s" : "sell",
      "i" : "INIT_USD",
      "m" : "4611686018428095239"
    }, {
      "d" : "1756460927777112202",
      "t" : 1756460927777,
      "tn" : 1756460927777112202,
      "q" : "3.4",
      "p" : "0.34285",
      "s" : "sell",
      "i" : "INIT_USD",
      "m" : "4611686018428095238"
    }, {
      "d" : "1756460925462942092",
      "t" : 1756460925462,
      "tn" : 1756460925462942092,
      "q" : "3.4",
      "p" : "0.34290",
      "s" : "sell",
      "i" : "INIT_USD",
      "m" : "4611686018428095237"
    }, {
      "d" : "1756460908779262449",
      "t" : 1756460908779,
      "tn" : 1756460908779262449,
      "q" : "3.4",
      "p" : "0.34280",
      "s" : "sell",
      "i" : "INIT_USD",
      "m" : "4611686018428095236"
    }, {
      "d" : "1756460902409080646",
      "t" : 1756460902409,
      "tn" : 1756460902409080646,
      "q" : "3.4",
      "p" : "0.34270",
      "s" : "sell",
      "i" : "INIT_USD",
      "m" : "4611686018428095235"
    }, {
      "d" : "1756460898585802865",
      "t" : 1756460898585,
      "tn" : 1756460898585802865,
      "q" : "3.4",
      "p" : "0.34240",
      "s" : "sell",
      "i" : "INIT_USD",
      "m" : "4611686018428095234"
    }, {
      "d" : "1756460898345301445",
      "t" : 1756460898345,
      "tn" : 1756460898345301445,
      "q" : "3.4",
      "p" : "0.34250",
      "s" : "sell",
      "i" : "INIT_USD",
      "m" : "4611686018428095233"
    }, {
      "d" : "1756460897585609437",
      "t" : 1756460897585,
      "tn" : 1756460897585609437,
      "q" : "3.4",
      "p" : "0.34260",
      "s" : "sell",
      "i" : "INIT_USD",
      "m" : "4611686018428095232"
    }, {
      "d" : "1756460896758519802",
      "t" : 1756460896758,
      "tn" : 1756460896758519802,
      "q" : "3.4",
      "p" : "0.34260",
      "s" : "sell",
      "i" : "INIT_USD",
      "m" : "4611686018428095231"
    }, {
      "d" : "1756460890648069752",
      "t" : 1756460890648,
      "tn" : 1756460890648069752,
      "q" : "3.4",
      "p" : "0.34260",
      "s" : "sell",
      "i" : "INIT_USD",
      "m" : "4611686018428095230"
    }, {
      "d" : "1756460883185818785",
      "t" : 1756460883185,
      "tn" : 1756460883185818785,
      "q" : "3.4",
      "p" : "0.34260",
      "s" : "sell",
      "i" : "INIT_USD",
      "m" : "4611686018428095229"
    }, {
      "d" : "1756460881557192824",
      "t" : 1756460881557,
      "tn" : 1756460881557192824,
      "q" : "3.4",
      "p" : "0.34260",
      "s" : "sell",
      "i" : "INIT_USD",
      "m" : "4611686018428095228"
    }, {
      "d" : "1756460878435322412",
      "t" : 1756460878435,
      "tn" : 1756460878435322412,
      "q" : "3.4",
      "p" : "0.34260",
      "s" : "sell",
      "i" : "INIT_USD",
      "m" : "4611686018428095227"
    }, {
      "d" : "1756460876755008664",
      "t" : 1756460876755,
      "tn" : 1756460876755008664,
      "q" : "3.4",
      "p" : "0.34260",
      "s" : "sell",
      "i" : "INIT_USD",
      "m" : "4611686018428095226"
    }, {
      "d" : "1756460869287510889",
      "t" : 1756460869287,
      "tn" : 1756460869287510889,
      "q" : "3.4",
      "p" : "0.34270",
      "s" : "sell",
      "i" : "INIT_USD",
      "m" : "4611686018428095225"
    }, {
      "d" : "1756460867885887586",
      "t" : 1756460867885,
      "tn" : 1756460867885887586,
      "q" : "3.4",
      "p" : "0.34270",
      "s" : "sell",
      "i" : "INIT_USD",
      "m" : "4611686018428095224"
    }, {
      "d" : "1756460866228387439",
      "t" : 1756460866228,
      "tn" : 1756460866228387439,
      "q" : "3.4",
      "p" : "0.34250",
      "s" : "sell",
      "i" : "INIT_USD",
      "m" : "4611686018428095223"
    }, {
      "d" : "1756460865127773309",
      "t" : 1756460865127,
      "tn" : 1756460865127773309,
      "q" : "3.4",
      "p" : "0.34250",
      "s" : "sell",
      "i" : "INIT_USD",
      "m" : "4611686018428095222"
    }, {
      "d" : "1756460863826963875",
      "t" : 1756460863826,
      "tn" : 1756460863826963875,
      "q" : "3.4",
      "p" : "0.34250",
      "s" : "sell",
      "i" : "INIT_USD",
      "m" : "4611686018428095221"
    }, {
      "d" : "1756460857122842541",
      "t" : 1756460857122,
      "tn" : 1756460857122842541,
      "q" : "3.4",
      "p" : "0.34240",
      "s" : "sell",
      "i" : "INIT_USD",
      "m" : "4611686018428095220"
    }, {
      "d" : "1756460840139831988",
      "t" : 1756460840139,
      "tn" : 1756460840139831988,
      "q" : "3.4",
      "p" : "0.34230",
      "s" : "sell",
      "i" : "INIT_USD",
      "m" : "4611686018428095219"
    }, {
      "d" : "1756460840086967454",
      "t" : 1756460840086,
      "tn" : 1756460840086967454,
      "q" : "3.4",
      "p" : "0.34230",
      "s" : "sell",
      "i" : "INIT_USD",
      "m" : "4611686018428095218"
    }, {
      "d" : "1756460834850957912",
      "t" : 1756460834850,
      "tn" : 1756460834850957912,
      "q" : "3.4",
      "p" : "0.34210",
      "s" : "sell",
      "i" : "INIT_USD",
      "m" : "4611686018428095217"
    }, {
      "d" : "1756460833308795062",
      "t" : 1756460833308,
      "tn" : 1756460833308795062,
      "q" : "3.4",
      "p" : "0.34210",
      "s" : "sell",
      "i" : "INIT_USD",
      "m" : "4611686018428095216"
    }, {
      "d" : "1756460829406532411",
      "t" : 1756460829406,
      "tn" : 1756460829406532411,
      "q" : "3.4",
      "p" : "0.34210",
      "s" : "sell",
      "i" : "INIT_USD",
      "m" : "4611686018428095215"
    }, {
      "d" : "1756460824403560224",
      "t" : 1756460824403,
      "tn" : 1756460824403560224,
      "q" : "3.4",
      "p" : "0.34210",
      "s" : "sell",
      "i" : "INIT_USD",
      "m" : "4611686018428095214"
    }, {
      "d" : "1756460819400625761",
      "t" : 1756460819400,
      "tn" : 1756460819400625761,
      "q" : "3.4",
      "p" : "0.34210",
      "s" : "sell",
      "i" : "INIT_USD",
      "m" : "4611686018428095213"
    }, {
      "d" : "1756460814998185661",
      "t" : 1756460814998,
      "tn" : 1756460814998185661,
      "q" : "3.4",
      "p" : "0.34205",
      "s" : "sell",
      "i" : "INIT_USD",
      "m" : "4611686018428095212"
    }, {
      "d" : "1756460813389150805",
      "t" : 1756460813389,
      "tn" : 1756460813389150805,
      "q" : "3.4",
      "p" : "0.34205",
      "s" : "sell",
      "i" : "INIT_USD",
      "m" : "4611686018428095211"
    }, {
      "d" : "1756460812296797270",
      "t" : 1756460812296,
      "tn" : 1756460812296797270,
      "q" : "3.4",
      "p" : "0.34205",
      "s" : "sell",
      "i" : "INIT_USD",
      "m" : "4611686018428095210"
    }, {
      "d" : "1756460812139047936",
      "t" : 1756460812139,
      "tn" : 1756460812139047936,
      "q" : "3.4",
      "p" : "0.34205",
      "s" : "sell",
      "i" : "INIT_USD",
      "m" : "4611686018428095209"
    }, {
      "d" : "1756460811195908094",
      "t" : 1756460811195,
      "tn" : 1756460811195908094,
      "q" : "3.4",
      "p" : "0.34210",
      "s" : "sell",
      "i" : "INIT_USD",
      "m" : "4611686018428095208"
    }, {
      "d" : "1756460810795677088",
      "t" : 1756460810795,
      "tn" : 1756460810795677088,
      "q" : "3.4",
      "p" : "0.34210",
      "s" : "sell",
      "i" : "INIT_USD",
      "m" : "4611686018428095207"
    }, {
      "d" : "1756460809681976886",
      "t" : 1756460809681,
      "tn" : 1756460809681976886,
      "q" : "3.4",
      "p" : "0.34200",
      "s" : "sell",
      "i" : "INIT_USD",
      "m" : "4611686018428095206"
    }, {
      "d" : "1756460808424047453",
      "t" : 1756460808424,
      "tn" : 1756460808424047453,
      "q" : "3.4",
      "p" : "0.34200",
      "s" : "sell",
      "i" : "INIT_USD",
      "m" : "4611686018428095205"
    }, {
      "d" : "1756460807038284998",
      "t" : 1756460807038,
      "tn" : 1756460807038284998,
      "q" : "3.4",
      "p" : "0.34205",
      "s" : "sell",
      "i" : "INIT_USD",
      "m" : "4611686018428095204"
    }, {
      "d" : "1756460803622600570",
      "t" : 1756460803622,
      "tn" : 1756460803622600570,
      "q" : "3.4",
      "p" : "0.34230",
      "s" : "sell",
      "i" : "INIT_USD",
      "m" : "4611686018428095203"
    }, {
      "d" : "1756460803473597386",
      "t" : 1756460803473,
      "tn" : 1756460803473597386,
      "q" : "3.4",
      "p" : "0.34235",
      "s" : "sell",
      "i" : "INIT_USD",
      "m" : "4611686018428095202"
    }, {
      "d" : "1756460802361599194",
      "t" : 1756460802361,
      "tn" : 1756460802361599194,
      "q" : "3.4",
      "p" : "0.34240",
      "s" : "sell",
      "i" : "INIT_USD",
      "m" : "4611686018428095201"
    }, {
      "d" : "1756460802292926460",
      "t" : 1756460802292,
      "tn" : 1756460802292926460,
      "q" : "3.4",
      "p" : "0.34240",
      "s" : "sell",
      "i" : "INIT_USD",
      "m" : "4611686018428095200"
    }, {
      "d" : "1756460798567866484",
      "t" : 1756460798567,
      "tn" : 1756460798567866484,
      "q" : "3.4",
      "p" : "0.34240",
      "s" : "sell",
      "i" : "INIT_USD",
      "m" : "4611686018428095199"
    }, {
      "d" : "1756460791284391715",
      "t" : 1756460791284,
      "tn" : 1756460791284391715,
      "q" : "3.4",
      "p" : "0.34240",
      "s" : "sell",
      "i" : "INIT_USD",
      "m" : "4611686018428095198"
    }, {
      "d" : "1756460789128104097",
      "t" : 1756460789128,
      "tn" : 1756460789128104097,
      "q" : "3.4",
      "p" : "0.34235",
      "s" : "sell",
      "i" : "INIT_USD",
      "m" : "4611686018428095197"
    }, {
      "d" : "1756460788024690213",
      "t" : 1756460788024,
      "tn" : 1756460788024690213,
      "q" : "3.4",
      "p" : "0.34235",
      "s" : "sell",
      "i" : "INIT_USD",
      "m" : "4611686018428095196"
    }, {
      "d" : "1756460786912021777",
      "t" : 1756460786912,
      "tn" : 1756460786912021777,
      "q" : "3.4",
      "p" : "0.34235",
      "s" : "sell",
      "i" : "INIT_USD",
      "m" : "4611686018428095195"
    }, {
      "d" : "1756460786281331259",
      "t" : 1756460786281,
      "tn" : 1756460786281331259,
      "q" : "3.4",
      "p" : "0.34240",
      "s" : "sell",
      "i" : "INIT_USD",
      "m" : "4611686018428095194"
    }, {
      "d" : "1756460785881316624",
      "t" : 1756460785881,
      "tn" : 1756460785881316624,
      "q" : "3.4",
      "p" : "0.34240",
      "s" : "sell",
      "i" : "INIT_USD",
      "m" : "4611686018428095193"
    }, {
      "d" : "1756460784627789104",
      "t" : 1756460784627,
      "tn" : 1756460784627789104,
      "q" : "3.4",
      "p" : "0.34240",
      "s" : "sell",
      "i" : "INIT_USD",
      "m" : "4611686018428095192"
    }, {
      "d" : "1756460783453075479",
      "t" : 1756460783453,
      "tn" : 1756460783453075479,
      "q" : "3.4",
      "p" : "0.34240",
      "s" : "sell",
      "i" : "INIT_USD",
      "m" : "4611686018428095191"
    }, {
      "d" : "1756460782329999317",
      "t" : 1756460782329,
      "tn" : 1756460782329999317,
      "q" : "3.4",
      "p" : "0.34240",
      "s" : "sell",
      "i" : "INIT_USD",
      "m" : "4611686018428095190"
    }, {
      "d" : "1756460780852222495",
      "t" : 1756460780852,
      "tn" : 1756460780852222495,
      "q" : "3.4",
      "p" : "0.34235",
      "s" : "sell",
      "i" : "INIT_USD",
      "m" : "4611686018428095189"
    }, {
      "d" : "1756460780246424462",
      "t" : 1756460780246,
      "tn" : 1756460780246424462,
      "q" : "3.4",
      "p" : "0.34235",
      "s" : "sell",
      "i" : "INIT_USD",
      "m" : "4611686018428095188"
    }, {
      "d" : "1756460779987705668",
      "t" : 1756460779987,
      "tn" : 1756460779987705668,
      "q" : "3.4",
      "p" : "0.34240",
      "s" : "sell",
      "i" : "INIT_USD",
      "m" : "4611686018428095187"
    }, {
      "d" : "1756460779685851742",
      "t" : 1756460779685,
      "tn" : 1756460779685851742,
      "q" : "3.4",
      "p" : "0.34240",
      "s" : "sell",
      "i" : "INIT_USD",
      "m" : "4611686018428095186"
    }, {
      "d" : "1756460779380138203",
      "t" : 1756460779380,
      "tn" : 1756460779380138203,
      "q" : "3.4",
      "p" : "0.34240",
      "s" : "sell",
      "i" : "INIT_USD",
      "m" : "4611686018428095185"
    }, {
      "d" : "1756460779047302547",
      "t" : 1756460779047,
      "tn" : 1756460779047302547,
      "q" : "3.4",
      "p" : "0.34240",
      "s" : "sell",
      "i" : "INIT_USD",
      "m" : "4611686018428095184"
    }, {
      "d" : "1756460778739784852",
      "t" : 1756460778739,
      "tn" : 1756460778739784852,
      "q" : "3.4",
      "p" : "0.34240",
      "s" : "sell",
      "i" : "INIT_USD",
      "m" : "4611686018428095183"
    }, {
      "d" : "1756460778428745814",
      "t" : 1756460778428,
      "tn" : 1756460778428745814,
      "q" : "3.4",
      "p" : "0.34240",
      "s" : "sell",
      "i" : "INIT_USD",
      "m" : "4611686018428095182"
    }, {
      "d" : "1756460773084975496",
      "t" : 1756460773084,
      "tn" : 1756460773084975496,
      "q" : "3.4",
      "p" : "0.34215",
      "s" : "sell",
      "i" : "INIT_USD",
      "m" : "4611686018428095181"
    }, {
      "d" : "1756460771672768572",
      "t" : 1756460771672,
      "tn" : 1756460771672768572,
      "q" : "3.4",
      "p" : "0.34220",
      "s" : "sell",
      "i" : "INIT_USD",
      "m" : "4611686018428095180"
    }, {
      "d" : "1756460770375570860",
      "t" : 1756460770375,
      "tn" : 1756460770375570860,
      "q" : "3.4",
      "p" : "0.34220",
      "s" : "sell",
      "i" : "INIT_USD",
      "m" : "4611686018428095179"
    }, {
      "d" : "1756460763398702736",
      "t" : 1756460763398,
      "tn" : 1756460763398702736,
      "q" : "3.4",
      "p" : "0.34220",
      "s" : "sell",
      "i" : "INIT_USD",
      "m" : "4611686018428095178"
    }, {
      "d" : "1756460762059505957",
      "t" : 1756460762059,
      "tn" : 1756460762059505957,
      "q" : "3.4",
      "p" : "0.34220",
      "s" : "sell",
      "i" : "INIT_USD",
      "m" : "4611686018428095177"
    }, {
      "d" : "1756460760566794908",
      "t" : 1756460760566,
      "tn" : 1756460760566794908,
      "q" : "3.4",
      "p" : "0.34215",
      "s" : "sell",
      "i" : "INIT_USD",
      "m" : "4611686018428095176"
    }, {
      "d" : "1756460760477048752",
      "t" : 1756460760477,
      "tn" : 1756460760477048752,
      "q" : "3.4",
      "p" : "0.34215",
      "s" : "sell",
      "i" : "INIT_USD",
      "m" : "4611686018428095175"
    }, {
      "d" : "1756460753336829403",
      "t" : 1756460753336,
      "tn" : 1756460753336829403,
      "q" : "3.4",
      "p" : "0.34205",
      "s" : "sell",
      "i" : "INIT_USD",
      "m" : "4611686018428095174"
    }, {
      "d" : "1756460752535963924",
      "t" : 1756460752535,
      "tn" : 1756460752535963924,
      "q" : "3.4",
      "p" : "0.34205",
      "s" : "sell",
      "i" : "INIT_USD",
      "m" : "4611686018428095173"
    }, {
      "d" : "1756460752182776192",
      "t" : 1756460752182,
      "tn" : 1756460752182776192,
      "q" : "3.4",
      "p" : "0.34205",
      "s" : "sell",
      "i" : "INIT_USD",
      "m" : "4611686018428095172"
    }, {
      "d" : "1756460747958542693",
      "t" : 1756460747958,
      "tn" : 1756460747958542693,
      "q" : "3.4",
      "p" : "0.34200",
      "s" : "sell",
      "i" : "INIT_USD",
      "m" : "4611686018428095171"
    }, {
      "d" : "1756460736451614165",
      "t" : 1756460736451,
      "tn" : 1756460736451614165,
      "q" : "3.4",
      "p" : "0.34180",
      "s" : "sell",
      "i" : "INIT_USD",
      "m" : "4611686018428095170"
    }, {
      "d" : "1756460734281095069",
      "t" : 1756460734281,
      "tn" : 1756460734281095069,
      "q" : "3.4",
      "p" : "0.34180",
      "s" : "sell",
      "i" : "INIT_USD",
      "m" : "4611686018428095169"
    }, {
      "d" : "1756460729654670914",
      "t" : 1756460729654,
      "tn" : 1756460729654670914,
      "q" : "3.4",
      "p" : "0.34175",
      "s" : "sell",
      "i" : "INIT_USD",
      "m" : "4611686018428095168"
    }, {
      "d" : "1756460725244804894",
      "t" : 1756460725244,
      "tn" : 1756460725244804894,
      "q" : "3.4",
      "p" : "0.34160",
      "s" : "sell",
      "i" : "INIT_USD",
      "m" : "4611686018428095167"
    }, {
      "d" : "1756460723843875922",
      "t" : 1756460723843,
      "tn" : 1756460723843875922,
      "q" : "3.4",
      "p" : "0.34160",
      "s" : "sell",
      "i" : "INIT_USD",
      "m" : "4611686018428095166"
    }, {
      "d" : "1756460719691940417",
      "t" : 1756460719691,
      "tn" : 1756460719691940417,
      "q" : "3.4",
      "p" : "0.34150",
      "s" : "sell",
      "i" : "INIT_USD",
      "m" : "4611686018428095165"
    }, {
      "d" : "1756460699763649228",
      "t" : 1756460699763,
      "tn" : 1756460699763649228,
      "q" : "3.4",
      "p" : "0.34160",
      "s" : "sell",
      "i" : "INIT_USD",
      "m" : "4611686018428095164"
    }, {
      "d" : "1756460599687458082",
      "t" : 1756460599687,
      "tn" : 1756460599687458082,
      "q" : "3.4",
      "p" : "0.34145",
      "s" : "sell",
      "i" : "INIT_USD",
      "m" : "4611686018428095163"
    }, {
      "d" : "1756460597467343166",
      "t" : 1756460597467,
      "tn" : 1756460597467343166,
      "q" : "3.4",
      "p" : "0.34150",
      "s" : "sell",
      "i" : "INIT_USD",
      "m" : "4611686018428095162"
    }, {
      "d" : "1756460529197708389",
      "t" : 1756460529197,
      "tn" : 1756460529197708389,
      "q" : "3.4",
      "p" : "0.34146",
      "s" : "buy",
      "i" : "INIT_USD",
      "m" : "4611686018428095161"
    }, {
      "d" : "1756460342752249086",
      "t" : 1756460342752,
      "tn" : 1756460342752249086,
      "q" : "3.4",
      "p" : "0.34090",
      "s" : "sell",
      "i" : "INIT_USD",
      "m" : "4611686018428095160"
    }, {
      "d" : "1756460239255780284",
      "t" : 1756460239255,
      "tn" : 1756460239255780284,
      "q" : "3.4",
      "p" : "0.34080",
      "s" : "sell",
      "i" : "INIT_USD",
      "m" : "4611686018428095159"
    }, {
      "d" : "1756460235836606236",
      "t" : 1756460235836,
      "tn" : 1756460235836606236,
      "q" : "3.4",
      "p" : "0.34080",
      "s" : "sell",
      "i" : "INIT_USD",
      "m" : "4611686018428095158"
    }, {
      "d" : "1756460222461886487",
      "t" : 1756460222461,
      "tn" : 1756460222461886487,
      "q" : "3.4",
      "p" : "0.34065",
      "s" : "sell",
      "i" : "INIT_USD",
      "m" : "4611686018428095157"
    }, {
      "d" : "1756460214194444220",
      "t" : 1756460214194,
      "tn" : 1756460214194444220,
      "q" : "3.4",
      "p" : "0.34065",
      "s" : "sell",
      "i" : "INIT_USD",
      "m" : "4611686018428095156"
    }, {
      "d" : "1756460209021907640",
      "t" : 1756460209021,
      "tn" : 1756460209021907640,
      "q" : "3.4",
      "p" : "0.34065",
      "s" : "sell",
      "i" : "INIT_USD",
      "m" : "4611686018428095155"
    }, {
      "d" : "1756460208976186874",
      "t" : 1756460208976,
      "tn" : 1756460208976186874,
      "q" : "3.4",
      "p" : "0.34080",
      "s" : "sell",
      "i" : "INIT_USD",
      "m" : "4611686018428095154"
    }, {
      "d" : "1756460208164520354",
      "t" : 1756460208164,
      "tn" : 1756460208164520354,
      "q" : "3.4",
      "p" : "0.34080",
      "s" : "sell",
      "i" : "INIT_USD",
      "m" : "4611686018428095153"
    }, {
      "d" : "1756460207222077326",
      "t" : 1756460207222,
      "tn" : 1756460207222077326,
      "q" : "3.4",
      "p" : "0.34080",
      "s" : "sell",
      "i" : "INIT_USD",
      "m" : "4611686018428095152"
    }, {
      "d" : "1756460204747423179",
      "t" : 1756460204747,
      "tn" : 1756460204747423179,
      "q" : "3.4",
      "p" : "0.34100",
      "s" : "sell",
      "i" : "INIT_USD",
      "m" : "4611686018428095151"
    }, {
      "d" : "1756460203540975476",
      "t" : 1756460203540,
      "tn" : 1756460203540975476,
      "q" : "3.4",
      "p" : "0.34100",
      "s" : "sell",
      "i" : "INIT_USD",
      "m" : "4611686018428095150"
    }, {
      "d" : "1756460185741798206",
      "t" : 1756460185741,
      "tn" : 1756460185741798206,
      "q" : "3.4",
      "p" : "0.34110",
      "s" : "sell",
      "i" : "INIT_USD",
      "m" : "4611686018428095149"
    }, {
      "d" : "1756460185438170326",
      "t" : 1756460185438,
      "tn" : 1756460185438170326,
      "q" : "3.4",
      "p" : "0.34100",
      "s" : "sell",
      "i" : "INIT_USD",
      "m" : "4611686018428095148"
    }, {
      "d" : "1756460184159446266",
      "t" : 1756460184159,
      "tn" : 1756460184159446266,
      "q" : "3.4",
      "p" : "0.34085",
      "s" : "sell",
      "i" : "INIT_USD",
      "m" : "4611686018428095147"
    }, {
      "d" : "1756460182842248267",
      "t" : 1756460182842,
      "tn" : 1756460182842248267,
      "q" : "3.4",
      "p" : "0.34090",
      "s" : "sell",
      "i" : "INIT_USD",
      "m" : "4611686018428095146"
    }, {
      "d" : "1756460181801870610",
      "t" : 1756460181801,
      "tn" : 1756460181801870610,
      "q" : "3.4",
      "p" : "0.34075",
      "s" : "sell",
      "i" : "INIT_USD",
      "m" : "4611686018428095145"
    }, {
      "d" : "1756460181321182155",
      "t" : 1756460181321,
      "tn" : 1756460181321182155,
      "q" : "3.4",
      "p" : "0.34075",
      "s" : "sell",
      "i" : "INIT_USD",
      "m" : "4611686018428095144"
    }, {
      "d" : "1756460180571614869",
      "t" : 1756460180571,
      "tn" : 1756460180571614869,
      "q" : "3.4",
      "p" : "0.34080",
      "s" : "sell",
      "i" : "INIT_USD",
      "m" : "4611686018428095143"
    }, {
      "d" : "1756460179433971509",
      "t" : 1756460179433,
      "tn" : 1756460179433971509,
      "q" : "3.4",
      "p" : "0.34080",
      "s" : "sell",
      "i" : "INIT_USD",
      "m" : "4611686018428095142"
    }, {
      "d" : "1756460178025401192",
      "t" : 1756460178025,
      "tn" : 1756460178025401192,
      "q" : "3.4",
      "p" : "0.34075",
      "s" : "sell",
      "i" : "INIT_USD",
      "m" : "4611686018428095141"
    }, {
      "d" : "1756460176957864376",
      "t" : 1756460176957,
      "tn" : 1756460176957864376,
      "q" : "3.4",
      "p" : "0.34070",
      "s" : "sell",
      "i" : "INIT_USD",
      "m" : "4611686018428095140"
    }, {
      "d" : "1756460176266167938",
      "t" : 1756460176266,
      "tn" : 1756460176266167938,
      "q" : "3.4",
      "p" : "0.34070",
      "s" : "sell",
      "i" : "INIT_USD",
      "m" : "4611686018428095139"
    }, {
      "d" : "1756460175946298533",
      "t" : 1756460175946,
      "tn" : 1756460175946298533,
      "q" : "3.4",
      "p" : "0.34070",
      "s" : "sell",
      "i" : "INIT_USD",
      "m" : "4611686018428095138"
    }, {
      "d" : "1756460175866642664",
      "t" : 1756460175866,
      "tn" : 1756460175866642664,
      "q" : "3.4",
      "p" : "0.34090",
      "s" : "sell",
      "i" : "INIT_USD",
      "m" : "4611686018428095137"
    }, {
      "d" : "1756460174893911475",
      "t" : 1756460174893,
      "tn" : 1756460174893911475,
      "q" : "3.4",
      "p" : "0.34090",
      "s" : "sell",
      "i" : "INIT_USD",
      "m" : "4611686018428095136"
    }, {
      "d" : "1756460174708930939",
      "t" : 1756460174708,
      "tn" : 1756460174708930939,
      "q" : "3.4",
      "p" : "0.34090",
      "s" : "sell",
      "i" : "INIT_USD",
      "m" : "4611686018428095135"
    }, {
      "d" : "1756460174103002968",
      "t" : 1756460174103,
      "tn" : 1756460174103002968,
      "q" : "3.4",
      "p" : "0.34100",
      "s" : "sell",
      "i" : "INIT_USD",
      "m" : "4611686018428095134"
    }, {
      "d" : "1756460173043978564",
      "t" : 1756460173043,
      "tn" : 1756460173043978564,
      "q" : "3.4",
      "p" : "0.34100",
      "s" : "sell",
      "i" : "INIT_USD",
      "m" : "4611686018428095133"
    }, {
      "d" : "1756460172159249357",
      "t" : 1756460172159,
      "tn" : 1756460172159249357,
      "q" : "3.4",
      "p" : "0.34100",
      "s" : "sell",
      "i" : "INIT_USD",
      "m" : "4611686018428095132"
    }, {
      "d" : "1756460165041981247",
      "t" : 1756460165041,
      "tn" : 1756460165041981247,
      "q" : "3.4",
      "p" : "0.34120",
      "s" : "sell",
      "i" : "INIT_USD",
      "m" : "4611686018428095131"
    }, {
      "d" : "1756460164764438575",
      "t" : 1756460164764,
      "tn" : 1756460164764438575,
      "q" : "3.4",
      "p" : "0.34120",
      "s" : "sell",
      "i" : "INIT_USD",
      "m" : "4611686018428095130"
    } ]
  }
}