{
  "id" : -1,
  "method" : "public/get-trades",
  "code" : 0,
  "result" : {
    "data" : [ {
      "d" : "1756461244909157901",
      "t" : 1756461244909,
      "tn" : 1756461244909157901,
      "q" : "0.09",
      "p" : "13.116",
      "s" : "sell",
      "i" : "INJ_USD",
      "m" : "4611686018431631782"
    }, {
      "d" : "1756461142306220360",
      "t" : 1756461142306,
      "tn" : 1756461142306220360,
      "q" : "0.09",
      "p" : "13.116",
      "s" : "sell",
      "i" : "INJ_USD",
      "m" : "4611686018431631781"
    }, {
      "d" : "1756461131660276460",
      "t" : 1756461131660,
      "tn" : 1756461131660276460,
      "q" : "0.09",
      "p" : "13.124",
      "s" : "sell",
      "i" : "INJ_USD",
      "m" : "4611686018431631780"
    }, {
      "d" : "1756461093064165210",
      "t" : 1756461093064,
      "tn" : 1756461093064165210,
      "q" : "0.09",
      "p" : "13.115",
      "s" : "sell",
      "i" : "INJ_USD",
      "m" : "4611686018431631779"
    }, {
      "d" : "1756461077430120844",
      "t" : 1756461077430,
      "tn" : 1756461077430120844,
      "q" : "0.09",
      "p" : "13.116",
      "s" : "sell",
      "i" : "INJ_USD",
      "m" : "4611686018431631778"
    }, {
      "d" : "1756461039278311496",
      "t" : 1756461039278,
      "tn" : 1756461039278311496,
      "q" : "0.09",
      "p" : "13.116",
      "s" : "sell",
      "i" : "INJ_USD",
      "m" : "4611686018431631777"
    }, {
      "d" : "1756461026137425234",
      "t" : 1756461026137,
      "tn" : 1756461026137425234,
      "q" : "0.09",
      "p" : "13.116",
      "s" : "sell",
      "i" : "INJ_USD",
      "m" : "4611686018431631776"
    }, {
      "d" : "1756461026137421381",
      "t" : 1756461026137,
      "tn" : 1756461026137421381,
      "q" : "0.11",
      "p" : "13.117",
      "s" : "sell",
      "i" : "INJ_USD",
      "m" : "4611686018431631775"
    }, {
      "d" : "1756461005723280431",
      "t" : 1756461005723,
      "tn" : 1756461005723280431,
      "q" : "0.09",
      "p" : "13.136",
      "s" : "sell",
      "i" : "INJ_USD",
      "m" : "4611686018431631774"
    }, {
      "d" : "1756461000643193286",
      "t" : 1756461000643,
      "tn" : 1756461000643193286,
      "q" : "0.09",
      "p" : "13.136",
      "s" : "sell",
      "i" : "INJ_USD",
      "m" : "4611686018431631773"
    }, {
      "d" : "1756460955707140007",
      "t" : 1756460955707,
      "tn" : 1756460955707140007,
      "q" : "0.09",
      "p" : "13.146",
      "s" : "sell",
      "i" : "INJ_USD",
      "m" : "4611686018431631772"
    }, {
      "d" : "1756460944325659747",
      "t" : 1756460944325,
      "tn" : 1756460944325659747,
      "q" : "0.09",
      "p" : "13.146",
      "s" : "sell",
      "i" : "INJ_USD",
      "m" : "4611686018431631771"
    }, {
      "d" : "1756460929526679902",
      "t" : 1756460929526,
      "tn" : 1756460929526679902,
      "q" : "0.09",
      "p" : "13.146",
      "s" : "sell",
      "i" : "INJ_USD",
      "m" : "4611686018431631770"
    }, {
      "d" : "1756460926372433133",
      "t" : 1756460926372,
      "tn" : 1756460926372433133,
      "q" : "0.09",
      "p" : "13.156",
      "s" : "sell",
      "i" : "INJ_USD",
      "m" : "4611686018431631769"
    }, {
      "d" : "1756460898117527044",
      "t" : 1756460898117,
      "tn" : 1756460898117527044,
      "q" : "0.09",
      "p" : "13.146",
      "s" : "sell",
      "i" : "INJ_USD",
      "m" : "4611686018431631768"
    }, {
      "d" : "1756460898096819971",
      "t" : 1756460898096,
      "tn" : 1756460898096819971,
      "q" : "38.05",
      "p" : "13.139",
      "s" : "sell",
      "i" : "INJ_USD",
      "m" : "4611686018431631767"
    }, {
      "d" : "1756460898096816113",
      "t" : 1756460898096,
      "tn" : 1756460898096816113,
      "q" : "0.09",
      "p" : "13.146",
      "s" : "sell",
      "i" : "INJ_USD",
      "m" : "4611686018431631766"
    }, {
      "d" : "1756460876310268307",
      "t" : 1756460876310,
      "tn" : 1756460876310268306,
      "q" : "0.09",
      "p" : "13.136",
      "s" : "sell",
      "i" : "INJ_USD",
      "m" : "4611686018431631765"
    }, {
      "d" : "1756460876310268306",
      "t" : 1756460876310,
      "tn" : 1756460876310268306,
      "q" : "7.78",
      "p" : "13.136",
      "s" : "sell",
      "i" : "INJ_USD",
      "m" : "4611686018431631765"
    }, {
      "d" : "1756460805361093624",
      "t" : 1756460805361,
      "tn" : 1756460805361093624,
      "q" : "0.09",
      "p" : "13.126",
      "s" : "sell",
      "i" : "INJ_USD",
      "m" : "4611686018431631764"
    }, {
      "d" : "1756460790654653265",
      "t" : 1756460790654,
      "tn" : 1756460790654653265,
      "q" : "0.09",
      "p" : "13.117",
      "s" : "buy",
      "i" : "INJ_USD",
      "m" : "4611686018431631763"
    }, {
      "d" : "1756460771791901162",
      "t" : 1756460771791,
      "tn" : 1756460771791901162,
      "q" : "0.09",
      "p" : "13.116",
      "s" : "sell",
      "i" : "INJ_USD",
      "m" : "4611686018431631762"
    }, {
      "d" : "1756460771541154971",
      "t" : 1756460771541,
      "tn" : 1756460771541154971,
      "q" : "0.09",
      "p" : "13.116",
      "s" : "sell",
      "i" : "INJ_USD",
      "m" : "4611686018431631761"
    }, {
      "d" : "1756460761091195201",
      "t" : 1756460761091,
      "tn" : 1756460761091195201,
      "q" : "11.85",
      "p" : "13.107",
      "s" : "buy",
      "i" : "INJ_USD",
      "m" : "4611686018431631760"
    }, {
      "d" : "1756460705235144829",
      "t" : 1756460705235,
      "tn" : 1756460705235144829,
      "q" : "0.09",
      "p" : "13.086",
      "s" : "sell",
      "i" : "INJ_USD",
      "m" : "4611686018431631759"
    }, {
      "d" : "1756460622103194863",
      "t" : 1756460622103,
      "tn" : 1756460622103194863,
      "q" : "0.09",
      "p" : "13.096",
      "s" : "sell",
      "i" : "INJ_USD",
      "m" : "4611686018431631758"
    }, {
      "d" : "1756460549763100495",
      "t" : 1756460549763,
      "tn" : 1756460549763100495,
      "q" : "0.09",
      "p" : "13.086",
      "s" : "sell",
      "i" : "INJ_USD",
      "m" : "4611686018431631757"
    }, {
      "d" : "1756460479100144295",
      "t" : 1756460479100,
      "tn" : 1756460479100144295,
      "q" : "0.09",
      "p" : "13.093",
      "s" : "sell",
      "i" : "INJ_USD",
      "m" : "4611686018431631756"
    }, {
      "d" : "1756460348204637955",
      "t" : 1756460348204,
      "tn" : 1756460348204637955,
      "q" : "0.09",
      "p" : "13.086",
      "s" : "sell",
      "i" : "INJ_USD",
      "m" : "4611686018431631755"
    }, {
      "d" : "1756460318364006367",
      "t" : 1756460318364,
      "tn" : 1756460318364006367,
      "q" : "0.09",
      "p" : "13.085",
      "s" : "sell",
      "i" : "INJ_USD",
      "m" : "4611686018431631754"
    }, {
      "d" : "1756460311779945424",
      "t" : 1756460311779,
      "tn" : 1756460311779945424,
      "q" : "0.09",
      "p" : "13.096",
      "s" : "sell",
      "i" : "INJ_USD",
      "m" : "4611686018431631753"
    }, {
      "d" : "1756460303553301227",
      "t" : 1756460303553,
      "tn" : 1756460303553301227,
      "q" : "0.09",
      "p" : "13.106",
      "s" : "sell",
      "i" : "INJ_USD",
      "m" : "4611686018431631752"
    }, {
      "d" : "1756460206932452990",
      "t" : 1756460206932,
      "tn" : 1756460206932452990,
      "q" : "0.09",
      "p" : "13.086",
      "s" : "sell",
      "i" : "INJ_USD",
      "m" : "4611686018431631751"
    }, {
      "d" : "1756460184095079924",
      "t" : 1756460184095,
      "tn" : 1756460184095079924,
      "q" : "0.09",
      "p" : "13.096",
      "s" : "sell",
      "i" : "INJ_USD",
      "m" : "4611686018431631750"
    }, {
      "d" : "1756460173532252192",
      "t" : 1756460173532,
      "tn" : 1756460173532252192,
      "q" : "0.09",
      "p" : "13.096",
      "s" : "sell",
      "i" : "INJ_USD",
      "m" : "4611686018431631749"
    }, {
      "d" : "1756460104439111448",
      "t" : 1756460104439,
      "tn" : 1756460104439111448,
      "q" : "0.66",
      "p" : "13.099",
      "s" : "buy",
      "i" : "INJ_USD",
      "m" : "4611686018431631748"
    }, {
      "d" : "1756460104439108757",
      "t" : 1756460104439,
      "tn" : 1756460104439108757,
      "q" : "0.09",
      "p" : "13.097",
      "s" : "buy",
      "i" : "INJ_USD",
      "m" : "4611686018431631747"
    }, {
      "d" : "1756460094709119311",
      "t" : 1756460094709,
      "tn" : 1756460094709119311,
      "q" : "0.09",
      "p" : "13.091",
      "s" : "sell",
      "i" : "INJ_USD",
      "m" : "4611686018431631746"
    }, {
      "d" : "1756460089931576254",
      "t" : 1756460089931,
      "tn" : 1756460089931576254,
      "q" : "0.09",
      "p" : "13.091",
      "s" : "sell",
      "i" : "INJ_USD",
      "m" : "4611686018431631745"
    }, {
      "d" : "1756460058115203780",
      "t" : 1756460058115,
      "tn" : 1756460058115203780,
      "q" : "0.09",
      "p" : "13.096",
      "s" : "sell",
      "i" : "INJ_USD",
      "m" : "4611686018431631744"
    }, {
      "d" : "1756460040486375269",
      "t" : 1756460040486,
      "tn" : 1756460040486375269,
      "q" : "0.09",
      "p" : "13.096",
      "s" : "sell",
      "i" : "INJ_USD",
      "m" : "4611686018431631743"
    }, {
      "d" : "1756460011337484954",
      "t" : 1756460011337,
      "tn" : 1756460011337484954,
      "q" : "6.83",
      "p" : "13.096",
      "s" : "sell",
      "i" : "INJ_USD",
      "m" : "4611686018431631742"
    }, {
      "d" : "1756459994130995926",
      "t" : 1756459994130,
      "tn" : 1756459994130995926,
      "q" : "0.09",
      "p" : "13.096",
      "s" : "sell",
      "i" : "INJ_USD",
      "m" : "4611686018431631741"
    }, {
      "d" : "1756459940835373534",
      "t" : 1756459940835,
      "tn" : 1756459940835373534,
      "q" : "0.09",
      "p" : "13.086",
      "s" : "sell",
      "i" : "INJ_USD",
      "m" : "4611686018431631740"
    }, {
      "d" : "1756459905017417920",
      "t" : 1756459905017,
      "tn" : 1756459905017417920,
      "q" : "0.09",
      "p" : "13.086",
      "s" : "sell",
      "i" : "INJ_USD",
      "m" : "4611686018431631739"
    }, {
      "d" : "1756459899994122611",
      "t" : 1756459899994,
      "tn" : 1756459899994122611,
      "q" : "0.09",
      "p" : "13.095",
      "s" : "sell",
      "i" : "INJ_USD",
      "m" : "4611686018431631738"
    }, {
      "d" : "1756459896608325314",
      "t" : 1756459896608,
      "tn" : 1756459896608325314,
      "q" : "0.09",
      "p" : "13.096",
      "s" : "sell",
      "i" : "INJ_USD",
      "m" : "4611686018431631737"
    }, {
      "d" : "1756459885344208481",
      "t" : 1756459885344,
      "tn" : 1756459885344208481,
      "q" : "0.09",
      "p" : "13.096",
      "s" : "sell",
      "i" : "INJ_USD",
      "m" : "4611686018431631736"
    }, {
      "d" : "1756459874943190693",
      "t" : 1756459874943,
      "tn" : 1756459874943190693,
      "q" : "0.09",
      "p" : "13.106",
      "s" : "sell",
      "i" : "INJ_USD",
      "m" : "4611686018431631735"
    }, {
      "d" : "1756459838398763215",
      "t" : 1756459838398,
      "tn" : 1756459838398763215,
      "q" : "0.09",
      "p" : "13.105",
      "s" : "sell",
      "i" : "INJ_USD",
      "m" : "4611686018431631734"
    }, {
      "d" : "1756459808319061949",
      "t" : 1756459808319,
      "tn" : 1756459808319061949,
      "q" : "0.09",
      "p" : "13.116",
      "s" : "sell",
      "i" : "INJ_USD",
      "m" : "4611686018431631733"
    }, {
      "d" : "1756459804826496623",
      "t" : 1756459804826,
      "tn" : 1756459804826496623,
      "q" : "0.09",
      "p" : "13.125",
      "s" : "sell",
      "i" : "INJ_USD",
      "m" : "4611686018431631732"
    }, {
      "d" : "1756459718530944622",
      "t" : 1756459718530,
      "tn" : 1756459718530944622,
      "q" : "0.09",
      "p" : "13.105",
      "s" : "sell",
      "i" : "INJ_USD",
      "m" : "4611686018431631731"
    }, {
      "d" : "1756459655921292355",
      "t" : 1756459655921,
      "tn" : 1756459655921292355,
      "q" : "0.09",
      "p" : "13.105",
      "s" : "sell",
      "i" : "INJ_USD",
      "m" : "4611686018431631730"
    }, {
      "d" : "1756459625355987583",
      "t" : 1756459625355,
      "tn" : 1756459625355987583,
      "q" : "0.09",
      "p" : "13.116",
      "s" : "sell",
      "i" : "INJ_USD",
      "m" : "4611686018431631729"
    }, {
      "d" : "1756459600282453781",
      "t" : 1756459600282,
      "tn" : 1756459600282453781,
      "q" : "0.09",
      "p" : "13.134",
      "s" : "sell",
      "i" : "INJ_USD",
      "m" : "4611686018431631728"
    }, {
      "d" : "1756459505235277144",
      "t" : 1756459505235,
      "tn" : 1756459505235277144,
      "q" : "0.09",
      "p" : "13.105",
      "s" : "sell",
      "i" : "INJ_USD",
      "m" : "4611686018431631727"
    }, {
      "d" : "1756459475097337903",
      "t" : 1756459475097,
      "tn" : 1756459475097337903,
      "q" : "0.09",
      "p" : "13.104",
      "s" : "sell",
      "i" : "INJ_USD",
      "m" : "4611686018431631726"
    }, {
      "d" : "1756459417134895337",
      "t" : 1756459417134,
      "tn" : 1756459417134895337,
      "q" : "0.09",
      "p" : "13.115",
      "s" : "sell",
      "i" : "INJ_USD",
      "m" : "4611686018431631725"
    }, {
      "d" : "1756459401453654321",
      "t" : 1756459401453,
      "tn" : 1756459401453654321,
      "q" : "0.09",
      "p" : "13.115",
      "s" : "sell",
      "i" : "INJ_USD",
      "m" : "4611686018431631724"
    }, {
      "d" : "1756459395666168382",
      "t" : 1756459395666,
      "tn" : 1756459395666168382,
      "q" : "0.09",
      "p" : "13.124",
      "s" : "sell",
      "i" : "INJ_USD",
      "m" : "4611686018431631723"
    }, {
      "d" : "1756459332068198381",
      "t" : 1756459332068,
      "tn" : 1756459332068198381,
      "q" : "0.09",
      "p" : "13.134",
      "s" : "sell",
      "i" : "INJ_USD",
      "m" : "4611686018431631722"
    }, {
      "d" : "1756459295127948388",
      "t" : 1756459295127,
      "tn" : 1756459295127948388,
      "q" : "6.86",
      "p" : "13.125",
      "s" : "buy",
      "i" : "INJ_USD",
      "m" : "4611686018431631721"
    }, {
      "d" : "1756459224004153876",
      "t" : 1756459224004,
      "tn" : 1756459224004153876,
      "q" : "0.09",
      "p" : "13.126",
      "s" : "sell",
      "i" : "INJ_USD",
      "m" : "4611686018431631720"
    }, {
      "d" : "1756459200020390939",
      "t" : 1756459200020,
      "tn" : 1756459200020390939,
      "q" : "0.09",
      "p" : "13.125",
      "s" : "sell",
      "i" : "INJ_USD",
      "m" : "4611686018431631719"
    }, {
      "d" : "1756459184141753967",
      "t" : 1756459184141,
      "tn" : 1756459184141753967,
      "q" : "21.89",
      "p" : "13.114",
      "s" : "buy",
      "i" : "INJ_USD",
      "m" : "4611686018431631718"
    }, {
      "d" : "1756459182165823254",
      "t" : 1756459182165,
      "tn" : 1756459182165823254,
      "q" : "21.91",
      "p" : "13.102",
      "s" : "buy",
      "i" : "INJ_USD",
      "m" : "4611686018431631717"
    }, {
      "d" : "1756459130034384349",
      "t" : 1756459130034,
      "tn" : 1756459130034384349,
      "q" : "0.09",
      "p" : "13.085",
      "s" : "sell",
      "i" : "INJ_USD",
      "m" : "4611686018431631716"
    }, {
      "d" : "1756459116334932501",
      "t" : 1756459116334,
      "tn" : 1756459116334932501,
      "q" : "0.09",
      "p" : "13.086",
      "s" : "sell",
      "i" : "INJ_USD",
      "m" : "4611686018431631715"
    }, {
      "d" : "1756459110657392938",
      "t" : 1756459110657,
      "tn" : 1756459110657392938,
      "q" : "0.09",
      "p" : "13.085",
      "s" : "sell",
      "i" : "INJ_USD",
      "m" : "4611686018431631714"
    }, {
      "d" : "1756459104000757451",
      "t" : 1756459104000,
      "tn" : 1756459104000757451,
      "q" : "0.09",
      "p" : "13.077",
      "s" : "buy",
      "i" : "INJ_USD",
      "m" : "4611686018431631713"
    }, {
      "d" : "1756459052460045446",
      "t" : 1756459052460,
      "tn" : 1756459052460045446,
      "q" : "0.20",
      "p" : "13.050",
      "s" : "sell",
      "i" : "INJ_USD",
      "m" : "4611686018431631712"
    }, {
      "d" : "1756459052460042612",
      "t" : 1756459052460,
      "tn" : 1756459052460042612,
      "q" : "0.09",
      "p" : "13.051",
      "s" : "sell",
      "i" : "INJ_USD",
      "m" : "4611686018431631711"
    }, {
      "d" : "1756458991579591952",
      "t" : 1756458991579,
      "tn" : 1756458991579591952,
      "q" : "0.09",
      "p" : "13.047",
      "s" : "buy",
      "i" : "INJ_USD",
      "m" : "4611686018431631710"
    }, {
      "d" : "1756458914803277198",
      "t" : 1756458914803,
      "tn" : 1756458914803277198,
      "q" : "0.09",
      "p" : "13.036",
      "s" : "sell",
      "i" : "INJ_USD",
      "m" : "4611686018431631709"
    }, {
      "d" : "1756458905390453833",
      "t" : 1756458905390,
      "tn" : 1756458905390453833,
      "q" : "0.09",
      "p" : "13.043",
      "s" : "sell",
      "i" : "INJ_USD",
      "m" : "4611686018431631708"
    }, {
      "d" : "1756458846854216095",
      "t" : 1756458846854,
      "tn" : 1756458846854216095,
      "q" : "0.09",
      "p" : "13.052",
      "s" : "sell",
      "i" : "INJ_USD",
      "m" : "4611686018431631707"
    }, {
      "d" : "1756458779650649836",
      "t" : 1756458779650,
      "tn" : 1756458779650649836,
      "q" : "21.82",
      "p" : "13.050",
      "s" : "buy",
      "i" : "INJ_USD",
      "m" : "4611686018431631706"
    }, {
      "d" : "1756458779649503680",
      "t" : 1756458779649,
      "tn" : 1756458779649503680,
      "q" : "0.09",
      "p" : "13.050",
      "s" : "buy",
      "i" : "INJ_USD",
      "m" : "4611686018431631705"
    }, {
      "d" : "1756458779619722991",
      "t" : 1756458779619,
      "tn" : 1756458779619722991,
      "q" : "0.09",
      "p" : "13.050",
      "s" : "buy",
      "i" : "INJ_USD",
      "m" : "4611686018431631704"
    }, {
      "d" : "1756458677200151367",
      "t" : 1756458677200,
      "tn" : 1756458677200151367,
      "q" : "0.09",
      "p" : "13.026",
      "s" : "sell",
      "i" : "INJ_USD",
      "m" : "4611686018431631703"
    }, {
      "d" : "1756458617141299770",
      "t" : 1756458617141,
      "tn" : 1756458617141299770,
      "q" : "0.09",
      "p" : "13.016",
      "s" : "sell",
      "i" : "INJ_USD",
      "m" : "4611686018431631702"
    }, {
      "d" : "1756458607729284830",
      "t" : 1756458607729,
      "tn" : 1756458607729284830,
      "q" : "0.09",
      "p" : "13.025",
      "s" : "sell",
      "i" : "INJ_USD",
      "m" : "4611686018431631701"
    }, {
      "d" : "1756458589907289225",
      "t" : 1756458589907,
      "tn" : 1756458589907289225,
      "q" : "0.09",
      "p" : "13.026",
      "s" : "sell",
      "i" : "INJ_USD",
      "m" : "4611686018431631700"
    }, {
      "d" : "1756458586460027047",
      "t" : 1756458586460,
      "tn" : 1756458586460027046,
      "q" : "0.09",
      "p" : "13.036",
      "s" : "sell",
      "i" : "INJ_USD",
      "m" : "4611686018431631699"
    }, {
      "d" : "1756458586460027046",
      "t" : 1756458586460,
      "tn" : 1756458586460027046,
      "q" : "27.89",
      "p" : "13.036",
      "s" : "sell",
      "i" : "INJ_USD",
      "m" : "4611686018431631699"
    }, {
      "d" : "1756458568453171581",
      "t" : 1756458568453,
      "tn" : 1756458568453171581,
      "q" : "0.09",
      "p" : "13.036",
      "s" : "sell",
      "i" : "INJ_USD",
      "m" : "4611686018431631698"
    }, {
      "d" : "1756458567066169844",
      "t" : 1756458567066,
      "tn" : 1756458567066169844,
      "q" : "15.19",
      "p" : "13.036",
      "s" : "sell",
      "i" : "INJ_USD",
      "m" : "4611686018431631697"
    }, {
      "d" : "1756458550091821308",
      "t" : 1756458550091,
      "tn" : 1756458550091821308,
      "q" : "46.13",
      "p" : "13.045",
      "s" : "sell",
      "i" : "INJ_USD",
      "m" : "4611686018431631696"
    }, {
      "d" : "1756458502403115575",
      "t" : 1756458502403,
      "tn" : 1756458502403115575,
      "q" : "0.09",
      "p" : "13.011",
      "s" : "sell",
      "i" : "INJ_USD",
      "m" : "4611686018431631695"
    }, {
      "d" : "1756458475312452710",
      "t" : 1756458475312,
      "tn" : 1756458475312452710,
      "q" : "1.65",
      "p" : "13.001",
      "s" : "sell",
      "i" : "INJ_USD",
      "m" : "4611686018431631694"
    }, {
      "d" : "1756458475312449523",
      "t" : 1756458475312,
      "tn" : 1756458475312449523,
      "q" : "0.09",
      "p" : "13.015",
      "s" : "sell",
      "i" : "INJ_USD",
      "m" : "4611686018431631693"
    }, {
      "d" : "1756458438937645369",
      "t" : 1756458438937,
      "tn" : 1756458438937645369,
      "q" : "0.09",
      "p" : "13.024",
      "s" : "sell",
      "i" : "INJ_USD",
      "m" : "4611686018431631692"
    }, {
      "d" : "1756458423592649480",
      "t" : 1756458423592,
      "tn" : 1756458423592649480,
      "q" : "0.09",
      "p" : "13.031",
      "s" : "sell",
      "i" : "INJ_USD",
      "m" : "4611686018431631691"
    }, {
      "d" : "1756458380342055654",
      "t" : 1756458380342,
      "tn" : 1756458380342055654,
      "q" : "0.09",
      "p" : "13.033",
      "s" : "sell",
      "i" : "INJ_USD",
      "m" : "4611686018431631690"
    }, {
      "d" : "1756458369334142126",
      "t" : 1756458369334,
      "tn" : 1756458369334142126,
      "q" : "0.09",
      "p" : "13.034",
      "s" : "sell",
      "i" : "INJ_USD",
      "m" : "4611686018431631689"
    }, {
      "d" : "1756458333689433260",
      "t" : 1756458333689,
      "tn" : 1756458333689433260,
      "q" : "0.09",
      "p" : "13.034",
      "s" : "sell",
      "i" : "INJ_USD",
      "m" : "4611686018431631688"
    }, {
      "d" : "1756458332405397149",
      "t" : 1756458332405,
      "tn" : 1756458332405397149,
      "q" : "5.01",
      "p" : "13.017",
      "s" : "sell",
      "i" : "INJ_USD",
      "m" : "4611686018431631687"
    }, {
      "d" : "1756458332405393969",
      "t" : 1756458332405,
      "tn" : 1756458332405393969,
      "q" : "2.66",
      "p" : "13.018",
      "s" : "sell",
      "i" : "INJ_USD",
      "m" : "4611686018431631686"
    }, {
      "d" : "1756458330923258140",
      "t" : 1756458330923,
      "tn" : 1756458330923258140,
      "q" : "0.09",
      "p" : "13.035",
      "s" : "sell",
      "i" : "INJ_USD",
      "m" : "4611686018431631685"
    }, {
      "d" : "1756458326389224210",
      "t" : 1756458326389,
      "tn" : 1756458326389224210,
      "q" : "0.09",
      "p" : "13.036",
      "s" : "sell",
      "i" : "INJ_USD",
      "m" : "4611686018431631684"
    }, {
      "d" : "1756458321664045172",
      "t" : 1756458321664,
      "tn" : 1756458321664045172,
      "q" : "0.09",
      "p" : "13.044",
      "s" : "sell",
      "i" : "INJ_USD",
      "m" : "4611686018431631683"
    }, {
      "d" : "1756458245599167746",
      "t" : 1756458245599,
      "tn" : 1756458245599167746,
      "q" : "0.01",
      "p" : "13.010",
      "s" : "sell",
      "i" : "INJ_USD",
      "m" : "4611686018431631682"
    }, {
      "d" : "1756458245599164666",
      "t" : 1756458245599,
      "tn" : 1756458245599164666,
      "q" : "0.09",
      "p" : "13.013",
      "s" : "sell",
      "i" : "INJ_USD",
      "m" : "4611686018431631681"
    }, {
      "d" : "1756458222110146391",
      "t" : 1756458222110,
      "tn" : 1756458222110146391,
      "q" : "0.09",
      "p" : "13.006",
      "s" : "sell",
      "i" : "INJ_USD",
      "m" : "4611686018431631680"
    }, {
      "d" : "1756458211500964584",
      "t" : 1756458211500,
      "tn" : 1756458211500964584,
      "q" : "0.09",
      "p" : "13.011",
      "s" : "sell",
      "i" : "INJ_USD",
      "m" : "4611686018431631679"
    }, {
      "d" : "1756458205144233252",
      "t" : 1756458205144,
      "tn" : 1756458205144233252,
      "q" : "0.09",
      "p" : "13.004",
      "s" : "sell",
      "i" : "INJ_USD",
      "m" : "4611686018431631678"
    }, {
      "d" : "1756458200531181546",
      "t" : 1756458200531,
      "tn" : 1756458200531181546,
      "q" : "0.09",
      "p" : "13.001",
      "s" : "sell",
      "i" : "INJ_USD",
      "m" : "4611686018431631677"
    }, {
      "d" : "1756458197938595798",
      "t" : 1756458197938,
      "tn" : 1756458197938595798,
      "q" : "0.09",
      "p" : "13.014",
      "s" : "sell",
      "i" : "INJ_USD",
      "m" : "4611686018431631676"
    }, {
      "d" : "1756458197888549123",
      "t" : 1756458197888,
      "tn" : 1756458197888549123,
      "q" : "0.09",
      "p" : "13.014",
      "s" : "sell",
      "i" : "INJ_USD",
      "m" : "4611686018431631675"
    }, {
      "d" : "1756458197838459529",
      "t" : 1756458197838,
      "tn" : 1756458197838459529,
      "q" : "0.09",
      "p" : "13.014",
      "s" : "sell",
      "i" : "INJ_USD",
      "m" : "4611686018431631674"
    }, {
      "d" : "1756458197818430213",
      "t" : 1756458197818,
      "tn" : 1756458197818430213,
      "q" : "0.09",
      "p" : "13.014",
      "s" : "sell",
      "i" : "INJ_USD",
      "m" : "4611686018431631673"
    }, {
      "d" : "1756458197788368460",
      "t" : 1756458197788,
      "tn" : 1756458197788368460,
      "q" : "0.09",
      "p" : "13.014",
      "s" : "sell",
      "i" : "INJ_USD",
      "m" : "4611686018431631672"
    }, {
      "d" : "1756458197738297930",
      "t" : 1756458197738,
      "tn" : 1756458197738297930,
      "q" : "0.09",
      "p" : "13.014",
      "s" : "sell",
      "i" : "INJ_USD",
      "m" : "4611686018431631671"
    }, {
      "d" : "1756458197718210721",
      "t" : 1756458197718,
      "tn" : 1756458197718210721,
      "q" : "0.09",
      "p" : "13.014",
      "s" : "sell",
      "i" : "INJ_USD",
      "m" : "4611686018431631670"
    }, {
      "d" : "1756458197708237644",
      "t" : 1756458197708,
      "tn" : 1756458197708237644,
      "q" : "0.09",
      "p" : "13.014",
      "s" : "sell",
      "i" : "INJ_USD",
      "m" : "4611686018431631669"
    }, {
      "d" : "1756458197637926733",
      "t" : 1756458197637,
      "tn" : 1756458197637926733,
      "q" : "0.09",
      "p" : "13.014",
      "s" : "sell",
      "i" : "INJ_USD",
      "m" : "4611686018431631668"
    }, {
      "d" : "1756458197527559613",
      "t" : 1756458197527,
      "tn" : 1756458197527559613,
      "q" : "0.09",
      "p" : "13.014",
      "s" : "sell",
      "i" : "INJ_USD",
      "m" : "4611686018431631667"
    }, {
      "d" : "1756458197437418104",
      "t" : 1756458197437,
      "tn" : 1756458197437418104,
      "q" : "0.09",
      "p" : "13.014",
      "s" : "sell",
      "i" : "INJ_USD",
      "m" : "4611686018431631666"
    }, {
      "d" : "1756458197367321886",
      "t" : 1756458197367,
      "tn" : 1756458197367321886,
      "q" : "0.09",
      "p" : "13.014",
      "s" : "sell",
      "i" : "INJ_USD",
      "m" : "4611686018431631665"
    }, {
      "d" : "1756458197337296454",
      "t" : 1756458197337,
      "tn" : 1756458197337296454,
      "q" : "0.09",
      "p" : "13.014",
      "s" : "sell",
      "i" : "INJ_USD",
      "m" : "4611686018431631664"
    }, {
      "d" : "1756458197302281143",
      "t" : 1756458197302,
      "tn" : 1756458197302281143,
      "q" : "0.09",
      "p" : "13.014",
      "s" : "sell",
      "i" : "INJ_USD",
      "m" : "4611686018431631663"
    }, {
      "d" : "1756458197136984510",
      "t" : 1756458197136,
      "tn" : 1756458197136984510,
      "q" : "0.09",
      "p" : "13.014",
      "s" : "sell",
      "i" : "INJ_USD",
      "m" : "4611686018431631662"
    }, {
      "d" : "1756458197036839352",
      "t" : 1756458197036,
      "tn" : 1756458197036839352,
      "q" : "0.09",
      "p" : "13.014",
      "s" : "sell",
      "i" : "INJ_USD",
      "m" : "4611686018431631661"
    }, {
      "d" : "1756458196975693229",
      "t" : 1756458196975,
      "tn" : 1756458196975693229,
      "q" : "0.09",
      "p" : "13.014",
      "s" : "sell",
      "i" : "INJ_USD",
      "m" : "4611686018431631660"
    }, {
      "d" : "1756458196940665868",
      "t" : 1756458196940,
      "tn" : 1756458196940665868,
      "q" : "0.09",
      "p" : "13.014",
      "s" : "sell",
      "i" : "INJ_USD",
      "m" : "4611686018431631659"
    }, {
      "d" : "1756458196925645276",
      "t" : 1756458196925,
      "tn" : 1756458196925645276,
      "q" : "0.09",
      "p" : "13.014",
      "s" : "sell",
      "i" : "INJ_USD",
      "m" : "4611686018431631658"
    }, {
      "d" : "1756458196895620080",
      "t" : 1756458196895,
      "tn" : 1756458196895620080,
      "q" : "0.09",
      "p" : "13.014",
      "s" : "sell",
      "i" : "INJ_USD",
      "m" : "4611686018431631657"
    }, {
      "d" : "1756458196860431570",
      "t" : 1756458196860,
      "tn" : 1756458196860431570,
      "q" : "0.09",
      "p" : "13.014",
      "s" : "sell",
      "i" : "INJ_USD",
      "m" : "4611686018431631656"
    }, {
      "d" : "1756458196840448723",
      "t" : 1756458196840,
      "tn" : 1756458196840448723,
      "q" : "0.09",
      "p" : "13.014",
      "s" : "sell",
      "i" : "INJ_USD",
      "m" : "4611686018431631655"
    }, {
      "d" : "1756458196755229966",
      "t" : 1756458196755,
      "tn" : 1756458196755229966,
      "q" : "0.09",
      "p" : "13.014",
      "s" : "sell",
      "i" : "INJ_USD",
      "m" : "4611686018431631654"
    }, {
      "d" : "1756458196740230380",
      "t" : 1756458196740,
      "tn" : 1756458196740230380,
      "q" : "0.09",
      "p" : "13.014",
      "s" : "sell",
      "i" : "INJ_USD",
      "m" : "4611686018431631653"
    }, {
      "d" : "1756458196639912720",
      "t" : 1756458196639,
      "tn" : 1756458196639912720,
      "q" : "0.09",
      "p" : "13.014",
      "s" : "sell",
      "i" : "INJ_USD",
      "m" : "4611686018431631652"
    }, {
      "d" : "1756458196619821984",
      "t" : 1756458196619,
      "tn" : 1756458196619821984,
      "q" : "0.09",
      "p" : "13.014",
      "s" : "sell",
      "i" : "INJ_USD",
      "m" : "4611686018431631651"
    }, {
      "d" : "1756458196579782407",
      "t" : 1756458196579,
      "tn" : 1756458196579782407,
      "q" : "0.09",
      "p" : "13.014",
      "s" : "sell",
      "i" : "INJ_USD",
      "m" : "4611686018431631650"
    }, {
      "d" : "1756458196549588133",
      "t" : 1756458196549,
      "tn" : 1756458196549588133,
      "q" : "0.09",
      "p" : "13.014",
      "s" : "sell",
      "i" : "INJ_USD",
      "m" : "4611686018431631649"
    }, {
      "d" : "1756458196529663987",
      "t" : 1756458196529,
      "tn" : 1756458196529663987,
      "q" : "0.09",
      "p" : "13.014",
      "s" : "sell",
      "i" : "INJ_USD",
      "m" : "4611686018431631648"
    }, {
      "d" : "1756458195526920452",
      "t" : 1756458195526,
      "tn" : 1756458195526920452,
      "q" : "0.09",
      "p" : "13.015",
      "s" : "sell",
      "i" : "INJ_USD",
      "m" : "4611686018431631647"
    }, {
      "d" : "1756458183001005175",
      "t" : 1756458183001,
      "tn" : 1756458183001005175,
      "q" : "22.08",
      "p" : "12.975",
      "s" : "sell",
      "i" : "INJ_USD",
      "m" : "4611686018431631646"
    }, {
      "d" : "1756458183001004385",
      "t" : 1756458183001,
      "tn" : 1756458183001004385,
      "q" : "10.30",
      "p" : "12.986",
      "s" : "sell",
      "i" : "INJ_USD",
      "m" : "4611686018431631645"
    }, {
      "d" : "1756458183001003263",
      "t" : 1756458183001,
      "tn" : 1756458183001003263,
      "q" : "1.35",
      "p" : "12.987",
      "s" : "sell",
      "i" : "INJ_USD",
      "m" : "4611686018431631644"
    }, {
      "d" : "1756458182451664124",
      "t" : 1756458182451,
      "tn" : 1756458182451664124,
      "q" : "11.70",
      "p" : "12.986",
      "s" : "sell",
      "i" : "INJ_USD",
      "m" : "4611686018431631643"
    }, {
      "d" : "1756458182204189905",
      "t" : 1756458182204,
      "tn" : 1756458182204189905,
      "q" : "0.10",
      "p" : "12.995",
      "s" : "buy",
      "i" : "INJ_USD",
      "m" : "4611686018431631642"
    }, {
      "d" : "1756458180784328313",
      "t" : 1756458180784,
      "tn" : 1756458180784328312,
      "q" : "2.00",
      "p" : "13.000",
      "s" : "sell",
      "i" : "INJ_USD",
      "m" : "4611686018431631641"
    }, {
      "d" : "1756458180784328312",
      "t" : 1756458180784,
      "tn" : 1756458180784328312,
      "q" : "4.00",
      "p" : "13.000",
      "s" : "sell",
      "i" : "INJ_USD",
      "m" : "4611686018431631641"
    }, {
      "d" : "1756458177403122628",
      "t" : 1756458177403,
      "tn" : 1756458177403122628,
      "q" : "0.09",
      "p" : "13.016",
      "s" : "sell",
      "i" : "INJ_USD",
      "m" : "4611686018431631640"
    }, {
      "d" : "1756458177041349430",
      "t" : 1756458177041,
      "tn" : 1756458177041349430,
      "q" : "0.10",
      "p" : "13.018",
      "s" : "buy",
      "i" : "INJ_USD",
      "m" : "4611686018431631639"
    }, {
      "d" : "1756458176582233111",
      "t" : 1756458176582,
      "tn" : 1756458176582233111,
      "q" : "0.09",
      "p" : "13.025",
      "s" : "sell",
      "i" : "INJ_USD",
      "m" : "4611686018431631638"
    }, {
      "d" : "1756458163451998396",
      "t" : 1756458163451,
      "tn" : 1756458163451998395,
      "q" : "0.09",
      "p" : "13.035",
      "s" : "sell",
      "i" : "INJ_USD",
      "m" : "4611686018431631637"
    }, {
      "d" : "1756458163451998395",
      "t" : 1756458163451,
      "tn" : 1756458163451998395,
      "q" : "21.91",
      "p" : "13.035",
      "s" : "sell",
      "i" : "INJ_USD",
      "m" : "4611686018431631637"
    } ]
  }
}