{
  "id" : -1,
  "method" : "public/get-trades",
  "code" : 0,
  "result" : {
    "data" : [ {
      "d" : "1756460771761338864",
      "t" : 1756460771761,
      "tn" : 1756460771761338864,
      "q" : "0.09",
      "p" : "13.114",
      "s" : "sell",
      "i" : "INJ_USDT",
      "m" : "4611686018431880698"
    }, {
      "d" : "1756459877346156620",
      "t" : 1756459877346,
      "tn" : 1756459877346156620,
      "q" : "3.22",
      "p" : "13.086",
      "s" : "sell",
      "i" : "INJ_USDT",
      "m" : "4611686018431880697"
    }, {
      "d" : "1756459553398997462",
      "t" : 1756459553398,
      "tn" : 1756459553398997462,
      "q" : "1.83",
      "p" : "13.124",
      "s" : "buy",
      "i" : "INJ_USDT",
      "m" : "4611686018431880696"
    }, {
      "d" : "1756458905390475230",
      "t" : 1756458905390,
      "tn" : 1756458905390475230,
      "q" : "0.09",
      "p" : "13.043",
      "s" : "sell",
      "i" : "INJ_USDT",
      "m" : "4611686018431880695"
    }, {
      "d" : "1756458869072368577",
      "t" : 1756458869072,
      "tn" : 1756458869072368577,
      "q" : "0.09",
      "p" : "13.044",
      "s" : "sell",
      "i" : "INJ_USDT",
      "m" : "4611686018431880694"
    }, {
      "d" : "1756458779649495468",
      "t" : 1756458779649,
      "tn" : 1756458779649495468,
      "q" : "0.09",
      "p" : "13.064",
      "s" : "sell",
      "i" : "INJ_USDT",
      "m" : "4611686018431880693"
    }, {
      "d" : "1756458779619718799",
      "t" : 1756458779619,
      "tn" : 1756458779619718799,
      "q" : "0.09",
      "p" : "13.064",
      "s" : "sell",
      "i" : "INJ_USDT",
      "m" : "4611686018431880692"
    }, {
      "d" : "1756458198031850607",
      "t" : 1756458198031,
      "tn" : 1756458198031850607,
      "q" : "15.21",
      "p" : "13.016",
      "s" : "buy",
      "i" : "INJ_USDT",
      "m" : "4611686018431880691"
    }, {
      "d" : "1756458198031847574",
      "t" : 1756458198031,
      "tn" : 1756458198031847574,
      "q" : "0.09",
      "p" : "13.015",
      "s" : "buy",
      "i" : "INJ_USDT",
      "m" : "4611686018431880690"
    }, {
      "d" : "1756458198030730962",
      "t" : 1756458198030,
      "tn" : 1756458198030730962,
      "q" : "28.07",
      "p" : "12.999",
      "s" : "buy",
      "i" : "INJ_USDT",
      "m" : "4611686018431880689"
    }, {
      "d" : "1756458197938632202",
      "t" : 1756458197938,
      "tn" : 1756458197938632202,
      "q" : "0.09",
      "p" : "12.999",
      "s" : "buy",
      "i" : "INJ_USDT",
      "m" : "4611686018431880688"
    }, {
      "d" : "1756458197888563276",
      "t" : 1756458197888,
      "tn" : 1756458197888563276,
      "q" : "0.09",
      "p" : "12.999",
      "s" : "buy",
      "i" : "INJ_USDT",
      "m" : "4611686018431880687"
    }, {
      "d" : "1756458197838527188",
      "t" : 1756458197838,
      "tn" : 1756458197838527188,
      "q" : "0.09",
      "p" : "12.999",
      "s" : "buy",
      "i" : "INJ_USDT",
      "m" : "4611686018431880686"
    }, {
      "d" : "1756458197818434717",
      "t" : 1756458197818,
      "tn" : 1756458197818434717,
      "q" : "0.09",
      "p" : "12.999",
      "s" : "buy",
      "i" : "INJ_USDT",
      "m" : "4611686018431880685"
    }, {
      "d" : "1756458197788386835",
      "t" : 1756458197788,
      "tn" : 1756458197788386835,
      "q" : "0.09",
      "p" : "12.999",
      "s" : "buy",
      "i" : "INJ_USDT",
      "m" : "4611686018431880684"
    }, {
      "d" : "1756458197738306648",
      "t" : 1756458197738,
      "tn" : 1756458197738306648,
      "q" : "0.09",
      "p" : "12.999",
      "s" : "buy",
      "i" : "INJ_USDT",
      "m" : "4611686018431880683"
    }, {
      "d" : "1756458197718295879",
      "t" : 1756458197718,
      "tn" : 1756458197718295879,
      "q" : "0.09",
      "p" : "12.999",
      "s" : "buy",
      "i" : "INJ_USDT",
      "m" : "4611686018431880682"
    }, {
      "d" : "1756458197708240010",
      "t" : 1756458197708,
      "tn" : 1756458197708240010,
      "q" : "0.09",
      "p" : "12.999",
      "s" : "buy",
      "i" : "INJ_USDT",
      "m" : "4611686018431880681"
    }, {
      "d" : "1756458197637960922",
      "t" : 1756458197637,
      "tn" : 1756458197637960922,
      "q" : "0.09",
      "p" : "12.999",
      "s" : "buy",
      "i" : "INJ_USDT",
      "m" : "4611686018431880680"
    }, {
      "d" : "1756458197527612137",
      "t" : 1756458197527,
      "tn" : 1756458197527612137,
      "q" : "0.09",
      "p" : "12.999",
      "s" : "buy",
      "i" : "INJ_USDT",
      "m" : "4611686018431880679"
    }, {
      "d" : "1756458197437423371",
      "t" : 1756458197437,
      "tn" : 1756458197437423371,
      "q" : "0.09",
      "p" : "12.999",
      "s" : "buy",
      "i" : "INJ_USDT",
      "m" : "4611686018431880678"
    }, {
      "d" : "1756458197367324332",
      "t" : 1756458197367,
      "tn" : 1756458197367324332,
      "q" : "0.09",
      "p" : "12.999",
      "s" : "buy",
      "i" : "INJ_USDT",
      "m" : "4611686018431880677"
    }, {
      "d" : "1756458197337299181",
      "t" : 1756458197337,
      "tn" : 1756458197337299181,
      "q" : "0.09",
      "p" : "12.999",
      "s" : "buy",
      "i" : "INJ_USDT",
      "m" : "4611686018431880676"
    }, {
      "d" : "1756458197302290171",
      "t" : 1756458197302,
      "tn" : 1756458197302290171,
      "q" : "0.09",
      "p" : "12.999",
      "s" : "buy",
      "i" : "INJ_USDT",
      "m" : "4611686018431880675"
    }, {
      "d" : "1756458197137015253",
      "t" : 1756458197137,
      "tn" : 1756458197137015253,
      "q" : "0.09",
      "p" : "12.999",
      "s" : "buy",
      "i" : "INJ_USDT",
      "m" : "4611686018431880674"
    }, {
      "d" : "1756458197036842552",
      "t" : 1756458197036,
      "tn" : 1756458197036842552,
      "q" : "0.09",
      "p" : "12.999",
      "s" : "buy",
      "i" : "INJ_USDT",
      "m" : "4611686018431880673"
    }, {
      "d" : "1756458196975697749",
      "t" : 1756458196975,
      "tn" : 1756458196975697749,
      "q" : "0.09",
      "p" : "12.999",
      "s" : "buy",
      "i" : "INJ_USDT",
      "m" : "4611686018431880672"
    }, {
      "d" : "1756458196940668740",
      "t" : 1756458196940,
      "tn" : 1756458196940668740,
      "q" : "0.09",
      "p" : "12.999",
      "s" : "buy",
      "i" : "INJ_USDT",
      "m" : "4611686018431880671"
    }, {
      "d" : "1756458196925648125",
      "t" : 1756458196925,
      "tn" : 1756458196925648125,
      "q" : "0.09",
      "p" : "12.999",
      "s" : "buy",
      "i" : "INJ_USDT",
      "m" : "4611686018431880670"
    }, {
      "d" : "1756458196895622470",
      "t" : 1756458196895,
      "tn" : 1756458196895622470,
      "q" : "0.09",
      "p" : "12.999",
      "s" : "buy",
      "i" : "INJ_USDT",
      "m" : "4611686018431880669"
    }, {
      "d" : "1756458196860434223",
      "t" : 1756458196860,
      "tn" : 1756458196860434223,
      "q" : "0.09",
      "p" : "12.999",
      "s" : "buy",
      "i" : "INJ_USDT",
      "m" : "4611686018431880668"
    }, {
      "d" : "1756458196840451734",
      "t" : 1756458196840,
      "tn" : 1756458196840451734,
      "q" : "0.09",
      "p" : "12.999",
      "s" : "buy",
      "i" : "INJ_USDT",
      "m" : "4611686018431880667"
    }, {
      "d" : "1756458196755233577",
      "t" : 1756458196755,
      "tn" : 1756458196755233577,
      "q" : "0.09",
      "p" : "12.999",
      "s" : "buy",
      "i" : "INJ_USDT",
      "m" : "4611686018431880666"
    }, {
      "d" : "1756458196740259050",
      "t" : 1756458196740,
      "tn" : 1756458196740259050,
      "q" : "0.09",
      "p" : "12.999",
      "s" : "buy",
      "i" : "INJ_USDT",
      "m" : "4611686018431880665"
    }, {
      "d" : "1756458196639915330",
      "t" : 1756458196639,
      "tn" : 1756458196639915330,
      "q" : "0.09",
      "p" : "12.999",
      "s" : "buy",
      "i" : "INJ_USDT",
      "m" : "4611686018431880664"
    }, {
      "d" : "1756458196619842144",
      "t" : 1756458196619,
      "tn" : 1756458196619842144,
      "q" : "0.09",
      "p" : "12.999",
      "s" : "buy",
      "i" : "INJ_USDT",
      "m" : "4611686018431880663"
    }, {
      "d" : "1756458196579785123",
      "t" : 1756458196579,
      "tn" : 1756458196579785123,
      "q" : "0.09",
      "p" : "12.999",
      "s" : "buy",
      "i" : "INJ_USDT",
      "m" : "4611686018431880662"
    }, {
      "d" : "1756458196549609203",
      "t" : 1756458196549,
      "tn" : 1756458196549609203,
      "q" : "0.09",
      "p" : "12.999",
      "s" : "buy",
      "i" : "INJ_USDT",
      "m" : "4611686018431880661"
    }, {
      "d" : "1756458196529667894",
      "t" : 1756458196529,
      "tn" : 1756458196529667894,
      "q" : "0.09",
      "p" : "12.999",
      "s" : "buy",
      "i" : "INJ_USDT",
      "m" : "4611686018431880660"
    }, {
      "d" : "1756458195526878942",
      "t" : 1756458195526,
      "tn" : 1756458195526878942,
      "q" : "0.09",
      "p" : "12.999",
      "s" : "buy",
      "i" : "INJ_USDT",
      "m" : "4611686018431880659"
    }, {
      "d" : "1756458183000942466",
      "t" : 1756458183000,
      "tn" : 1756458183000942466,
      "q" : "0.87",
      "p" : "12.976",
      "s" : "sell",
      "i" : "INJ_USDT",
      "m" : "4611686018431880658"
    }, {
      "d" : "1756458183000940602",
      "t" : 1756458183000,
      "tn" : 1756458183000940602,
      "q" : "1.83",
      "p" : "12.981",
      "s" : "sell",
      "i" : "INJ_USDT",
      "m" : "4611686018431880657"
    }, {
      "d" : "1756458163452075475",
      "t" : 1756458163452,
      "tn" : 1756458163452075475,
      "q" : "0.09",
      "p" : "13.035",
      "s" : "sell",
      "i" : "INJ_USDT",
      "m" : "4611686018431880656"
    }, {
      "d" : "1756458163452073612",
      "t" : 1756458163452,
      "tn" : 1756458163452073612,
      "q" : "9.00",
      "p" : "13.037",
      "s" : "sell",
      "i" : "INJ_USDT",
      "m" : "4611686018431880655"
    }, {
      "d" : "1756458140198308880",
      "t" : 1756458140198,
      "tn" : 1756458140198308879,
      "q" : "0.09",
      "p" : "13.038",
      "s" : "buy",
      "i" : "INJ_USDT",
      "m" : "4611686018431880654"
    }, {
      "d" : "1756458140198308879",
      "t" : 1756458140198,
      "tn" : 1756458140198308879,
      "q" : "7.63",
      "p" : "13.038",
      "s" : "buy",
      "i" : "INJ_USDT",
      "m" : "4611686018431880654"
    }, {
      "d" : "1756458026015258879",
      "t" : 1756458026015,
      "tn" : 1756458026015258879,
      "q" : "0.09",
      "p" : "13.074",
      "s" : "sell",
      "i" : "INJ_USDT",
      "m" : "4611686018431880653"
    }, {
      "d" : "1756457815932230872",
      "t" : 1756457815932,
      "tn" : 1756457815932230872,
      "q" : "0.09",
      "p" : "13.084",
      "s" : "sell",
      "i" : "INJ_USDT",
      "m" : "4611686018431880652"
    }, {
      "d" : "1756457787656597545",
      "t" : 1756457787656,
      "tn" : 1756457787656597545,
      "q" : "0.09",
      "p" : "13.094",
      "s" : "sell",
      "i" : "INJ_USDT",
      "m" : "4611686018431880651"
    }, {
      "d" : "1756457728413744574",
      "t" : 1756457728413,
      "tn" : 1756457728413744574,
      "q" : "0.09",
      "p" : "13.094",
      "s" : "sell",
      "i" : "INJ_USDT",
      "m" : "4611686018431880650"
    }, {
      "d" : "1756457295720099939",
      "t" : 1756457295720,
      "tn" : 1756457295720099938,
      "q" : "0.09",
      "p" : "13.124",
      "s" : "sell",
      "i" : "INJ_USDT",
      "m" : "4611686018431880649"
    }, {
      "d" : "1756457295720099938",
      "t" : 1756457295720,
      "tn" : 1756457295720099938,
      "q" : "1.81",
      "p" : "13.124",
      "s" : "sell",
      "i" : "INJ_USDT",
      "m" : "4611686018431880649"
    }, {
      "d" : "1756456860494956003",
      "t" : 1756456860494,
      "tn" : 1756456860494956003,
      "q" : "8.61",
      "p" : "13.164",
      "s" : "buy",
      "i" : "INJ_USDT",
      "m" : "4611686018431880648"
    }, {
      "d" : "1756456820322223125",
      "t" : 1756456820322,
      "tn" : 1756456820322223125,
      "q" : "0.09",
      "p" : "13.164",
      "s" : "sell",
      "i" : "INJ_USDT",
      "m" : "4611686018431880647"
    }, {
      "d" : "1756456597261377514",
      "t" : 1756456597261,
      "tn" : 1756456597261377514,
      "q" : "0.09",
      "p" : "13.172",
      "s" : "sell",
      "i" : "INJ_USDT",
      "m" : "4611686018431880646"
    }, {
      "d" : "1756456597062311499",
      "t" : 1756456597062,
      "tn" : 1756456597062311499,
      "q" : "0.09",
      "p" : "13.170",
      "s" : "sell",
      "i" : "INJ_USDT",
      "m" : "4611686018431880645"
    }, {
      "d" : "1756456596836871304",
      "t" : 1756456596836,
      "tn" : 1756456596836871304,
      "q" : "0.09",
      "p" : "13.170",
      "s" : "sell",
      "i" : "INJ_USDT",
      "m" : "4611686018431880644"
    }, {
      "d" : "1756456596756732750",
      "t" : 1756456596756,
      "tn" : 1756456596756732750,
      "q" : "0.09",
      "p" : "13.170",
      "s" : "sell",
      "i" : "INJ_USDT",
      "m" : "4611686018431880643"
    }, {
      "d" : "1756456596701542828",
      "t" : 1756456596701,
      "tn" : 1756456596701542828,
      "q" : "0.09",
      "p" : "13.170",
      "s" : "sell",
      "i" : "INJ_USDT",
      "m" : "4611686018431880642"
    }, {
      "d" : "1756456596661476496",
      "t" : 1756456596661,
      "tn" : 1756456596661476496,
      "q" : "0.09",
      "p" : "13.170",
      "s" : "sell",
      "i" : "INJ_USDT",
      "m" : "4611686018431880641"
    }, {
      "d" : "1756456596641309178",
      "t" : 1756456596641,
      "tn" : 1756456596641309178,
      "q" : "0.09",
      "p" : "13.170",
      "s" : "sell",
      "i" : "INJ_USDT",
      "m" : "4611686018431880640"
    }, {
      "d" : "1756456596596278487",
      "t" : 1756456596596,
      "tn" : 1756456596596278487,
      "q" : "0.09",
      "p" : "13.170",
      "s" : "sell",
      "i" : "INJ_USDT",
      "m" : "4611686018431880639"
    }, {
      "d" : "1756456596566262226",
      "t" : 1756456596566,
      "tn" : 1756456596566262226,
      "q" : "0.09",
      "p" : "13.170",
      "s" : "sell",
      "i" : "INJ_USDT",
      "m" : "4611686018431880638"
    }, {
      "d" : "1756456596551155634",
      "t" : 1756456596551,
      "tn" : 1756456596551155634,
      "q" : "0.09",
      "p" : "13.170",
      "s" : "sell",
      "i" : "INJ_USDT",
      "m" : "4611686018431880637"
    }, {
      "d" : "1756456596526148970",
      "t" : 1756456596526,
      "tn" : 1756456596526148970,
      "q" : "0.09",
      "p" : "13.170",
      "s" : "sell",
      "i" : "INJ_USDT",
      "m" : "4611686018431880636"
    }, {
      "d" : "1756456596465819366",
      "t" : 1756456596465,
      "tn" : 1756456596465819366,
      "q" : "0.09",
      "p" : "13.170",
      "s" : "sell",
      "i" : "INJ_USDT",
      "m" : "4611686018431880635"
    }, {
      "d" : "1756456596440800768",
      "t" : 1756456596440,
      "tn" : 1756456596440800768,
      "q" : "0.09",
      "p" : "13.170",
      "s" : "sell",
      "i" : "INJ_USDT",
      "m" : "4611686018431880634"
    }, {
      "d" : "1756456596395721111",
      "t" : 1756456596395,
      "tn" : 1756456596395721111,
      "q" : "0.09",
      "p" : "13.169",
      "s" : "sell",
      "i" : "INJ_USDT",
      "m" : "4611686018431880633"
    }, {
      "d" : "1756456596380729908",
      "t" : 1756456596380,
      "tn" : 1756456596380729908,
      "q" : "0.09",
      "p" : "13.169",
      "s" : "sell",
      "i" : "INJ_USDT",
      "m" : "4611686018431880632"
    }, {
      "d" : "1756456596350725524",
      "t" : 1756456596350,
      "tn" : 1756456596350725524,
      "q" : "0.09",
      "p" : "13.169",
      "s" : "sell",
      "i" : "INJ_USDT",
      "m" : "4611686018431880631"
    }, {
      "d" : "1756456596340682452",
      "t" : 1756456596340,
      "tn" : 1756456596340682452,
      "q" : "0.09",
      "p" : "13.169",
      "s" : "sell",
      "i" : "INJ_USDT",
      "m" : "4611686018431880630"
    }, {
      "d" : "1756456596265548077",
      "t" : 1756456596265,
      "tn" : 1756456596265548077,
      "q" : "0.09",
      "p" : "13.169",
      "s" : "sell",
      "i" : "INJ_USDT",
      "m" : "4611686018431880629"
    }, {
      "d" : "1756456596240600853",
      "t" : 1756456596240,
      "tn" : 1756456596240600853,
      "q" : "0.09",
      "p" : "13.169",
      "s" : "sell",
      "i" : "INJ_USDT",
      "m" : "4611686018431880628"
    }, {
      "d" : "1756456596165449556",
      "t" : 1756456596165,
      "tn" : 1756456596165449556,
      "q" : "0.09",
      "p" : "13.169",
      "s" : "sell",
      "i" : "INJ_USDT",
      "m" : "4611686018431880627"
    }, {
      "d" : "1756456596140496612",
      "t" : 1756456596140,
      "tn" : 1756456596140496612,
      "q" : "0.09",
      "p" : "13.169",
      "s" : "sell",
      "i" : "INJ_USDT",
      "m" : "4611686018431880626"
    }, {
      "d" : "1756456596039745637",
      "t" : 1756456596039,
      "tn" : 1756456596039745637,
      "q" : "0.09",
      "p" : "13.169",
      "s" : "sell",
      "i" : "INJ_USDT",
      "m" : "4611686018431880625"
    }, {
      "d" : "1756456595964603874",
      "t" : 1756456595964,
      "tn" : 1756456595964603874,
      "q" : "0.09",
      "p" : "13.169",
      "s" : "sell",
      "i" : "INJ_USDT",
      "m" : "4611686018431880624"
    }, {
      "d" : "1756456595939633511",
      "t" : 1756456595939,
      "tn" : 1756456595939633511,
      "q" : "0.09",
      "p" : "13.169",
      "s" : "sell",
      "i" : "INJ_USDT",
      "m" : "4611686018431880623"
    }, {
      "d" : "1756456595839502369",
      "t" : 1756456595839,
      "tn" : 1756456595839502369,
      "q" : "0.09",
      "p" : "13.169",
      "s" : "sell",
      "i" : "INJ_USDT",
      "m" : "4611686018431880622"
    }, {
      "d" : "1756456595804446487",
      "t" : 1756456595804,
      "tn" : 1756456595804446487,
      "q" : "0.09",
      "p" : "13.169",
      "s" : "sell",
      "i" : "INJ_USDT",
      "m" : "4611686018431880621"
    }, {
      "d" : "1756456595794450193",
      "t" : 1756456595794,
      "tn" : 1756456595794450193,
      "q" : "0.09",
      "p" : "13.169",
      "s" : "sell",
      "i" : "INJ_USDT",
      "m" : "4611686018431880620"
    }, {
      "d" : "1756456595754401127",
      "t" : 1756456595754,
      "tn" : 1756456595754401127,
      "q" : "0.09",
      "p" : "13.169",
      "s" : "sell",
      "i" : "INJ_USDT",
      "m" : "4611686018431880619"
    }, {
      "d" : "1756456595739443620",
      "t" : 1756456595739,
      "tn" : 1756456595739443620,
      "q" : "0.09",
      "p" : "13.169",
      "s" : "sell",
      "i" : "INJ_USDT",
      "m" : "4611686018431880618"
    }, {
      "d" : "1756456595639163927",
      "t" : 1756456595639,
      "tn" : 1756456595639163927,
      "q" : "0.09",
      "p" : "13.169",
      "s" : "sell",
      "i" : "INJ_USDT",
      "m" : "4611686018431880617"
    }, {
      "d" : "1756456595548980434",
      "t" : 1756456595548,
      "tn" : 1756456595548980434,
      "q" : "0.09",
      "p" : "13.169",
      "s" : "sell",
      "i" : "INJ_USDT",
      "m" : "4611686018431880616"
    }, {
      "d" : "1756456595528959927",
      "t" : 1756456595528,
      "tn" : 1756456595528959927,
      "q" : "0.09",
      "p" : "13.169",
      "s" : "sell",
      "i" : "INJ_USDT",
      "m" : "4611686018431880615"
    }, {
      "d" : "1756456595438785822",
      "t" : 1756456595438,
      "tn" : 1756456595438785822,
      "q" : "0.09",
      "p" : "13.169",
      "s" : "sell",
      "i" : "INJ_USDT",
      "m" : "4611686018431880614"
    }, {
      "d" : "1756456595413796269",
      "t" : 1756456595413,
      "tn" : 1756456595413796269,
      "q" : "0.09",
      "p" : "13.169",
      "s" : "sell",
      "i" : "INJ_USDT",
      "m" : "4611686018431880613"
    }, {
      "d" : "1756456595368663178",
      "t" : 1756456595368,
      "tn" : 1756456595368663178,
      "q" : "0.09",
      "p" : "13.169",
      "s" : "sell",
      "i" : "INJ_USDT",
      "m" : "4611686018431880612"
    }, {
      "d" : "1756456595338711534",
      "t" : 1756456595338,
      "tn" : 1756456595338711534,
      "q" : "0.09",
      "p" : "13.169",
      "s" : "sell",
      "i" : "INJ_USDT",
      "m" : "4611686018431880611"
    }, {
      "d" : "1756456595278588084",
      "t" : 1756456595278,
      "tn" : 1756456595278588084,
      "q" : "0.09",
      "p" : "13.169",
      "s" : "sell",
      "i" : "INJ_USDT",
      "m" : "4611686018431880610"
    }, {
      "d" : "1756456595248582164",
      "t" : 1756456595248,
      "tn" : 1756456595248582164,
      "q" : "0.09",
      "p" : "13.169",
      "s" : "sell",
      "i" : "INJ_USDT",
      "m" : "4611686018431880609"
    }, {
      "d" : "1756456595238531030",
      "t" : 1756456595238,
      "tn" : 1756456595238531030,
      "q" : "0.09",
      "p" : "13.169",
      "s" : "sell",
      "i" : "INJ_USDT",
      "m" : "4611686018431880608"
    }, {
      "d" : "1756456595148362331",
      "t" : 1756456595148,
      "tn" : 1756456595148362331,
      "q" : "0.09",
      "p" : "13.169",
      "s" : "sell",
      "i" : "INJ_USDT",
      "m" : "4611686018431880607"
    }, {
      "d" : "1756456595128332093",
      "t" : 1756456595128,
      "tn" : 1756456595128332093,
      "q" : "0.09",
      "p" : "13.169",
      "s" : "sell",
      "i" : "INJ_USDT",
      "m" : "4611686018431880606"
    }, {
      "d" : "1756456595118338632",
      "t" : 1756456595118,
      "tn" : 1756456595118338632,
      "q" : "0.09",
      "p" : "13.169",
      "s" : "sell",
      "i" : "INJ_USDT",
      "m" : "4611686018431880605"
    }, {
      "d" : "1756456595092644234",
      "t" : 1756456595092,
      "tn" : 1756456595092644234,
      "q" : "0.09",
      "p" : "13.169",
      "s" : "sell",
      "i" : "INJ_USDT",
      "m" : "4611686018431880604"
    }, {
      "d" : "1756456595072677473",
      "t" : 1756456595072,
      "tn" : 1756456595072677473,
      "q" : "0.09",
      "p" : "13.169",
      "s" : "sell",
      "i" : "INJ_USDT",
      "m" : "4611686018431880603"
    }, {
      "d" : "1756456595047562531",
      "t" : 1756456595047,
      "tn" : 1756456595047562531,
      "q" : "0.09",
      "p" : "13.169",
      "s" : "sell",
      "i" : "INJ_USDT",
      "m" : "4611686018431880602"
    }, {
      "d" : "1756456595037617472",
      "t" : 1756456595037,
      "tn" : 1756456595037617472,
      "q" : "0.09",
      "p" : "13.169",
      "s" : "sell",
      "i" : "INJ_USDT",
      "m" : "4611686018431880601"
    }, {
      "d" : "1756456594967457943",
      "t" : 1756456594967,
      "tn" : 1756456594967457943,
      "q" : "0.09",
      "p" : "13.169",
      "s" : "sell",
      "i" : "INJ_USDT",
      "m" : "4611686018431880600"
    }, {
      "d" : "1756456594937450550",
      "t" : 1756456594937,
      "tn" : 1756456594937450550,
      "q" : "0.09",
      "p" : "13.169",
      "s" : "sell",
      "i" : "INJ_USDT",
      "m" : "4611686018431880599"
    }, {
      "d" : "1756456594872358095",
      "t" : 1756456594872,
      "tn" : 1756456594872358095,
      "q" : "0.09",
      "p" : "13.169",
      "s" : "sell",
      "i" : "INJ_USDT",
      "m" : "4611686018431880598"
    }, {
      "d" : "1756456594847309005",
      "t" : 1756456594847,
      "tn" : 1756456594847309005,
      "q" : "0.09",
      "p" : "13.169",
      "s" : "sell",
      "i" : "INJ_USDT",
      "m" : "4611686018431880597"
    }, {
      "d" : "1756456594837332610",
      "t" : 1756456594837,
      "tn" : 1756456594837332610,
      "q" : "0.09",
      "p" : "13.169",
      "s" : "sell",
      "i" : "INJ_USDT",
      "m" : "4611686018431880596"
    }, {
      "d" : "1756456594762224371",
      "t" : 1756456594762,
      "tn" : 1756456594762224371,
      "q" : "0.09",
      "p" : "13.169",
      "s" : "sell",
      "i" : "INJ_USDT",
      "m" : "4611686018431880595"
    }, {
      "d" : "1756456594737236963",
      "t" : 1756456594737,
      "tn" : 1756456594737236963,
      "q" : "0.09",
      "p" : "13.169",
      "s" : "sell",
      "i" : "INJ_USDT",
      "m" : "4611686018431880594"
    }, {
      "d" : "1756456594662134086",
      "t" : 1756456594662,
      "tn" : 1756456594662134086,
      "q" : "0.09",
      "p" : "13.169",
      "s" : "sell",
      "i" : "INJ_USDT",
      "m" : "4611686018431880593"
    }, {
      "d" : "1756456594636929593",
      "t" : 1756456594636,
      "tn" : 1756456594636929593,
      "q" : "0.09",
      "p" : "13.169",
      "s" : "sell",
      "i" : "INJ_USDT",
      "m" : "4611686018431880592"
    }, {
      "d" : "1756456594571887674",
      "t" : 1756456594571,
      "tn" : 1756456594571887674,
      "q" : "0.09",
      "p" : "13.169",
      "s" : "sell",
      "i" : "INJ_USDT",
      "m" : "4611686018431880591"
    }, {
      "d" : "1756456594546725979",
      "t" : 1756456594546,
      "tn" : 1756456594546725979,
      "q" : "0.09",
      "p" : "13.169",
      "s" : "sell",
      "i" : "INJ_USDT",
      "m" : "4611686018431880590"
    }, {
      "d" : "1756456594531878457",
      "t" : 1756456594531,
      "tn" : 1756456594531878457,
      "q" : "0.09",
      "p" : "13.169",
      "s" : "sell",
      "i" : "INJ_USDT",
      "m" : "4611686018431880589"
    }, {
      "d" : "1756456592927549682",
      "t" : 1756456592927,
      "tn" : 1756456592927549682,
      "q" : "0.09",
      "p" : "13.170",
      "s" : "sell",
      "i" : "INJ_USDT",
      "m" : "4611686018431880588"
    }, {
      "d" : "1756455961519400248",
      "t" : 1756455961519,
      "tn" : 1756455961519400248,
      "q" : "0.04",
      "p" : "13.190",
      "s" : "buy",
      "i" : "INJ_USDT",
      "m" : "4611686018431880587"
    }, {
      "d" : "1756455940629717900",
      "t" : 1756455940629,
      "tn" : 1756455940629717900,
      "q" : "0.09",
      "p" : "13.190",
      "s" : "buy",
      "i" : "INJ_USDT",
      "m" : "4611686018431880586"
    }, {
      "d" : "1756455940591588583",
      "t" : 1756455940591,
      "tn" : 1756455940591588583,
      "q" : "0.09",
      "p" : "13.190",
      "s" : "buy",
      "i" : "INJ_USDT",
      "m" : "4611686018431880585"
    }, {
      "d" : "1756455940546334333",
      "t" : 1756455940546,
      "tn" : 1756455940546334333,
      "q" : "0.09",
      "p" : "13.190",
      "s" : "buy",
      "i" : "INJ_USDT",
      "m" : "4611686018431880584"
    }, {
      "d" : "1756455940531332860",
      "t" : 1756455940531,
      "tn" : 1756455940531332860,
      "q" : "0.09",
      "p" : "13.190",
      "s" : "buy",
      "i" : "INJ_USDT",
      "m" : "4611686018431880583"
    }, {
      "d" : "1756455940446238075",
      "t" : 1756455940446,
      "tn" : 1756455940446238075,
      "q" : "0.09",
      "p" : "13.190",
      "s" : "buy",
      "i" : "INJ_USDT",
      "m" : "4611686018431880582"
    }, {
      "d" : "1756455940240967582",
      "t" : 1756455940240,
      "tn" : 1756455940240967582,
      "q" : "0.09",
      "p" : "13.190",
      "s" : "buy",
      "i" : "INJ_USDT",
      "m" : "4611686018431880581"
    }, {
      "d" : "1756455940140846530",
      "t" : 1756455940140,
      "tn" : 1756455940140846530,
      "q" : "0.09",
      "p" : "13.190",
      "s" : "buy",
      "i" : "INJ_USDT",
      "m" : "4611686018431880580"
    }, {
      "d" : "1756455940120940531",
      "t" : 1756455940120,
      "tn" : 1756455940120940531,
      "q" : "0.09",
      "p" : "13.190",
      "s" : "buy",
      "i" : "INJ_USDT",
      "m" : "4611686018431880579"
    }, {
      "d" : "1756455939739479719",
      "t" : 1756455939739,
      "tn" : 1756455939739479719,
      "q" : "0.09",
      "p" : "13.190",
      "s" : "buy",
      "i" : "INJ_USDT",
      "m" : "4611686018431880578"
    }, {
      "d" : "1756455939639246211",
      "t" : 1756455939639,
      "tn" : 1756455939639246211,
      "q" : "0.09",
      "p" : "13.190",
      "s" : "buy",
      "i" : "INJ_USDT",
      "m" : "4611686018431880577"
    }, {
      "d" : "1756455939523913881",
      "t" : 1756455939523,
      "tn" : 1756455939523913881,
      "q" : "0.09",
      "p" : "13.190",
      "s" : "buy",
      "i" : "INJ_USDT",
      "m" : "4611686018431880576"
    }, {
      "d" : "1756455939338611763",
      "t" : 1756455939338,
      "tn" : 1756455939338611763,
      "q" : "0.09",
      "p" : "13.190",
      "s" : "buy",
      "i" : "INJ_USDT",
      "m" : "4611686018431880575"
    }, {
      "d" : "1756455939038339996",
      "t" : 1756455939038,
      "tn" : 1756455939038339996,
      "q" : "0.09",
      "p" : "13.190",
      "s" : "buy",
      "i" : "INJ_USDT",
      "m" : "4611686018431880574"
    }, {
      "d" : "1756455938736995461",
      "t" : 1756455938736,
      "tn" : 1756455938736995461,
      "q" : "0.09",
      "p" : "13.190",
      "s" : "buy",
      "i" : "INJ_USDT",
      "m" : "4611686018431880573"
    }, {
      "d" : "1756455938536437178",
      "t" : 1756455938536,
      "tn" : 1756455938536437178,
      "q" : "0.09",
      "p" : "13.190",
      "s" : "buy",
      "i" : "INJ_USDT",
      "m" : "4611686018431880572"
    }, {
      "d" : "1756455937939756880",
      "t" : 1756455937939,
      "tn" : 1756455937939756880,
      "q" : "0.09",
      "p" : "13.190",
      "s" : "buy",
      "i" : "INJ_USDT",
      "m" : "4611686018431880571"
    }, {
      "d" : "1756455937734461157",
      "t" : 1756455937734,
      "tn" : 1756455937734461157,
      "q" : "0.09",
      "p" : "13.190",
      "s" : "buy",
      "i" : "INJ_USDT",
      "m" : "4611686018431880570"
    }, {
      "d" : "1756455937714491737",
      "t" : 1756455937714,
      "tn" : 1756455937714491737,
      "q" : "0.09",
      "p" : "13.190",
      "s" : "buy",
      "i" : "INJ_USDT",
      "m" : "4611686018431880569"
    }, {
      "d" : "1756455937528936716",
      "t" : 1756455937528,
      "tn" : 1756455937528936716,
      "q" : "0.09",
      "p" : "13.190",
      "s" : "buy",
      "i" : "INJ_USDT",
      "m" : "4611686018431880568"
    }, {
      "d" : "1756455937238558081",
      "t" : 1756455937238,
      "tn" : 1756455937238558081,
      "q" : "0.09",
      "p" : "13.190",
      "s" : "buy",
      "i" : "INJ_USDT",
      "m" : "4611686018431880567"
    }, {
      "d" : "1756455937138486829",
      "t" : 1756455937138,
      "tn" : 1756455937138486829,
      "q" : "0.09",
      "p" : "13.190",
      "s" : "buy",
      "i" : "INJ_USDT",
      "m" : "4611686018431880566"
    }, {
      "d" : "1756455936837132618",
      "t" : 1756455936837,
      "tn" : 1756455936837132618,
      "q" : "0.09",
      "p" : "13.190",
      "s" : "buy",
      "i" : "INJ_USDT",
      "m" : "4611686018431880565"
    }, {
      "d" : "1756455936636680923",
      "t" : 1756455936636,
      "tn" : 1756455936636680923,
      "q" : "0.09",
      "p" : "13.190",
      "s" : "buy",
      "i" : "INJ_USDT",
      "m" : "4611686018431880564"
    }, {
      "d" : "1756455936526384101",
      "t" : 1756455936526,
      "tn" : 1756455936526384101,
      "q" : "0.09",
      "p" : "13.190",
      "s" : "buy",
      "i" : "INJ_USDT",
      "m" : "4611686018431880563"
    }, {
      "d" : "1756455936441207844",
      "t" : 1756455936441,
      "tn" : 1756455936441207844,
      "q" : "0.09",
      "p" : "13.190",
      "s" : "buy",
      "i" : "INJ_USDT",
      "m" : "4611686018431880562"
    }, {
      "d" : "1756455936341051513",
      "t" : 1756455936341,
      "tn" : 1756455936341051513,
      "q" : "0.09",
      "p" : "13.190",
      "s" : "buy",
      "i" : "INJ_USDT",
      "m" : "4611686018431880561"
    }, {
      "d" : "1756455936301071641",
      "t" : 1756455936301,
      "tn" : 1756455936301071641,
      "q" : "0.09",
      "p" : "13.190",
      "s" : "buy",
      "i" : "INJ_USDT",
      "m" : "4611686018431880560"
    }, {
      "d" : "1756455936256136724",
      "t" : 1756455936256,
      "tn" : 1756455936256136724,
      "q" : "0.09",
      "p" : "13.190",
      "s" : "buy",
      "i" : "INJ_USDT",
      "m" : "4611686018431880559"
    }, {
      "d" : "1756455935839586201",
      "t" : 1756455935839,
      "tn" : 1756455935839586201,
      "q" : "0.09",
      "p" : "13.190",
      "s" : "buy",
      "i" : "INJ_USDT",
      "m" : "4611686018431880558"
    }, {
      "d" : "1756455935528856111",
      "t" : 1756455935528,
      "tn" : 1756455935528856111,
      "q" : "0.09",
      "p" : "13.190",
      "s" : "buy",
      "i" : "INJ_USDT",
      "m" : "4611686018431880557"
    }, {
      "d" : "1756455935238362296",
      "t" : 1756455935238,
      "tn" : 1756455935238362296,
      "q" : "0.09",
      "p" : "13.190",
      "s" : "buy",
      "i" : "INJ_USDT",
      "m" : "4611686018431880556"
    }, {
      "d" : "1756455935173293044",
      "t" : 1756455935173,
      "tn" : 1756455935173293044,
      "q" : "0.09",
      "p" : "13.190",
      "s" : "buy",
      "i" : "INJ_USDT",
      "m" : "4611686018431880555"
    }, {
      "d" : "1756455935138299218",
      "t" : 1756455935138,
      "tn" : 1756455935138299218,
      "q" : "0.09",
      "p" : "13.190",
      "s" : "buy",
      "i" : "INJ_USDT",
      "m" : "4611686018431880554"
    }, {
      "d" : "1756455935038204686",
      "t" : 1756455935038,
      "tn" : 1756455935038204686,
      "q" : "0.09",
      "p" : "13.190",
      "s" : "buy",
      "i" : "INJ_USDT",
      "m" : "4611686018431880553"
    }, {
      "d" : "1756455934837040847",
      "t" : 1756455934837,
      "tn" : 1756455934837040847,
      "q" : "0.09",
      "p" : "13.190",
      "s" : "buy",
      "i" : "INJ_USDT",
      "m" : "4611686018431880552"
    }, {
      "d" : "1756455934771962595",
      "t" : 1756455934771,
      "tn" : 1756455934771962595,
      "q" : "0.09",
      "p" : "13.190",
      "s" : "buy",
      "i" : "INJ_USDT",
      "m" : "4611686018431880551"
    } ]
  }
}