{
  "id" : -1,
  "method" : "public/get-trades",
  "code" : 0,
  "result" : {
    "data" : [ {
      "d" : "1756461031224528548",
      "t" : 1756461031224,
      "tn" : 1756461031224528548,
      "q" : "0.1",
      "p" : "13.104",
      "s" : "sell",
      "i" : "INJUSD-PERP",
      "m" : "4611686018429944572"
    }, {
      "d" : "1756460898151853557",
      "t" : 1756460898151,
      "tn" : 1756460898151853557,
      "q" : "15.1",
      "p" : "13.128",
      "s" : "sell",
      "i" : "INJUSD-PERP",
      "m" : "4611686018429944571"
    }, {
      "d" : "1756460746007589789",
      "t" : 1756460746007,
      "tn" : 1756460746007589789,
      "q" : "0.1",
      "p" : "13.099",
      "s" : "sell",
      "i" : "INJUSD-PERP",
      "m" : "4611686018429944570"
    }, {
      "d" : "1756460316844968253",
      "t" : 1756460316844,
      "tn" : 1756460316844968253,
      "q" : "0.7",
      "p" : "13.075",
      "s" : "sell",
      "i" : "INJUSD-PERP",
      "m" : "4611686018429944569"
    }, {
      "d" : "1756460316844965247",
      "t" : 1756460316844,
      "tn" : 1756460316844965247,
      "q" : "0.1",
      "p" : "13.077",
      "s" : "sell",
      "i" : "INJUSD-PERP",
      "m" : "4611686018429944568"
    }, {
      "d" : "1756459904936774789",
      "t" : 1756459904936,
      "tn" : 1756459904936774789,
      "q" : "0.1",
      "p" : "13.073",
      "s" : "buy",
      "i" : "INJUSD-PERP",
      "m" : "4611686018429944567"
    }, {
      "d" : "1756459886026000799",
      "t" : 1756459886026,
      "tn" : 1756459886026000799,
      "q" : "0.1",
      "p" : "13.085",
      "s" : "buy",
      "i" : "INJUSD-PERP",
      "m" : "4611686018429944566"
    }, {
      "d" : "1756459874524312577",
      "t" : 1756459874524,
      "tn" : 1756459874524312577,
      "q" : "0.1",
      "p" : "13.094",
      "s" : "buy",
      "i" : "INJUSD-PERP",
      "m" : "4611686018429944565"
    }, {
      "d" : "1756459862106924602",
      "t" : 1756459862106,
      "tn" : 1756459862106924602,
      "q" : "0.1",
      "p" : "13.104",
      "s" : "buy",
      "i" : "INJUSD-PERP",
      "m" : "4611686018429944564"
    }, {
      "d" : "1756459822391584278",
      "t" : 1756459822391,
      "tn" : 1756459822391584278,
      "q" : "0.1",
      "p" : "13.095",
      "s" : "buy",
      "i" : "INJUSD-PERP",
      "m" : "4611686018429944563"
    }, {
      "d" : "1756459812012282641",
      "t" : 1756459812012,
      "tn" : 1756459812012282641,
      "q" : "0.1",
      "p" : "13.104",
      "s" : "buy",
      "i" : "INJUSD-PERP",
      "m" : "4611686018429944562"
    }, {
      "d" : "1756459803007503617",
      "t" : 1756459803007,
      "tn" : 1756459803007503617,
      "q" : "0.1",
      "p" : "13.113",
      "s" : "buy",
      "i" : "INJUSD-PERP",
      "m" : "4611686018429944561"
    }, {
      "d" : "1756459673364625485",
      "t" : 1756459673364,
      "tn" : 1756459673364625485,
      "q" : "0.5",
      "p" : "13.082",
      "s" : "sell",
      "i" : "INJUSD-PERP",
      "m" : "4611686018429944560"
    }, {
      "d" : "1756459673364623374",
      "t" : 1756459673364,
      "tn" : 1756459673364623374,
      "q" : "0.1",
      "p" : "13.086",
      "s" : "sell",
      "i" : "INJUSD-PERP",
      "m" : "4611686018429944559"
    }, {
      "d" : "1756459670332635955",
      "t" : 1756459670332,
      "tn" : 1756459670332635955,
      "q" : "0.1",
      "p" : "13.089",
      "s" : "buy",
      "i" : "INJUSD-PERP",
      "m" : "4611686018429944558"
    }, {
      "d" : "1756459654953305833",
      "t" : 1756459654953,
      "tn" : 1756459654953305833,
      "q" : "0.1",
      "p" : "13.093",
      "s" : "buy",
      "i" : "INJUSD-PERP",
      "m" : "4611686018429944557"
    }, {
      "d" : "1756459639882425163",
      "t" : 1756459639882,
      "tn" : 1756459639882425163,
      "q" : "0.1",
      "p" : "13.096",
      "s" : "buy",
      "i" : "INJUSD-PERP",
      "m" : "4611686018429944556"
    }, {
      "d" : "1756459620122898322",
      "t" : 1756459620122,
      "tn" : 1756459620122898322,
      "q" : "0.1",
      "p" : "13.105",
      "s" : "buy",
      "i" : "INJUSD-PERP",
      "m" : "4611686018429944555"
    }, {
      "d" : "1756459601603221299",
      "t" : 1756459601603,
      "tn" : 1756459601603221299,
      "q" : "0.1",
      "p" : "13.118",
      "s" : "buy",
      "i" : "INJUSD-PERP",
      "m" : "4611686018429944554"
    }, {
      "d" : "1756459565602250249",
      "t" : 1756459565602,
      "tn" : 1756459565602250249,
      "q" : "0.1",
      "p" : "13.122",
      "s" : "buy",
      "i" : "INJUSD-PERP",
      "m" : "4611686018429944553"
    }, {
      "d" : "1756459221940414899",
      "t" : 1756459221940,
      "tn" : 1756459221940414899,
      "q" : "5.7",
      "p" : "13.124",
      "s" : "buy",
      "i" : "INJUSD-PERP",
      "m" : "4611686018429944552"
    }, {
      "d" : "1756459221939910537",
      "t" : 1756459221939,
      "tn" : 1756459221939910537,
      "q" : "20.0",
      "p" : "13.124",
      "s" : "buy",
      "i" : "INJUSD-PERP",
      "m" : "4611686018429944551"
    }, {
      "d" : "1756459221934287915",
      "t" : 1756459221934,
      "tn" : 1756459221934287915,
      "q" : "0.1",
      "p" : "13.121",
      "s" : "buy",
      "i" : "INJUSD-PERP",
      "m" : "4611686018429944550"
    }, {
      "d" : "1756459221934285262",
      "t" : 1756459221934,
      "tn" : 1756459221934285262,
      "q" : "0.1",
      "p" : "13.120",
      "s" : "buy",
      "i" : "INJUSD-PERP",
      "m" : "4611686018429944549"
    }, {
      "d" : "1756459020239658100",
      "t" : 1756459020239,
      "tn" : 1756459020239658100,
      "q" : "0.1",
      "p" : "13.053",
      "s" : "buy",
      "i" : "INJUSD-PERP",
      "m" : "4611686018429944548"
    }, {
      "d" : "1756458991582344825",
      "t" : 1756458991582,
      "tn" : 1756458991582344825,
      "q" : "45.7",
      "p" : "13.047",
      "s" : "buy",
      "i" : "INJUSD-PERP",
      "m" : "4611686018429944547"
    }, {
      "d" : "1756458991582343283",
      "t" : 1756458991582,
      "tn" : 1756458991582343283,
      "q" : "0.1",
      "p" : "13.045",
      "s" : "buy",
      "i" : "INJUSD-PERP",
      "m" : "4611686018429944546"
    }, {
      "d" : "1756458991582341411",
      "t" : 1756458991582,
      "tn" : 1756458991582341411,
      "q" : "0.1",
      "p" : "13.044",
      "s" : "buy",
      "i" : "INJUSD-PERP",
      "m" : "4611686018429944545"
    }, {
      "d" : "1756458972192016328",
      "t" : 1756458972192,
      "tn" : 1756458972192016328,
      "q" : "0.1",
      "p" : "13.032",
      "s" : "buy",
      "i" : "INJUSD-PERP",
      "m" : "4611686018429944544"
    }, {
      "d" : "1756458181632392170",
      "t" : 1756458181632,
      "tn" : 1756458181632392170,
      "q" : "0.7",
      "p" : "12.978",
      "s" : "sell",
      "i" : "INJUSD-PERP",
      "m" : "4611686018429944543"
    }, {
      "d" : "1756457893504007686",
      "t" : 1756457893504,
      "tn" : 1756457893504007686,
      "q" : "0.1",
      "p" : "13.061",
      "s" : "buy",
      "i" : "INJUSD-PERP",
      "m" : "4611686018429944542"
    }, {
      "d" : "1756457866164933965",
      "t" : 1756457866164,
      "tn" : 1756457866164933965,
      "q" : "0.7",
      "p" : "13.042",
      "s" : "sell",
      "i" : "INJUSD-PERP",
      "m" : "4611686018429944541"
    }, {
      "d" : "1756457866164930916",
      "t" : 1756457866164,
      "tn" : 1756457866164930916,
      "q" : "0.1",
      "p" : "13.045",
      "s" : "sell",
      "i" : "INJUSD-PERP",
      "m" : "4611686018429944540"
    }, {
      "d" : "1756457787658888261",
      "t" : 1756457787658,
      "tn" : 1756457787658888261,
      "q" : "24.7",
      "p" : "13.087",
      "s" : "sell",
      "i" : "INJUSD-PERP",
      "m" : "4611686018429944539"
    }, {
      "d" : "1756457787658666389",
      "t" : 1756457787658,
      "tn" : 1756457787658666388,
      "q" : "21.0",
      "p" : "13.087",
      "s" : "sell",
      "i" : "INJUSD-PERP",
      "m" : "4611686018429944538"
    }, {
      "d" : "1756457787658666388",
      "t" : 1756457787658,
      "tn" : 1756457787658666388,
      "q" : "0.1",
      "p" : "13.087",
      "s" : "sell",
      "i" : "INJUSD-PERP",
      "m" : "4611686018429944538"
    }, {
      "d" : "1756457787658662505",
      "t" : 1756457787658,
      "tn" : 1756457787658662505,
      "q" : "0.1",
      "p" : "13.091",
      "s" : "sell",
      "i" : "INJUSD-PERP",
      "m" : "4611686018429944537"
    }, {
      "d" : "1756457731631657059",
      "t" : 1756457731631,
      "tn" : 1756457731631657059,
      "q" : "0.1",
      "p" : "13.083",
      "s" : "buy",
      "i" : "INJUSD-PERP",
      "m" : "4611686018429944536"
    }, {
      "d" : "1756457401518464596",
      "t" : 1756457401518,
      "tn" : 1756457401518464595,
      "q" : "15.2",
      "p" : "13.121",
      "s" : "buy",
      "i" : "INJUSD-PERP",
      "m" : "4611686018429944535"
    }, {
      "d" : "1756457401518464595",
      "t" : 1756457401518,
      "tn" : 1756457401518464595,
      "q" : "0.1",
      "p" : "13.121",
      "s" : "buy",
      "i" : "INJUSD-PERP",
      "m" : "4611686018429944535"
    }, {
      "d" : "1756457300844487777",
      "t" : 1756457300844,
      "tn" : 1756457300844487777,
      "q" : "0.5",
      "p" : "13.113",
      "s" : "sell",
      "i" : "INJUSD-PERP",
      "m" : "4611686018429944534"
    }, {
      "d" : "1756457300844484288",
      "t" : 1756457300844,
      "tn" : 1756457300844484288,
      "q" : "0.1",
      "p" : "13.115",
      "s" : "sell",
      "i" : "INJUSD-PERP",
      "m" : "4611686018429944533"
    }, {
      "d" : "1756457295723290479",
      "t" : 1756457295723,
      "tn" : 1756457295723290479,
      "q" : "0.1",
      "p" : "13.119",
      "s" : "sell",
      "i" : "INJUSD-PERP",
      "m" : "4611686018429944532"
    }, {
      "d" : "1756457183224580578",
      "t" : 1756457183224,
      "tn" : 1756457183224580577,
      "q" : "0.5",
      "p" : "13.127",
      "s" : "sell",
      "i" : "INJUSD-PERP",
      "m" : "4611686018429944531"
    }, {
      "d" : "1756457183224580577",
      "t" : 1756457183224,
      "tn" : 1756457183224580577,
      "q" : "0.1",
      "p" : "13.127",
      "s" : "sell",
      "i" : "INJUSD-PERP",
      "m" : "4611686018429944531"
    }, {
      "d" : "1756457183224576692",
      "t" : 1756457183224,
      "tn" : 1756457183224576692,
      "q" : "0.1",
      "p" : "13.131",
      "s" : "sell",
      "i" : "INJUSD-PERP",
      "m" : "4611686018429944530"
    }, {
      "d" : "1756457109526208650",
      "t" : 1756457109526,
      "tn" : 1756457109526208650,
      "q" : "4.9",
      "p" : "13.160",
      "s" : "buy",
      "i" : "INJUSD-PERP",
      "m" : "4611686018429944529"
    }, {
      "d" : "1756457109526106417",
      "t" : 1756457109526,
      "tn" : 1756457109526106417,
      "q" : "0.1",
      "p" : "13.157",
      "s" : "buy",
      "i" : "INJUSD-PERP",
      "m" : "4611686018429944528"
    }, {
      "d" : "1756457109524265505",
      "t" : 1756457109524,
      "tn" : 1756457109524265505,
      "q" : "0.1",
      "p" : "13.156",
      "s" : "buy",
      "i" : "INJUSD-PERP",
      "m" : "4611686018429944527"
    }, {
      "d" : "1756457104485505125",
      "t" : 1756457104485,
      "tn" : 1756457104485505125,
      "q" : "0.1",
      "p" : "13.152",
      "s" : "buy",
      "i" : "INJUSD-PERP",
      "m" : "4611686018429944526"
    }, {
      "d" : "1756457104484993593",
      "t" : 1756457104484,
      "tn" : 1756457104484993593,
      "q" : "0.1",
      "p" : "13.151",
      "s" : "buy",
      "i" : "INJUSD-PERP",
      "m" : "4611686018429944525"
    }, {
      "d" : "1756457037958056173",
      "t" : 1756457037958,
      "tn" : 1756457037958056173,
      "q" : "0.1",
      "p" : "13.160",
      "s" : "buy",
      "i" : "INJUSD-PERP",
      "m" : "4611686018429944524"
    }, {
      "d" : "1756457004668515950",
      "t" : 1756457004668,
      "tn" : 1756457004668515950,
      "q" : "0.1",
      "p" : "13.156",
      "s" : "buy",
      "i" : "INJUSD-PERP",
      "m" : "4611686018429944523"
    }, {
      "d" : "1756456981973862170",
      "t" : 1756456981973,
      "tn" : 1756456981973862170,
      "q" : "0.1",
      "p" : "13.164",
      "s" : "buy",
      "i" : "INJUSD-PERP",
      "m" : "4611686018429944522"
    }, {
      "d" : "1756456981973266510",
      "t" : 1756456981973,
      "tn" : 1756456981973266510,
      "q" : "0.1",
      "p" : "13.162",
      "s" : "buy",
      "i" : "INJUSD-PERP",
      "m" : "4611686018429944521"
    }, {
      "d" : "1756456905544561255",
      "t" : 1756456905544,
      "tn" : 1756456905544561255,
      "q" : "0.6",
      "p" : "13.151",
      "s" : "sell",
      "i" : "INJUSD-PERP",
      "m" : "4611686018429944520"
    }, {
      "d" : "1756456905544558980",
      "t" : 1756456905544,
      "tn" : 1756456905544558980,
      "q" : "0.1",
      "p" : "13.153",
      "s" : "sell",
      "i" : "INJUSD-PERP",
      "m" : "4611686018429944519"
    }, {
      "d" : "1756456900512935797",
      "t" : 1756456900512,
      "tn" : 1756456900512935797,
      "q" : "5.7",
      "p" : "13.165",
      "s" : "buy",
      "i" : "INJUSD-PERP",
      "m" : "4611686018429944518"
    }, {
      "d" : "1756456894841226299",
      "t" : 1756456894841,
      "tn" : 1756456894841226299,
      "q" : "15.1",
      "p" : "13.169",
      "s" : "sell",
      "i" : "INJUSD-PERP",
      "m" : "4611686018429944517"
    }, {
      "d" : "1756456886273728411",
      "t" : 1756456886273,
      "tn" : 1756456886273728411,
      "q" : "15.1",
      "p" : "13.180",
      "s" : "sell",
      "i" : "INJUSD-PERP",
      "m" : "4611686018429944516"
    }, {
      "d" : "1756456885339570382",
      "t" : 1756456885339,
      "tn" : 1756456885339570382,
      "q" : "15.1",
      "p" : "13.177",
      "s" : "sell",
      "i" : "INJUSD-PERP",
      "m" : "4611686018429944515"
    }, {
      "d" : "1756456596506884264",
      "t" : 1756456596506,
      "tn" : 1756456596506884264,
      "q" : "15.0",
      "p" : "13.163",
      "s" : "buy",
      "i" : "INJUSD-PERP",
      "m" : "4611686018429944514"
    }, {
      "d" : "1756456596388772684",
      "t" : 1756456596388,
      "tn" : 1756456596388772684,
      "q" : "0.1",
      "p" : "13.162",
      "s" : "buy",
      "i" : "INJUSD-PERP",
      "m" : "4611686018429944513"
    }, {
      "d" : "1756456596384848756",
      "t" : 1756456596384,
      "tn" : 1756456596384848756,
      "q" : "15.0",
      "p" : "13.162",
      "s" : "buy",
      "i" : "INJUSD-PERP",
      "m" : "4611686018429944512"
    }, {
      "d" : "1756456594405037503",
      "t" : 1756456594405,
      "tn" : 1756456594405037503,
      "q" : "15.1",
      "p" : "13.160",
      "s" : "buy",
      "i" : "INJUSD-PERP",
      "m" : "4611686018429944511"
    }, {
      "d" : "1756456593391232441",
      "t" : 1756456593391,
      "tn" : 1756456593391232441,
      "q" : "2.2",
      "p" : "13.160",
      "s" : "buy",
      "i" : "INJUSD-PERP",
      "m" : "4611686018429944510"
    }, {
      "d" : "1756456593280838914",
      "t" : 1756456593280,
      "tn" : 1756456593280838914,
      "q" : "15.1",
      "p" : "13.160",
      "s" : "buy",
      "i" : "INJUSD-PERP",
      "m" : "4611686018429944509"
    }, {
      "d" : "1756456592910444558",
      "t" : 1756456592910,
      "tn" : 1756456592910444557,
      "q" : "3.7",
      "p" : "13.164",
      "s" : "buy",
      "i" : "INJUSD-PERP",
      "m" : "4611686018429944508"
    }, {
      "d" : "1756456592910444557",
      "t" : 1756456592910,
      "tn" : 1756456592910444557,
      "q" : "15.1",
      "p" : "13.164",
      "s" : "buy",
      "i" : "INJUSD-PERP",
      "m" : "4611686018429944508"
    }, {
      "d" : "1756456589975231033",
      "t" : 1756456589975,
      "tn" : 1756456589975231033,
      "q" : "15.1",
      "p" : "13.163",
      "s" : "buy",
      "i" : "INJUSD-PERP",
      "m" : "4611686018429944507"
    }, {
      "d" : "1756456589708549199",
      "t" : 1756456589708,
      "tn" : 1756456589708549199,
      "q" : "15.1",
      "p" : "13.160",
      "s" : "buy",
      "i" : "INJUSD-PERP",
      "m" : "4611686018429944506"
    }, {
      "d" : "1756456589547354100",
      "t" : 1756456589547,
      "tn" : 1756456589547354100,
      "q" : "0.1",
      "p" : "13.160",
      "s" : "buy",
      "i" : "INJUSD-PERP",
      "m" : "4611686018429944505"
    }, {
      "d" : "1756456589543241925",
      "t" : 1756456589543,
      "tn" : 1756456589543241925,
      "q" : "15.0",
      "p" : "13.160",
      "s" : "buy",
      "i" : "INJUSD-PERP",
      "m" : "4611686018429944504"
    }, {
      "d" : "1756456589432391032",
      "t" : 1756456589432,
      "tn" : 1756456589432391032,
      "q" : "15.1",
      "p" : "13.160",
      "s" : "buy",
      "i" : "INJUSD-PERP",
      "m" : "4611686018429944503"
    }, {
      "d" : "1756456589295644918",
      "t" : 1756456589295,
      "tn" : 1756456589295644918,
      "q" : "2.9",
      "p" : "13.160",
      "s" : "buy",
      "i" : "INJUSD-PERP",
      "m" : "4611686018429944502"
    }, {
      "d" : "1756456589295643573",
      "t" : 1756456589295,
      "tn" : 1756456589295643573,
      "q" : "0.1",
      "p" : "13.159",
      "s" : "buy",
      "i" : "INJUSD-PERP",
      "m" : "4611686018429944501"
    }, {
      "d" : "1756456587000008118",
      "t" : 1756456587000,
      "tn" : 1756456587000008118,
      "q" : "15.1",
      "p" : "13.160",
      "s" : "buy",
      "i" : "INJUSD-PERP",
      "m" : "4611686018429944500"
    }, {
      "d" : "1756456566544517067",
      "t" : 1756456566544,
      "tn" : 1756456566544517067,
      "q" : "0.1",
      "p" : "13.156",
      "s" : "sell",
      "i" : "INJUSD-PERP",
      "m" : "4611686018429944499"
    }, {
      "d" : "1756456270884415681",
      "t" : 1756456270884,
      "tn" : 1756456270884415681,
      "q" : "0.6",
      "p" : "13.166",
      "s" : "sell",
      "i" : "INJUSD-PERP",
      "m" : "4611686018429944498"
    }, {
      "d" : "1756456270884413077",
      "t" : 1756456270884,
      "tn" : 1756456270884413077,
      "q" : "0.1",
      "p" : "13.169",
      "s" : "sell",
      "i" : "INJUSD-PERP",
      "m" : "4611686018429944497"
    }, {
      "d" : "1756455908418740588",
      "t" : 1756455908418,
      "tn" : 1756455908418740588,
      "q" : "15.0",
      "p" : "13.195",
      "s" : "buy",
      "i" : "INJUSD-PERP",
      "m" : "4611686018429944496"
    }, {
      "d" : "1756455908418737673",
      "t" : 1756455908418,
      "tn" : 1756455908418737673,
      "q" : "0.1",
      "p" : "13.194",
      "s" : "buy",
      "i" : "INJUSD-PERP",
      "m" : "4611686018429944495"
    }, {
      "d" : "1756455743624598616",
      "t" : 1756455743624,
      "tn" : 1756455743624598616,
      "q" : "0.6",
      "p" : "13.215",
      "s" : "sell",
      "i" : "INJUSD-PERP",
      "m" : "4611686018429944494"
    }, {
      "d" : "1756455743624596123",
      "t" : 1756455743624,
      "tn" : 1756455743624596123,
      "q" : "0.1",
      "p" : "13.216",
      "s" : "sell",
      "i" : "INJUSD-PERP",
      "m" : "4611686018429944493"
    }, {
      "d" : "1756455743624592495",
      "t" : 1756455743624,
      "tn" : 1756455743624592495,
      "q" : "0.1",
      "p" : "13.220",
      "s" : "sell",
      "i" : "INJUSD-PERP",
      "m" : "4611686018429944492"
    }, {
      "d" : "1756455632445116650",
      "t" : 1756455632445,
      "tn" : 1756455632445116650,
      "q" : "0.1",
      "p" : "13.206",
      "s" : "sell",
      "i" : "INJUSD-PERP",
      "m" : "4611686018429944491"
    }, {
      "d" : "1756455632445114324",
      "t" : 1756455632445,
      "tn" : 1756455632445114324,
      "q" : "0.1",
      "p" : "13.210",
      "s" : "sell",
      "i" : "INJUSD-PERP",
      "m" : "4611686018429944490"
    }, {
      "d" : "1756455616344764144",
      "t" : 1756455616344,
      "tn" : 1756455616344764144,
      "q" : "0.6",
      "p" : "13.221",
      "s" : "sell",
      "i" : "INJUSD-PERP",
      "m" : "4611686018429944489"
    }, {
      "d" : "1756455616344761264",
      "t" : 1756455616344,
      "tn" : 1756455616344761264,
      "q" : "0.1",
      "p" : "13.223",
      "s" : "sell",
      "i" : "INJUSD-PERP",
      "m" : "4611686018429944488"
    }, {
      "d" : "1756455446464600814",
      "t" : 1756455446464,
      "tn" : 1756455446464600814,
      "q" : "0.1",
      "p" : "13.218",
      "s" : "sell",
      "i" : "INJUSD-PERP",
      "m" : "4611686018429944487"
    }, {
      "d" : "1756455365865895516",
      "t" : 1756455365865,
      "tn" : 1756455365865895516,
      "q" : "20.0",
      "p" : "13.253",
      "s" : "sell",
      "i" : "INJUSD-PERP",
      "m" : "4611686018429944486"
    }, {
      "d" : "1756455365865521554",
      "t" : 1756455365865,
      "tn" : 1756455365865521554,
      "q" : "5.3",
      "p" : "13.253",
      "s" : "sell",
      "i" : "INJUSD-PERP",
      "m" : "4611686018429944485"
    }, {
      "d" : "1756455365865027067",
      "t" : 1756455365865,
      "tn" : 1756455365865027067,
      "q" : "19.9",
      "p" : "13.253",
      "s" : "sell",
      "i" : "INJUSD-PERP",
      "m" : "4611686018429944484"
    }, {
      "d" : "1756455365865025196",
      "t" : 1756455365865,
      "tn" : 1756455365865025196,
      "q" : "0.1",
      "p" : "13.257",
      "s" : "sell",
      "i" : "INJUSD-PERP",
      "m" : "4611686018429944483"
    }, {
      "d" : "1756455354204321018",
      "t" : 1756455354204,
      "tn" : 1756455354204321018,
      "q" : "0.6",
      "p" : "13.253",
      "s" : "sell",
      "i" : "INJUSD-PERP",
      "m" : "4611686018429944482"
    }, {
      "d" : "1756455354204319156",
      "t" : 1756455354204,
      "tn" : 1756455354204319156,
      "q" : "0.1",
      "p" : "13.256",
      "s" : "sell",
      "i" : "INJUSD-PERP",
      "m" : "4611686018429944481"
    }, {
      "d" : "1756455349201779066",
      "t" : 1756455349201,
      "tn" : 1756455349201779066,
      "q" : "0.2",
      "p" : "13.255",
      "s" : "sell",
      "i" : "INJUSD-PERP",
      "m" : "4611686018429944480"
    }, {
      "d" : "1756455349195475978",
      "t" : 1756455349195,
      "tn" : 1756455349195475977,
      "q" : "0.1",
      "p" : "13.265",
      "s" : "sell",
      "i" : "INJUSD-PERP",
      "m" : "4611686018429944479"
    }, {
      "d" : "1756455349195475977",
      "t" : 1756455349195,
      "tn" : 1756455349195475977,
      "q" : "15.0",
      "p" : "13.265",
      "s" : "sell",
      "i" : "INJUSD-PERP",
      "m" : "4611686018429944479"
    }, {
      "d" : "1756455349195140676",
      "t" : 1756455349195,
      "tn" : 1756455349195140676,
      "q" : "22.1",
      "p" : "13.266",
      "s" : "sell",
      "i" : "INJUSD-PERP",
      "m" : "4611686018429944478"
    }, {
      "d" : "1756455349194939193",
      "t" : 1756455349194,
      "tn" : 1756455349194939193,
      "q" : "23.1",
      "p" : "13.266",
      "s" : "sell",
      "i" : "INJUSD-PERP",
      "m" : "4611686018429944477"
    }, {
      "d" : "1756455349194937184",
      "t" : 1756455349194,
      "tn" : 1756455349194937184,
      "q" : "0.1",
      "p" : "13.270",
      "s" : "sell",
      "i" : "INJUSD-PERP",
      "m" : "4611686018429944476"
    }, {
      "d" : "1756455305422640694",
      "t" : 1756455305422,
      "tn" : 1756455305422640694,
      "q" : "0.1",
      "p" : "13.279",
      "s" : "sell",
      "i" : "INJUSD-PERP",
      "m" : "4611686018429944475"
    }, {
      "d" : "1756455277515097057",
      "t" : 1756455277515,
      "tn" : 1756455277515097057,
      "q" : "0.1",
      "p" : "13.285",
      "s" : "sell",
      "i" : "INJUSD-PERP",
      "m" : "4611686018429944474"
    }, {
      "d" : "1756455197571441399",
      "t" : 1756455197571,
      "tn" : 1756455197571441399,
      "q" : "0.1",
      "p" : "13.281",
      "s" : "sell",
      "i" : "INJUSD-PERP",
      "m" : "4611686018429944473"
    }, {
      "d" : "1756455146706283240",
      "t" : 1756455146706,
      "tn" : 1756455146706283240,
      "q" : "3.1",
      "p" : "13.266",
      "s" : "buy",
      "i" : "INJUSD-PERP",
      "m" : "4611686018429944472"
    }, {
      "d" : "1756455146706280755",
      "t" : 1756455146706,
      "tn" : 1756455146706280754,
      "q" : "0.1",
      "p" : "13.263",
      "s" : "buy",
      "i" : "INJUSD-PERP",
      "m" : "4611686018429944471"
    }, {
      "d" : "1756455146706280754",
      "t" : 1756455146706,
      "tn" : 1756455146706280754,
      "q" : "0.1",
      "p" : "13.263",
      "s" : "buy",
      "i" : "INJUSD-PERP",
      "m" : "4611686018429944471"
    }, {
      "d" : "1756455145600636122",
      "t" : 1756455145600,
      "tn" : 1756455145600636122,
      "q" : "0.1",
      "p" : "13.263",
      "s" : "buy",
      "i" : "INJUSD-PERP",
      "m" : "4611686018429944470"
    }, {
      "d" : "1756455140580913186",
      "t" : 1756455140580,
      "tn" : 1756455140580913185,
      "q" : "0.1",
      "p" : "13.271",
      "s" : "buy",
      "i" : "INJUSD-PERP",
      "m" : "4611686018429944469"
    }, {
      "d" : "1756455140580913185",
      "t" : 1756455140580,
      "tn" : 1756455140580913185,
      "q" : "5.0",
      "p" : "13.271",
      "s" : "buy",
      "i" : "INJUSD-PERP",
      "m" : "4611686018429944469"
    }, {
      "d" : "1756455138681944244",
      "t" : 1756455138681,
      "tn" : 1756455138681944244,
      "q" : "0.1",
      "p" : "13.263",
      "s" : "buy",
      "i" : "INJUSD-PERP",
      "m" : "4611686018429944468"
    }, {
      "d" : "1756455137593545920",
      "t" : 1756455137593,
      "tn" : 1756455137593545920,
      "q" : "0.1",
      "p" : "13.264",
      "s" : "buy",
      "i" : "INJUSD-PERP",
      "m" : "4611686018429944467"
    }, {
      "d" : "1756455130340396173",
      "t" : 1756455130340,
      "tn" : 1756455130340396173,
      "q" : "0.1",
      "p" : "13.266",
      "s" : "buy",
      "i" : "INJUSD-PERP",
      "m" : "4611686018429944466"
    }, {
      "d" : "1756455121258221116",
      "t" : 1756455121258,
      "tn" : 1756455121258221116,
      "q" : "0.1",
      "p" : "13.266",
      "s" : "buy",
      "i" : "INJUSD-PERP",
      "m" : "4611686018429944465"
    }, {
      "d" : "1756455113340920659",
      "t" : 1756455113340,
      "tn" : 1756455113340920659,
      "q" : "0.1",
      "p" : "13.265",
      "s" : "buy",
      "i" : "INJUSD-PERP",
      "m" : "4611686018429944464"
    }, {
      "d" : "1756455113225873554",
      "t" : 1756455113225,
      "tn" : 1756455113225873554,
      "q" : "0.1",
      "p" : "13.265",
      "s" : "buy",
      "i" : "INJUSD-PERP",
      "m" : "4611686018429944463"
    }, {
      "d" : "1756455105293927709",
      "t" : 1756455105293,
      "tn" : 1756455105293927709,
      "q" : "0.1",
      "p" : "13.265",
      "s" : "buy",
      "i" : "INJUSD-PERP",
      "m" : "4611686018429944462"
    }, {
      "d" : "1756455105180850285",
      "t" : 1756455105180,
      "tn" : 1756455105180850285,
      "q" : "0.1",
      "p" : "13.265",
      "s" : "buy",
      "i" : "INJUSD-PERP",
      "m" : "4611686018429944461"
    }, {
      "d" : "1756455097270016563",
      "t" : 1756455097270,
      "tn" : 1756455097270016563,
      "q" : "0.1",
      "p" : "13.264",
      "s" : "buy",
      "i" : "INJUSD-PERP",
      "m" : "4611686018429944460"
    }, {
      "d" : "1756455097147965310",
      "t" : 1756455097147,
      "tn" : 1756455097147965310,
      "q" : "0.1",
      "p" : "13.266",
      "s" : "buy",
      "i" : "INJUSD-PERP",
      "m" : "4611686018429944459"
    }, {
      "d" : "1756455089143319673",
      "t" : 1756455089143,
      "tn" : 1756455089143319673,
      "q" : "0.1",
      "p" : "13.266",
      "s" : "buy",
      "i" : "INJUSD-PERP",
      "m" : "4611686018429944458"
    }, {
      "d" : "1756455084611797656",
      "t" : 1756455084611,
      "tn" : 1756455084611797656,
      "q" : "0.1",
      "p" : "13.274",
      "s" : "buy",
      "i" : "INJUSD-PERP",
      "m" : "4611686018429944457"
    }, {
      "d" : "1756455080492975915",
      "t" : 1756455080492,
      "tn" : 1756455080492975915,
      "q" : "0.1",
      "p" : "13.275",
      "s" : "buy",
      "i" : "INJUSD-PERP",
      "m" : "4611686018429944456"
    }, {
      "d" : "1756455076213868981",
      "t" : 1756455076213,
      "tn" : 1756455076213868981,
      "q" : "0.1",
      "p" : "13.262",
      "s" : "buy",
      "i" : "INJUSD-PERP",
      "m" : "4611686018429944455"
    }, {
      "d" : "1756455068615005883",
      "t" : 1756455068615,
      "tn" : 1756455068615005883,
      "q" : "0.1",
      "p" : "13.254",
      "s" : "buy",
      "i" : "INJUSD-PERP",
      "m" : "4611686018429944454"
    }, {
      "d" : "1756455067517504003",
      "t" : 1756455067517,
      "tn" : 1756455067517504003,
      "q" : "0.1",
      "p" : "13.254",
      "s" : "buy",
      "i" : "INJUSD-PERP",
      "m" : "4611686018429944453"
    }, {
      "d" : "1756455062029452691",
      "t" : 1756455062029,
      "tn" : 1756455062029452691,
      "q" : "2.0",
      "p" : "13.250",
      "s" : "sell",
      "i" : "INJUSD-PERP",
      "m" : "4611686018429944452"
    }, {
      "d" : "1756455062029157315",
      "t" : 1756455062029,
      "tn" : 1756455062029157315,
      "q" : "11.0",
      "p" : "13.250",
      "s" : "sell",
      "i" : "INJUSD-PERP",
      "m" : "4611686018429944451"
    }, {
      "d" : "1756455062028587877",
      "t" : 1756455062028,
      "tn" : 1756455062028587877,
      "q" : "2.0",
      "p" : "13.250",
      "s" : "sell",
      "i" : "INJUSD-PERP",
      "m" : "4611686018429944450"
    }, {
      "d" : "1756455062027715453",
      "t" : 1756455062027,
      "tn" : 1756455062027715453,
      "q" : "0.1",
      "p" : "13.252",
      "s" : "sell",
      "i" : "INJUSD-PERP",
      "m" : "4611686018429944449"
    }, {
      "d" : "1756455060611868362",
      "t" : 1756455060611,
      "tn" : 1756455060611868362,
      "q" : "0.1",
      "p" : "13.252",
      "s" : "buy",
      "i" : "INJUSD-PERP",
      "m" : "4611686018429944448"
    }, {
      "d" : "1756455054295047770",
      "t" : 1756455054295,
      "tn" : 1756455054295047770,
      "q" : "0.1",
      "p" : "13.252",
      "s" : "buy",
      "i" : "INJUSD-PERP",
      "m" : "4611686018429944447"
    }, {
      "d" : "1756455052235257432",
      "t" : 1756455052235,
      "tn" : 1756455052235257432,
      "q" : "0.1",
      "p" : "13.254",
      "s" : "buy",
      "i" : "INJUSD-PERP",
      "m" : "4611686018429944446"
    }, {
      "d" : "1756455047019649155",
      "t" : 1756455047019,
      "tn" : 1756455047019649154,
      "q" : "0.1",
      "p" : "13.261",
      "s" : "sell",
      "i" : "INJUSD-PERP",
      "m" : "4611686018429944445"
    }, {
      "d" : "1756455047019649154",
      "t" : 1756455047019,
      "tn" : 1756455047019649154,
      "q" : "5.0",
      "p" : "13.261",
      "s" : "sell",
      "i" : "INJUSD-PERP",
      "m" : "4611686018429944445"
    }, {
      "d" : "1756455046056947364",
      "t" : 1756455046056,
      "tn" : 1756455046056947364,
      "q" : "0.1",
      "p" : "13.270",
      "s" : "sell",
      "i" : "INJUSD-PERP",
      "m" : "4611686018429944444"
    }, {
      "d" : "1756455042755140879",
      "t" : 1756455042755,
      "tn" : 1756455042755140879,
      "q" : "0.1",
      "p" : "13.273",
      "s" : "buy",
      "i" : "INJUSD-PERP",
      "m" : "4611686018429944443"
    }, {
      "d" : "1756455042601434904",
      "t" : 1756455042601,
      "tn" : 1756455042601434904,
      "q" : "0.1",
      "p" : "13.274",
      "s" : "buy",
      "i" : "INJUSD-PERP",
      "m" : "4611686018429944442"
    }, {
      "d" : "1756455042363610154",
      "t" : 1756455042363,
      "tn" : 1756455042363610154,
      "q" : "0.1",
      "p" : "13.275",
      "s" : "sell",
      "i" : "INJUSD-PERP",
      "m" : "4611686018429944441"
    }, {
      "d" : "1756455041908747573",
      "t" : 1756455041908,
      "tn" : 1756455041908747573,
      "q" : "0.1",
      "p" : "13.279",
      "s" : "sell",
      "i" : "INJUSD-PERP",
      "m" : "4611686018429944440"
    }, {
      "d" : "1756455038210086204",
      "t" : 1756455038210,
      "tn" : 1756455038210086204,
      "q" : "0.1",
      "p" : "13.279",
      "s" : "sell",
      "i" : "INJUSD-PERP",
      "m" : "4611686018429944439"
    }, {
      "d" : "1756455037604733993",
      "t" : 1756455037604,
      "tn" : 1756455037604733993,
      "q" : "0.9",
      "p" : "13.277",
      "s" : "sell",
      "i" : "INJUSD-PERP",
      "m" : "4611686018429944438"
    }, {
      "d" : "1756455037604730348",
      "t" : 1756455037604,
      "tn" : 1756455037604730348,
      "q" : "0.1",
      "p" : "13.279",
      "s" : "sell",
      "i" : "INJUSD-PERP",
      "m" : "4611686018429944437"
    }, {
      "d" : "1756455033390031759",
      "t" : 1756455033390,
      "tn" : 1756455033390031759,
      "q" : "0.1",
      "p" : "13.275",
      "s" : "sell",
      "i" : "INJUSD-PERP",
      "m" : "4611686018429944436"
    }, {
      "d" : "1756455032851099399",
      "t" : 1756455032851,
      "tn" : 1756455032851099399,
      "q" : "0.1",
      "p" : "13.276",
      "s" : "sell",
      "i" : "INJUSD-PERP",
      "m" : "4611686018429944435"
    }, {
      "d" : "1756455032511102932",
      "t" : 1756455032511,
      "tn" : 1756455032511102932,
      "q" : "0.1",
      "p" : "13.281",
      "s" : "sell",
      "i" : "INJUSD-PERP",
      "m" : "4611686018429944434"
    }, {
      "d" : "1756455030535451349",
      "t" : 1756455030535,
      "tn" : 1756455030535451349,
      "q" : "0.1",
      "p" : "13.286",
      "s" : "buy",
      "i" : "INJUSD-PERP",
      "m" : "4611686018429944433"
    }, {
      "d" : "1756455028441631506",
      "t" : 1756455028441,
      "tn" : 1756455028441631506,
      "q" : "0.1",
      "p" : "13.287",
      "s" : "buy",
      "i" : "INJUSD-PERP",
      "m" : "4611686018429944432"
    }, {
      "d" : "1756455021064756044",
      "t" : 1756455021064,
      "tn" : 1756455021064756044,
      "q" : "0.1",
      "p" : "13.295",
      "s" : "buy",
      "i" : "INJUSD-PERP",
      "m" : "4611686018429944431"
    } ]
  }
}