{
  "id" : -1,
  "method" : "public/get-trades",
  "code" : 0,
  "result" : {
    "data" : [ {
      "d" : "1756455441508133847",
      "t" : 1756455441508,
      "tn" : 1756455441508133847,
      "q" : "60.4",
      "p" : "0.5914",
      "s" : "sell",
      "i" : "IO_USDT",
      "m" : "4611686018428005001"
    }, {
      "d" : "1756454393800569200",
      "t" : 1756454393800,
      "tn" : 1756454393800569200,
      "q" : "37.0",
      "p" : "0.5940",
      "s" : "sell",
      "i" : "IO_USDT",
      "m" : "4611686018428005000"
    }, {
      "d" : "1756454393800567910",
      "t" : 1756454393800,
      "tn" : 1756454393800567910,
      "q" : "300.0",
      "p" : "0.5943",
      "s" : "sell",
      "i" : "IO_USDT",
      "m" : "4611686018428004999"
    }, {
      "d" : "1756454393799805936",
      "t" : 1756454393799,
      "tn" : 1756454393799805936,
      "q" : "554.2",
      "p" : "0.5944",
      "s" : "sell",
      "i" : "IO_USDT",
      "m" : "4611686018428004998"
    }, {
      "d" : "1756451391894892366",
      "t" : 1756451391894,
      "tn" : 1756451391894892366,
      "q" : "100.0",
      "p" : "0.6065",
      "s" : "buy",
      "i" : "IO_USDT",
      "m" : "4611686018428004997"
    }, {
      "d" : "1756446031673076854",
      "t" : 1756446031673,
      "tn" : 1756446031673076854,
      "q" : "300.0",
      "p" : "0.6178",
      "s" : "sell",
      "i" : "IO_USDT",
      "m" : "4611686018428004996"
    }, {
      "d" : "1756444235720060499",
      "t" : 1756444235720,
      "tn" : 1756444235720060499,
      "q" : "100.0",
      "p" : "0.6200",
      "s" : "sell",
      "i" : "IO_USDT",
      "m" : "4611686018428004995"
    }, {
      "d" : "1756443996306119453",
      "t" : 1756443996306,
      "tn" : 1756443996306119453,
      "q" : "64.2",
      "p" : "0.6218",
      "s" : "sell",
      "i" : "IO_USDT",
      "m" : "4611686018428004994"
    }, {
      "d" : "1756442642604963581",
      "t" : 1756442642604,
      "tn" : 1756442642604963581,
      "q" : "23.4",
      "p" : "0.6248",
      "s" : "sell",
      "i" : "IO_USDT",
      "m" : "4611686018428004993"
    }, {
      "d" : "1756440782421125031",
      "t" : 1756440782421,
      "tn" : 1756440782421125031,
      "q" : "600.0",
      "p" : "0.6233",
      "s" : "buy",
      "i" : "IO_USDT",
      "m" : "4611686018428004992"
    }, {
      "d" : "1756440365784049981",
      "t" : 1756440365784,
      "tn" : 1756440365784049981,
      "q" : "1441.2",
      "p" : "0.6191",
      "s" : "buy",
      "i" : "IO_USDT",
      "m" : "4611686018428004991"
    }, {
      "d" : "1756440365784047981",
      "t" : 1756440365784,
      "tn" : 1756440365784047981,
      "q" : "205.0",
      "p" : "0.6190",
      "s" : "buy",
      "i" : "IO_USDT",
      "m" : "4611686018428004990"
    }, {
      "d" : "1756440365784045352",
      "t" : 1756440365784,
      "tn" : 1756440365784045352,
      "q" : "205.0",
      "p" : "0.6186",
      "s" : "buy",
      "i" : "IO_USDT",
      "m" : "4611686018428004989"
    }, {
      "d" : "1756440365784043084",
      "t" : 1756440365784,
      "tn" : 1756440365784043084,
      "q" : "205.0",
      "p" : "0.6178",
      "s" : "buy",
      "i" : "IO_USDT",
      "m" : "4611686018428004988"
    }, {
      "d" : "1756440365784040005",
      "t" : 1756440365784,
      "tn" : 1756440365784040004,
      "q" : "554.2",
      "p" : "0.6173",
      "s" : "buy",
      "i" : "IO_USDT",
      "m" : "4611686018428004987"
    }, {
      "d" : "1756440365784040004",
      "t" : 1756440365784,
      "tn" : 1756440365784040004,
      "q" : "300.0",
      "p" : "0.6173",
      "s" : "buy",
      "i" : "IO_USDT",
      "m" : "4611686018428004987"
    }, {
      "d" : "1756391290092456364",
      "t" : 1756391290092,
      "tn" : 1756391290092456364,
      "q" : "142.7",
      "p" : "0.6221",
      "s" : "buy",
      "i" : "IO_USDT",
      "m" : "4611686018428004986"
    }, {
      "d" : "1756391286618100734",
      "t" : 1756391286618,
      "tn" : 1756391286618100734,
      "q" : "300.0",
      "p" : "0.6221",
      "s" : "buy",
      "i" : "IO_USDT",
      "m" : "4611686018428004985"
    }, {
      "d" : "1756390697452945151",
      "t" : 1756390697452,
      "tn" : 1756390697452945151,
      "q" : "1057.6",
      "p" : "0.6248",
      "s" : "buy",
      "i" : "IO_USDT",
      "m" : "4611686018428004984"
    }, {
      "d" : "1756388544322816073",
      "t" : 1756388544322,
      "tn" : 1756388544322816073,
      "q" : "541.9",
      "p" : "0.6113",
      "s" : "buy",
      "i" : "IO_USDT",
      "m" : "4611686018428004983"
    }, {
      "d" : "1756388544206736814",
      "t" : 1756388544206,
      "tn" : 1756388544206736814,
      "q" : "700.0",
      "p" : "0.6113",
      "s" : "buy",
      "i" : "IO_USDT",
      "m" : "4611686018428004982"
    }, {
      "d" : "1756388543992253784",
      "t" : 1756388543992,
      "tn" : 1756388543992253784,
      "q" : "758.7",
      "p" : "0.6108",
      "s" : "buy",
      "i" : "IO_USDT",
      "m" : "4611686018428004981"
    }, {
      "d" : "1756388543992249817",
      "t" : 1756388543992,
      "tn" : 1756388543992249817,
      "q" : "700.0",
      "p" : "0.6108",
      "s" : "buy",
      "i" : "IO_USDT",
      "m" : "4611686018428004980"
    }, {
      "d" : "1756384329655204070",
      "t" : 1756384329655,
      "tn" : 1756384329655204070,
      "q" : "171.0",
      "p" : "0.6099",
      "s" : "sell",
      "i" : "IO_USDT",
      "m" : "4611686018428004979"
    }, {
      "d" : "1756384294641864199",
      "t" : 1756384294641,
      "tn" : 1756384294641864199,
      "q" : "400.0",
      "p" : "0.6099",
      "s" : "buy",
      "i" : "IO_USDT",
      "m" : "4611686018428004978"
    }, {
      "d" : "1756381441483416379",
      "t" : 1756381441483,
      "tn" : 1756381441483416379,
      "q" : "300.0",
      "p" : "0.6081",
      "s" : "sell",
      "i" : "IO_USDT",
      "m" : "4611686018428004977"
    }, {
      "d" : "1756380526036699068",
      "t" : 1756380526036,
      "tn" : 1756380526036699068,
      "q" : "919.9",
      "p" : "0.6072",
      "s" : "sell",
      "i" : "IO_USDT",
      "m" : "4611686018428004976"
    }, {
      "d" : "1756380526036512437",
      "t" : 1756380526036,
      "tn" : 1756380526036512437,
      "q" : "25.7",
      "p" : "0.6072",
      "s" : "sell",
      "i" : "IO_USDT",
      "m" : "4611686018428004975"
    }, {
      "d" : "1756380526033312915",
      "t" : 1756380526033,
      "tn" : 1756380526033312914,
      "q" : "167.0",
      "p" : "0.6078",
      "s" : "sell",
      "i" : "IO_USDT",
      "m" : "4611686018428004974"
    }, {
      "d" : "1756380526033312914",
      "t" : 1756380526033,
      "tn" : 1756380526033312914,
      "q" : "984.9",
      "p" : "0.6078",
      "s" : "sell",
      "i" : "IO_USDT",
      "m" : "4611686018428004974"
    }, {
      "d" : "1756380526026824871",
      "t" : 1756380526026,
      "tn" : 1756380526026824871,
      "q" : "164.0",
      "p" : "0.6084",
      "s" : "sell",
      "i" : "IO_USDT",
      "m" : "4611686018428004973"
    }, {
      "d" : "1756380381841798940",
      "t" : 1756380381841,
      "tn" : 1756380381841798940,
      "q" : "10.9",
      "p" : "0.6128",
      "s" : "sell",
      "i" : "IO_USDT",
      "m" : "4611686018428004972"
    }, {
      "d" : "1756380381835459766",
      "t" : 1756380381835,
      "tn" : 1756380381835459766,
      "q" : "1403.4",
      "p" : "0.6128",
      "s" : "sell",
      "i" : "IO_USDT",
      "m" : "4611686018428004971"
    }, {
      "d" : "1756380381835457722",
      "t" : 1756380381835,
      "tn" : 1756380381835457722,
      "q" : "205.0",
      "p" : "0.6139",
      "s" : "sell",
      "i" : "IO_USDT",
      "m" : "4611686018428004970"
    }, {
      "d" : "1756380381835454888",
      "t" : 1756380381835,
      "tn" : 1756380381835454888,
      "q" : "557.8",
      "p" : "0.6140",
      "s" : "sell",
      "i" : "IO_USDT",
      "m" : "4611686018428004969"
    }, {
      "d" : "1756375358641749377",
      "t" : 1756375358641,
      "tn" : 1756375358641749377,
      "q" : "8.1",
      "p" : "0.6089",
      "s" : "buy",
      "i" : "IO_USDT",
      "m" : "4611686018428004968"
    } ]
  }
}