{
  "id" : -1,
  "method" : "public/get-trades",
  "code" : 0,
  "result" : {
    "data" : [ {
      "d" : "1756460963990151510",
      "t" : 1756460963990,
      "tn" : 1756460963990151510,
      "q" : "504.3",
      "p" : "0.5915",
      "s" : "buy",
      "i" : "IO_USD",
      "m" : "4611686018428110814"
    }, {
      "d" : "1756459134364363505",
      "t" : 1756459134364,
      "tn" : 1756459134364363505,
      "q" : "125.7",
      "p" : "0.5873",
      "s" : "sell",
      "i" : "IO_USD",
      "m" : "4611686018428110813"
    }, {
      "d" : "1756459134364361664",
      "t" : 1756459134364,
      "tn" : 1756459134364361664,
      "q" : "348.6",
      "p" : "0.5874",
      "s" : "sell",
      "i" : "IO_USD",
      "m" : "4611686018428110812"
    }, {
      "d" : "1756459134364359914",
      "t" : 1756459134364,
      "tn" : 1756459134364359914,
      "q" : "17.0",
      "p" : "0.5887",
      "s" : "sell",
      "i" : "IO_USD",
      "m" : "4611686018428110811"
    }, {
      "d" : "1756459134363014711",
      "t" : 1756459134363,
      "tn" : 1756459134363014711,
      "q" : "17.0",
      "p" : "0.5887",
      "s" : "sell",
      "i" : "IO_USD",
      "m" : "4611686018428110810"
    }, {
      "d" : "1756454393799732313",
      "t" : 1756454393799,
      "tn" : 1756454393799732312,
      "q" : "570.0",
      "p" : "0.5929",
      "s" : "sell",
      "i" : "IO_USD",
      "m" : "4611686018428110809"
    }, {
      "d" : "1756454393799732312",
      "t" : 1756454393799,
      "tn" : 1756454393799732312,
      "q" : "380.0",
      "p" : "0.5929",
      "s" : "sell",
      "i" : "IO_USD",
      "m" : "4611686018428110809"
    }, {
      "d" : "1756454393799729212",
      "t" : 1756454393799,
      "tn" : 1756454393799729212,
      "q" : "950.0",
      "p" : "0.5933",
      "s" : "sell",
      "i" : "IO_USD",
      "m" : "4611686018428110808"
    }, {
      "d" : "1756454393799727198",
      "t" : 1756454393799,
      "tn" : 1756454393799727198,
      "q" : "400.0",
      "p" : "0.5935",
      "s" : "sell",
      "i" : "IO_USD",
      "m" : "4611686018428110807"
    }, {
      "d" : "1756454393799724484",
      "t" : 1756454393799,
      "tn" : 1756454393799724484,
      "q" : "123.6",
      "p" : "0.5941",
      "s" : "sell",
      "i" : "IO_USD",
      "m" : "4611686018428110806"
    }, {
      "d" : "1756454393799414956",
      "t" : 1756454393799,
      "tn" : 1756454393799414956,
      "q" : "636.4",
      "p" : "0.5941",
      "s" : "sell",
      "i" : "IO_USD",
      "m" : "4611686018428110805"
    }, {
      "d" : "1756453059737853175",
      "t" : 1756453059737,
      "tn" : 1756453059737853175,
      "q" : "16.8",
      "p" : "0.5967",
      "s" : "sell",
      "i" : "IO_USD",
      "m" : "4611686018428110804"
    }, {
      "d" : "1756453059732554611",
      "t" : 1756453059732,
      "tn" : 1756453059732554611,
      "q" : "400.0",
      "p" : "0.5966",
      "s" : "sell",
      "i" : "IO_USD",
      "m" : "4611686018428110803"
    }, {
      "d" : "1756453059732551895",
      "t" : 1756453059732,
      "tn" : 1756453059732551895,
      "q" : "16.8",
      "p" : "0.5967",
      "s" : "sell",
      "i" : "IO_USD",
      "m" : "4611686018428110802"
    }, {
      "d" : "1756452357344785878",
      "t" : 1756452357344,
      "tn" : 1756452357344785878,
      "q" : "99.0",
      "p" : "0.5984",
      "s" : "sell",
      "i" : "IO_USD",
      "m" : "4611686018428110801"
    }, {
      "d" : "1756452357342949898",
      "t" : 1756452357342,
      "tn" : 1756452357342949898,
      "q" : "0.8",
      "p" : "0.5984",
      "s" : "sell",
      "i" : "IO_USD",
      "m" : "4611686018428110800"
    }, {
      "d" : "1756452357342948509",
      "t" : 1756452357342,
      "tn" : 1756452357342948509,
      "q" : "400.0",
      "p" : "0.5989",
      "s" : "sell",
      "i" : "IO_USD",
      "m" : "4611686018428110799"
    }, {
      "d" : "1756451706031613422",
      "t" : 1756451706031,
      "tn" : 1756451706031613422,
      "q" : "501.1",
      "p" : "0.5994",
      "s" : "sell",
      "i" : "IO_USD",
      "m" : "4611686018428110798"
    }, {
      "d" : "1756451688543024092",
      "t" : 1756451688543,
      "tn" : 1756451688543024092,
      "q" : "503.1",
      "p" : "0.5994",
      "s" : "sell",
      "i" : "IO_USD",
      "m" : "4611686018428110797"
    }, {
      "d" : "1756451405066317977",
      "t" : 1756451405066,
      "tn" : 1756451405066317977,
      "q" : "600.0",
      "p" : "0.6080",
      "s" : "buy",
      "i" : "IO_USD",
      "m" : "4611686018428110796"
    }, {
      "d" : "1756451391894769733",
      "t" : 1756451391894,
      "tn" : 1756451391894769733,
      "q" : "400.0",
      "p" : "0.6061",
      "s" : "buy",
      "i" : "IO_USD",
      "m" : "4611686018428110795"
    }, {
      "d" : "1756451311986815259",
      "t" : 1756451311986,
      "tn" : 1756451311986815259,
      "q" : "497.1",
      "p" : "0.6025",
      "s" : "sell",
      "i" : "IO_USD",
      "m" : "4611686018428110794"
    }, {
      "d" : "1756449499566343485",
      "t" : 1756449499566,
      "tn" : 1756449499566343485,
      "q" : "288.6",
      "p" : "0.6138",
      "s" : "buy",
      "i" : "IO_USD",
      "m" : "4611686018428110793"
    }, {
      "d" : "1756449499566341422",
      "t" : 1756449499566,
      "tn" : 1756449499566341422,
      "q" : "16.4",
      "p" : "0.6137",
      "s" : "buy",
      "i" : "IO_USD",
      "m" : "4611686018428110792"
    }, {
      "d" : "1756447244388219447",
      "t" : 1756447244388,
      "tn" : 1756447244388219447,
      "q" : "16.2",
      "p" : "0.6190",
      "s" : "buy",
      "i" : "IO_USD",
      "m" : "4611686018428110791"
    }, {
      "d" : "1756446900368562976",
      "t" : 1756446900368,
      "tn" : 1756446900368562976,
      "q" : "16.2",
      "p" : "0.6181",
      "s" : "buy",
      "i" : "IO_USD",
      "m" : "4611686018428110790"
    }, {
      "d" : "1756443142594351563",
      "t" : 1756443142594,
      "tn" : 1756443142594351563,
      "q" : "934.5",
      "p" : "0.6260",
      "s" : "sell",
      "i" : "IO_USD",
      "m" : "4611686018428110789"
    }, {
      "d" : "1756443142594349924",
      "t" : 1756443142594,
      "tn" : 1756443142594349924,
      "q" : "16.0",
      "p" : "0.6261",
      "s" : "sell",
      "i" : "IO_USD",
      "m" : "4611686018428110788"
    }, {
      "d" : "1756442770634967105",
      "t" : 1756442770634,
      "tn" : 1756442770634967105,
      "q" : "500.0",
      "p" : "0.6260",
      "s" : "buy",
      "i" : "IO_USD",
      "m" : "4611686018428110787"
    }, {
      "d" : "1756440790359071193",
      "t" : 1756440790359,
      "tn" : 1756440790359071193,
      "q" : "136.7",
      "p" : "0.6224",
      "s" : "sell",
      "i" : "IO_USD",
      "m" : "4611686018428110786"
    }, {
      "d" : "1756440790359068772",
      "t" : 1756440790359,
      "tn" : 1756440790359068772,
      "q" : "16.1",
      "p" : "0.6225",
      "s" : "sell",
      "i" : "IO_USD",
      "m" : "4611686018428110785"
    }, {
      "d" : "1756440782420904670",
      "t" : 1756440782420,
      "tn" : 1756440782420904670,
      "q" : "233.1",
      "p" : "0.6231",
      "s" : "buy",
      "i" : "IO_USD",
      "m" : "4611686018428110784"
    }, {
      "d" : "1756440782366331523",
      "t" : 1756440782366,
      "tn" : 1756440782366331523,
      "q" : "600.0",
      "p" : "0.6231",
      "s" : "buy",
      "i" : "IO_USD",
      "m" : "4611686018428110783"
    }, {
      "d" : "1756440782344441230",
      "t" : 1756440782344,
      "tn" : 1756440782344441230,
      "q" : "223.1",
      "p" : "0.6230",
      "s" : "buy",
      "i" : "IO_USD",
      "m" : "4611686018428110782"
    }, {
      "d" : "1756440365793180312",
      "t" : 1756440365793,
      "tn" : 1756440365793180312,
      "q" : "210.2",
      "p" : "0.6217",
      "s" : "buy",
      "i" : "IO_USD",
      "m" : "4611686018428110781"
    }, {
      "d" : "1756440365792755951",
      "t" : 1756440365792,
      "tn" : 1756440365792755951,
      "q" : "47.9",
      "p" : "0.6217",
      "s" : "buy",
      "i" : "IO_USD",
      "m" : "4611686018428110780"
    }, {
      "d" : "1756440365792754319",
      "t" : 1756440365792,
      "tn" : 1756440365792754319,
      "q" : "31.3",
      "p" : "0.6216",
      "s" : "buy",
      "i" : "IO_USD",
      "m" : "4611686018428110779"
    }, {
      "d" : "1756440365785797370",
      "t" : 1756440365785,
      "tn" : 1756440365785797370,
      "q" : "16.3",
      "p" : "0.6177",
      "s" : "buy",
      "i" : "IO_USD",
      "m" : "4611686018428110778"
    }, {
      "d" : "1756440365784062451",
      "t" : 1756440365784,
      "tn" : 1756440365784062450,
      "q" : "570.0",
      "p" : "0.6191",
      "s" : "buy",
      "i" : "IO_USD",
      "m" : "4611686018428110777"
    }, {
      "d" : "1756440365784062450",
      "t" : 1756440365784,
      "tn" : 1756440365784062450,
      "q" : "380.0",
      "p" : "0.6191",
      "s" : "buy",
      "i" : "IO_USD",
      "m" : "4611686018428110777"
    }, {
      "d" : "1756440365784059418",
      "t" : 1756440365784,
      "tn" : 1756440365784059417,
      "q" : "950.0",
      "p" : "0.6187",
      "s" : "buy",
      "i" : "IO_USD",
      "m" : "4611686018428110776"
    }, {
      "d" : "1756440365784059417",
      "t" : 1756440365784,
      "tn" : 1756440365784059417,
      "q" : "1114.9",
      "p" : "0.6187",
      "s" : "buy",
      "i" : "IO_USD",
      "m" : "4611686018428110776"
    }, {
      "d" : "1756440365784055712",
      "t" : 1756440365784,
      "tn" : 1756440365784055711,
      "q" : "760.0",
      "p" : "0.6179",
      "s" : "buy",
      "i" : "IO_USD",
      "m" : "4611686018428110775"
    }, {
      "d" : "1756440365784055711",
      "t" : 1756440365784,
      "tn" : 1756440365784055711,
      "q" : "1266.0",
      "p" : "0.6179",
      "s" : "buy",
      "i" : "IO_USD",
      "m" : "4611686018428110775"
    }, {
      "d" : "1756440365783977213",
      "t" : 1756440365783,
      "tn" : 1756440365783977213,
      "q" : "16.3",
      "p" : "0.6178",
      "s" : "buy",
      "i" : "IO_USD",
      "m" : "4611686018428110774"
    }, {
      "d" : "1756440365783973410",
      "t" : 1756440365783,
      "tn" : 1756440365783973410,
      "q" : "378.3",
      "p" : "0.6178",
      "s" : "buy",
      "i" : "IO_USD",
      "m" : "4611686018428110773"
    }, {
      "d" : "1756440365783783768",
      "t" : 1756440365783,
      "tn" : 1756440365783783768,
      "q" : "405.4",
      "p" : "0.6178",
      "s" : "buy",
      "i" : "IO_USD",
      "m" : "4611686018428110772"
    }, {
      "d" : "1756440365783781934",
      "t" : 1756440365783,
      "tn" : 1756440365783781934,
      "q" : "16.3",
      "p" : "0.6177",
      "s" : "buy",
      "i" : "IO_USD",
      "m" : "4611686018428110771"
    }, {
      "d" : "1756424553253271892",
      "t" : 1756424553253,
      "tn" : 1756424553253271892,
      "q" : "555.0",
      "p" : "0.6169",
      "s" : "sell",
      "i" : "IO_USD",
      "m" : "4611686018428110770"
    }, {
      "d" : "1756423618990608341",
      "t" : 1756423618990,
      "tn" : 1756423618990608341,
      "q" : "193.6",
      "p" : "0.6139",
      "s" : "sell",
      "i" : "IO_USD",
      "m" : "4611686018428110769"
    }, {
      "d" : "1756422307541160537",
      "t" : 1756422307541,
      "tn" : 1756422307541160537,
      "q" : "700.0",
      "p" : "0.6149",
      "s" : "sell",
      "i" : "IO_USD",
      "m" : "4611686018428110768"
    }, {
      "d" : "1756422192375925199",
      "t" : 1756422192375,
      "tn" : 1756422192375925199,
      "q" : "100.0",
      "p" : "0.6148",
      "s" : "sell",
      "i" : "IO_USD",
      "m" : "4611686018428110767"
    }, {
      "d" : "1756421021421292794",
      "t" : 1756421021421,
      "tn" : 1756421021421292794,
      "q" : "16.3",
      "p" : "0.6160",
      "s" : "sell",
      "i" : "IO_USD",
      "m" : "4611686018428110766"
    }, {
      "d" : "1756420815989625000",
      "t" : 1756420815989,
      "tn" : 1756420815989625000,
      "q" : "700.0",
      "p" : "0.6169",
      "s" : "sell",
      "i" : "IO_USD",
      "m" : "4611686018428110765"
    }, {
      "d" : "1756419842776772099",
      "t" : 1756419842776,
      "tn" : 1756419842776772099,
      "q" : "189.8",
      "p" : "0.6173",
      "s" : "buy",
      "i" : "IO_USD",
      "m" : "4611686018428110764"
    }, {
      "d" : "1756419842776377324",
      "t" : 1756419842776,
      "tn" : 1756419842776377324,
      "q" : "296.6",
      "p" : "0.6173",
      "s" : "buy",
      "i" : "IO_USD",
      "m" : "4611686018428110763"
    }, {
      "d" : "1756419842771994423",
      "t" : 1756419842771,
      "tn" : 1756419842771994423,
      "q" : "950.0",
      "p" : "0.6168",
      "s" : "buy",
      "i" : "IO_USD",
      "m" : "4611686018428110762"
    }, {
      "d" : "1756419842771991859",
      "t" : 1756419842771,
      "tn" : 1756419842771991859,
      "q" : "760.1",
      "p" : "0.6167",
      "s" : "buy",
      "i" : "IO_USD",
      "m" : "4611686018428110761"
    }, {
      "d" : "1756419842771253948",
      "t" : 1756419842771,
      "tn" : 1756419842771253948,
      "q" : "377.9",
      "p" : "0.6167",
      "s" : "buy",
      "i" : "IO_USD",
      "m" : "4611686018428110760"
    }, {
      "d" : "1756419842771251635",
      "t" : 1756419842771,
      "tn" : 1756419842771251635,
      "q" : "16.3",
      "p" : "0.6166",
      "s" : "buy",
      "i" : "IO_USD",
      "m" : "4611686018428110759"
    }, {
      "d" : "1756418634145429441",
      "t" : 1756418634145,
      "tn" : 1756418634145429441,
      "q" : "487.5",
      "p" : "0.6123",
      "s" : "buy",
      "i" : "IO_USD",
      "m" : "4611686018428110758"
    }, {
      "d" : "1756418634141144518",
      "t" : 1756418634141,
      "tn" : 1756418634141144518,
      "q" : "700.0",
      "p" : "0.6114",
      "s" : "buy",
      "i" : "IO_USD",
      "m" : "4611686018428110757"
    }, {
      "d" : "1756418634141141445",
      "t" : 1756418634141,
      "tn" : 1756418634141141445,
      "q" : "16.4",
      "p" : "0.6113",
      "s" : "buy",
      "i" : "IO_USD",
      "m" : "4611686018428110756"
    }, {
      "d" : "1756415106658133387",
      "t" : 1756415106658,
      "tn" : 1756415106658133387,
      "q" : "599.8",
      "p" : "0.6038",
      "s" : "sell",
      "i" : "IO_USD",
      "m" : "4611686018428110755"
    }, {
      "d" : "1756414331261085987",
      "t" : 1756414331261,
      "tn" : 1756414331261085987,
      "q" : "16.6",
      "p" : "0.6048",
      "s" : "sell",
      "i" : "IO_USD",
      "m" : "4611686018428110754"
    }, {
      "d" : "1756414257738139933",
      "t" : 1756414257738,
      "tn" : 1756414257738139933,
      "q" : "16.6",
      "p" : "0.6051",
      "s" : "buy",
      "i" : "IO_USD",
      "m" : "4611686018428110753"
    }, {
      "d" : "1756414001561554256",
      "t" : 1756414001561,
      "tn" : 1756414001561554256,
      "q" : "100.0",
      "p" : "0.6058",
      "s" : "sell",
      "i" : "IO_USD",
      "m" : "4611686018428110752"
    }, {
      "d" : "1756411934353839705",
      "t" : 1756411934353,
      "tn" : 1756411934353839705,
      "q" : "700.0",
      "p" : "0.6009",
      "s" : "buy",
      "i" : "IO_USD",
      "m" : "4611686018428110751"
    }, {
      "d" : "1756411811284746653",
      "t" : 1756411811284,
      "tn" : 1756411811284746653,
      "q" : "700.0",
      "p" : "0.5998",
      "s" : "sell",
      "i" : "IO_USD",
      "m" : "4611686018428110750"
    }, {
      "d" : "1756400397677387996",
      "t" : 1756400397677,
      "tn" : 1756400397677387996,
      "q" : "496.8",
      "p" : "0.6048",
      "s" : "sell",
      "i" : "IO_USD",
      "m" : "4611686018428110749"
    }, {
      "d" : "1756400366925813994",
      "t" : 1756400366925,
      "tn" : 1756400366925813994,
      "q" : "566.5",
      "p" : "0.6067",
      "s" : "sell",
      "i" : "IO_USD",
      "m" : "4611686018428110748"
    }, {
      "d" : "1756398977004170862",
      "t" : 1756398977004,
      "tn" : 1756398977004170862,
      "q" : "81.6",
      "p" : "0.6158",
      "s" : "sell",
      "i" : "IO_USD",
      "m" : "4611686018428110747"
    }, {
      "d" : "1756397286027267735",
      "t" : 1756397286027,
      "tn" : 1756397286027267735,
      "q" : "486.9",
      "p" : "0.6183",
      "s" : "sell",
      "i" : "IO_USD",
      "m" : "4611686018428110746"
    }, {
      "d" : "1756397028436988332",
      "t" : 1756397028436,
      "tn" : 1756397028436988332,
      "q" : "81.7",
      "p" : "0.6171",
      "s" : "buy",
      "i" : "IO_USD",
      "m" : "4611686018428110745"
    }, {
      "d" : "1756396236312324725",
      "t" : 1756396236312,
      "tn" : 1756396236312324725,
      "q" : "489.0",
      "p" : "0.6130",
      "s" : "sell",
      "i" : "IO_USD",
      "m" : "4611686018428110744"
    }, {
      "d" : "1756394520720494719",
      "t" : 1756394520720,
      "tn" : 1756394520720494719,
      "q" : "383.6",
      "p" : "0.6198",
      "s" : "sell",
      "i" : "IO_USD",
      "m" : "4611686018428110743"
    }, {
      "d" : "1756394517010398656",
      "t" : 1756394517010,
      "tn" : 1756394517010398656,
      "q" : "16.2",
      "p" : "0.6199",
      "s" : "sell",
      "i" : "IO_USD",
      "m" : "4611686018428110742"
    }, {
      "d" : "1756394445158234568",
      "t" : 1756394445158,
      "tn" : 1756394445158234568,
      "q" : "400.0",
      "p" : "0.6199",
      "s" : "buy",
      "i" : "IO_USD",
      "m" : "4611686018428110741"
    }, {
      "d" : "1756393526740946799",
      "t" : 1756393526740,
      "tn" : 1756393526740946799,
      "q" : "280.0",
      "p" : "0.6193",
      "s" : "sell",
      "i" : "IO_USD",
      "m" : "4611686018428110740"
    }, {
      "d" : "1756393429699635646",
      "t" : 1756393429699,
      "tn" : 1756393429699635646,
      "q" : "62.9",
      "p" : "0.6220",
      "s" : "sell",
      "i" : "IO_USD",
      "m" : "4611686018428110739"
    }, {
      "d" : "1756392294943573879",
      "t" : 1756392294943,
      "tn" : 1756392294943573879,
      "q" : "270.7",
      "p" : "0.6263",
      "s" : "buy",
      "i" : "IO_USD",
      "m" : "4611686018428110738"
    }, {
      "d" : "1756392294943571830",
      "t" : 1756392294943,
      "tn" : 1756392294943571829,
      "q" : "529.3",
      "p" : "0.6262",
      "s" : "buy",
      "i" : "IO_USD",
      "m" : "4611686018428110737"
    }, {
      "d" : "1756392294943571829",
      "t" : 1756392294943,
      "tn" : 1756392294943571829,
      "q" : "200.0",
      "p" : "0.6262",
      "s" : "buy",
      "i" : "IO_USD",
      "m" : "4611686018428110737"
    }, {
      "d" : "1756392249611027150",
      "t" : 1756392249611,
      "tn" : 1756392249611027150,
      "q" : "106.0",
      "p" : "0.6264",
      "s" : "buy",
      "i" : "IO_USD",
      "m" : "4611686018428110736"
    }, {
      "d" : "1756392222191351606",
      "t" : 1756392222191,
      "tn" : 1756392222191351606,
      "q" : "400.2",
      "p" : "0.6249",
      "s" : "sell",
      "i" : "IO_USD",
      "m" : "4611686018428110735"
    }, {
      "d" : "1756392210390402373",
      "t" : 1756392210390,
      "tn" : 1756392210390402373,
      "q" : "200.0",
      "p" : "0.6254",
      "s" : "buy",
      "i" : "IO_USD",
      "m" : "4611686018428110734"
    }, {
      "d" : "1756391709542672654",
      "t" : 1756391709542,
      "tn" : 1756391709542672654,
      "q" : "19.4",
      "p" : "0.6225",
      "s" : "buy",
      "i" : "IO_USD",
      "m" : "4611686018428110733"
    }, {
      "d" : "1756391524535926807",
      "t" : 1756391524535,
      "tn" : 1756391524535926807,
      "q" : "484.6",
      "p" : "0.6185",
      "s" : "sell",
      "i" : "IO_USD",
      "m" : "4611686018428110732"
    }, {
      "d" : "1756391114138348267",
      "t" : 1756391114138,
      "tn" : 1756391114138348267,
      "q" : "482.7",
      "p" : "0.6216",
      "s" : "buy",
      "i" : "IO_USD",
      "m" : "4611686018428110731"
    }, {
      "d" : "1756390604980755017",
      "t" : 1756390604980,
      "tn" : 1756390604980755017,
      "q" : "481.3",
      "p" : "0.6234",
      "s" : "buy",
      "i" : "IO_USD",
      "m" : "4611686018428110730"
    }, {
      "d" : "1756390561752165026",
      "t" : 1756390561752,
      "tn" : 1756390561752165026,
      "q" : "200.0",
      "p" : "0.6211",
      "s" : "buy",
      "i" : "IO_USD",
      "m" : "4611686018428110729"
    }, {
      "d" : "1756390434973605792",
      "t" : 1756390434973,
      "tn" : 1756390434973605792,
      "q" : "483.5",
      "p" : "0.6204",
      "s" : "buy",
      "i" : "IO_USD",
      "m" : "4611686018428110728"
    }, {
      "d" : "1756390364767771953",
      "t" : 1756390364767,
      "tn" : 1756390364767771953,
      "q" : "484.8",
      "p" : "0.6188",
      "s" : "buy",
      "i" : "IO_USD",
      "m" : "4611686018428110727"
    }, {
      "d" : "1756389874026210081",
      "t" : 1756389874026,
      "tn" : 1756389874026210081,
      "q" : "570.9",
      "p" : "0.6148",
      "s" : "sell",
      "i" : "IO_USD",
      "m" : "4611686018428110726"
    }, {
      "d" : "1756389826991201501",
      "t" : 1756389826991,
      "tn" : 1756389826991201501,
      "q" : "700.0",
      "p" : "0.6158",
      "s" : "sell",
      "i" : "IO_USD",
      "m" : "4611686018428110725"
    }, {
      "d" : "1756389816024094811",
      "t" : 1756389816024,
      "tn" : 1756389816024094811,
      "q" : "1271.0",
      "p" : "0.6161",
      "s" : "buy",
      "i" : "IO_USD",
      "m" : "4611686018428110724"
    }, {
      "d" : "1756389809976333370",
      "t" : 1756389809976,
      "tn" : 1756389809976333370,
      "q" : "200.0",
      "p" : "0.6154",
      "s" : "buy",
      "i" : "IO_USD",
      "m" : "4611686018428110723"
    }, {
      "d" : "1756389240459425254",
      "t" : 1756389240459,
      "tn" : 1756389240459425254,
      "q" : "140.7",
      "p" : "0.6088",
      "s" : "sell",
      "i" : "IO_USD",
      "m" : "4611686018428110722"
    }, {
      "d" : "1756389020723144633",
      "t" : 1756389020723,
      "tn" : 1756389020723144633,
      "q" : "140.8",
      "p" : "0.6101",
      "s" : "buy",
      "i" : "IO_USD",
      "m" : "4611686018428110721"
    }, {
      "d" : "1756387885476991078",
      "t" : 1756387885476,
      "tn" : 1756387885476991078,
      "q" : "16.4",
      "p" : "0.6123",
      "s" : "buy",
      "i" : "IO_USD",
      "m" : "4611686018428110720"
    }, {
      "d" : "1756384291880724428",
      "t" : 1756384291880,
      "tn" : 1756384291880724428,
      "q" : "335.3",
      "p" : "0.6094",
      "s" : "buy",
      "i" : "IO_USD",
      "m" : "4611686018428110719"
    }, {
      "d" : "1756382676516266953",
      "t" : 1756382676516,
      "tn" : 1756382676516266953,
      "q" : "489.7",
      "p" : "0.6102",
      "s" : "buy",
      "i" : "IO_USD",
      "m" : "4611686018428110718"
    }, {
      "d" : "1756381947680638674",
      "t" : 1756381947680,
      "tn" : 1756381947680638674,
      "q" : "493.1",
      "p" : "0.6082",
      "s" : "buy",
      "i" : "IO_USD",
      "m" : "4611686018428110717"
    }, {
      "d" : "1756380526026684069",
      "t" : 1756380526026,
      "tn" : 1756380526026684069,
      "q" : "105.2",
      "p" : "0.6086",
      "s" : "sell",
      "i" : "IO_USD",
      "m" : "4611686018428110716"
    }, {
      "d" : "1756380381844747656",
      "t" : 1756380381844,
      "tn" : 1756380381844747656,
      "q" : "280.0",
      "p" : "0.6125",
      "s" : "sell",
      "i" : "IO_USD",
      "m" : "4611686018428110715"
    }, {
      "d" : "1756380381842344840",
      "t" : 1756380381842,
      "tn" : 1756380381842344840,
      "q" : "10.9",
      "p" : "0.6125",
      "s" : "sell",
      "i" : "IO_USD",
      "m" : "4611686018428110714"
    }, {
      "d" : "1756380381836388254",
      "t" : 1756380381836,
      "tn" : 1756380381836388254,
      "q" : "700.7",
      "p" : "0.6139",
      "s" : "sell",
      "i" : "IO_USD",
      "m" : "4611686018428110713"
    }, {
      "d" : "1756380381835499333",
      "t" : 1756380381835,
      "tn" : 1756380381835499333,
      "q" : "249.3",
      "p" : "0.6139",
      "s" : "sell",
      "i" : "IO_USD",
      "m" : "4611686018428110712"
    }, {
      "d" : "1756380381835498286",
      "t" : 1756380381835,
      "tn" : 1756380381835498286,
      "q" : "1138.0",
      "p" : "0.6140",
      "s" : "sell",
      "i" : "IO_USD",
      "m" : "4611686018428110711"
    } ]
  }
}