{
  "id" : -1,
  "method" : "public/get-trades",
  "code" : 0,
  "result" : {
    "data" : [ {
      "d" : "1756461283413329192",
      "t" : 1756461283413,
      "tn" : 1756461283413329192,
      "q" : "4000",
      "p" : "0.0032710",
      "s" : "sell",
      "i" : "IOST_USD",
      "m" : "4611686018429443021"
    }, {
      "d" : "1756458250680938739",
      "t" : 1756458250680,
      "tn" : 1756458250680938739,
      "q" : "1180",
      "p" : "0.0032690",
      "s" : "buy",
      "i" : "IOST_USD",
      "m" : "4611686018429443020"
    }, {
      "d" : "1756458244698737496",
      "t" : 1756458244698,
      "tn" : 1756458244698737496,
      "q" : "840",
      "p" : "0.0032690",
      "s" : "sell",
      "i" : "IOST_USD",
      "m" : "4611686018429443019"
    }, {
      "d" : "1756458189279412177",
      "t" : 1756458189279,
      "tn" : 1756458189279412177,
      "q" : "310",
      "p" : "0.0032644",
      "s" : "sell",
      "i" : "IOST_USD",
      "m" : "4611686018429443018"
    }, {
      "d" : "1756453639864851891",
      "t" : 1756453639864,
      "tn" : 1756453639864851891,
      "q" : "2700",
      "p" : "0.0033203",
      "s" : "sell",
      "i" : "IOST_USD",
      "m" : "4611686018429443017"
    }, {
      "d" : "1756446593290224716",
      "t" : 1756446593290,
      "tn" : 1756446593290224716,
      "q" : "5700",
      "p" : "0.0033992",
      "s" : "sell",
      "i" : "IOST_USD",
      "m" : "4611686018429443016"
    }, {
      "d" : "1756446335575478925",
      "t" : 1756446335575,
      "tn" : 1756446335575478925,
      "q" : "2160",
      "p" : "0.0033937",
      "s" : "sell",
      "i" : "IOST_USD",
      "m" : "4611686018429443015"
    }, {
      "d" : "1756446191160841472",
      "t" : 1756446191160,
      "tn" : 1756446191160841472,
      "q" : "1060",
      "p" : "0.0033937",
      "s" : "sell",
      "i" : "IOST_USD",
      "m" : "4611686018429443014"
    }, {
      "d" : "1756444989236210273",
      "t" : 1756444989236,
      "tn" : 1756444989236210273,
      "q" : "2150",
      "p" : "0.0033876",
      "s" : "sell",
      "i" : "IOST_USD",
      "m" : "4611686018429443013"
    }, {
      "d" : "1756444911378892024",
      "t" : 1756444911378,
      "tn" : 1756444911378892024,
      "q" : "1540",
      "p" : "0.0034015",
      "s" : "buy",
      "i" : "IOST_USD",
      "m" : "4611686018429443012"
    }, {
      "d" : "1756443097908293561",
      "t" : 1756443097908,
      "tn" : 1756443097908293561,
      "q" : "1650",
      "p" : "0.0034185",
      "s" : "buy",
      "i" : "IOST_USD",
      "m" : "4611686018429443011"
    }, {
      "d" : "1756443094604134162",
      "t" : 1756443094604,
      "tn" : 1756443094604134162,
      "q" : "10000",
      "p" : "0.0034185",
      "s" : "buy",
      "i" : "IOST_USD",
      "m" : "4611686018429443010"
    }, {
      "d" : "1756441041241403847",
      "t" : 1756441041241,
      "tn" : 1756441041241403847,
      "q" : "1590",
      "p" : "0.0034078",
      "s" : "buy",
      "i" : "IOST_USD",
      "m" : "4611686018429443009"
    }, {
      "d" : "1756440085709420325",
      "t" : 1756440085709,
      "tn" : 1756440085709420325,
      "q" : "3310",
      "p" : "0.0034199",
      "s" : "buy",
      "i" : "IOST_USD",
      "m" : "4611686018429443008"
    }, {
      "d" : "1756437529089733325",
      "t" : 1756437529089,
      "tn" : 1756437529089733325,
      "q" : "97180",
      "p" : "0.0034199",
      "s" : "buy",
      "i" : "IOST_USD",
      "m" : "4611686018429443007"
    }, {
      "d" : "1756437526000498839",
      "t" : 1756437526000,
      "tn" : 1756437526000498839,
      "q" : "4000",
      "p" : "0.0034272",
      "s" : "sell",
      "i" : "IOST_USD",
      "m" : "4611686018429443006"
    }, {
      "d" : "1756437525994167642",
      "t" : 1756437525994,
      "tn" : 1756437525994167642,
      "q" : "40120",
      "p" : "0.0034272",
      "s" : "buy",
      "i" : "IOST_USD",
      "m" : "4611686018429443005"
    }, {
      "d" : "1756436977074158176",
      "t" : 1756436977074,
      "tn" : 1756436977074158176,
      "q" : "40120",
      "p" : "0.0034053",
      "s" : "sell",
      "i" : "IOST_USD",
      "m" : "4611686018429443004"
    }, {
      "d" : "1756435370489304021",
      "t" : 1756435370489,
      "tn" : 1756435370489304021,
      "q" : "11840",
      "p" : "0.0034008",
      "s" : "buy",
      "i" : "IOST_USD",
      "m" : "4611686018429443003"
    }, {
      "d" : "1756435367302506241",
      "t" : 1756435367302,
      "tn" : 1756435367302506241,
      "q" : "219540",
      "p" : "0.0034007",
      "s" : "sell",
      "i" : "IOST_USD",
      "m" : "4611686018429443002"
    }, {
      "d" : "1756435367295730506",
      "t" : 1756435367295,
      "tn" : 1756435367295730506,
      "q" : "47080",
      "p" : "0.0034007",
      "s" : "buy",
      "i" : "IOST_USD",
      "m" : "4611686018429443001"
    }, {
      "d" : "1756435231323200128",
      "t" : 1756435231323,
      "tn" : 1756435231323200128,
      "q" : "2670",
      "p" : "0.0033881",
      "s" : "sell",
      "i" : "IOST_USD",
      "m" : "4611686018429443000"
    }, {
      "d" : "1756435067129591171",
      "t" : 1756435067129,
      "tn" : 1756435067129591171,
      "q" : "7240",
      "p" : "0.0033987",
      "s" : "buy",
      "i" : "IOST_USD",
      "m" : "4611686018429442999"
    }, {
      "d" : "1756432861819237223",
      "t" : 1756432861819,
      "tn" : 1756432861819237223,
      "q" : "29030",
      "p" : "0.0033857",
      "s" : "buy",
      "i" : "IOST_USD",
      "m" : "4611686018429442998"
    }, {
      "d" : "1756431869169757091",
      "t" : 1756431869169,
      "tn" : 1756431869169757091,
      "q" : "44340",
      "p" : "0.0033826",
      "s" : "sell",
      "i" : "IOST_USD",
      "m" : "4611686018429442997"
    }, {
      "d" : "1756430254374971195",
      "t" : 1756430254374,
      "tn" : 1756430254374971195,
      "q" : "9630",
      "p" : "0.0033973",
      "s" : "buy",
      "i" : "IOST_USD",
      "m" : "4611686018429442996"
    }, {
      "d" : "1756427275082746923",
      "t" : 1756427275082,
      "tn" : 1756427275082746923,
      "q" : "8850",
      "p" : "0.0034138",
      "s" : "sell",
      "i" : "IOST_USD",
      "m" : "4611686018429442995"
    }, {
      "d" : "1756426980045603861",
      "t" : 1756426980045,
      "tn" : 1756426980045603861,
      "q" : "1300",
      "p" : "0.0034118",
      "s" : "sell",
      "i" : "IOST_USD",
      "m" : "4611686018429442994"
    }, {
      "d" : "1756426905181431103",
      "t" : 1756426905181,
      "tn" : 1756426905181431103,
      "q" : "15000",
      "p" : "0.0034078",
      "s" : "sell",
      "i" : "IOST_USD",
      "m" : "4611686018429442993"
    }, {
      "d" : "1756426637777214920",
      "t" : 1756426637777,
      "tn" : 1756426637777214920,
      "q" : "2880",
      "p" : "0.0034216",
      "s" : "buy",
      "i" : "IOST_USD",
      "m" : "4611686018429442992"
    }, {
      "d" : "1756426221872246754",
      "t" : 1756426221872,
      "tn" : 1756426221872246754,
      "q" : "3250",
      "p" : "0.0034178",
      "s" : "sell",
      "i" : "IOST_USD",
      "m" : "4611686018429442991"
    }, {
      "d" : "1756426201272856360",
      "t" : 1756426201272,
      "tn" : 1756426201272856360,
      "q" : "3580",
      "p" : "0.0034283",
      "s" : "buy",
      "i" : "IOST_USD",
      "m" : "4611686018429442990"
    }, {
      "d" : "1756424507424070187",
      "t" : 1756424507424,
      "tn" : 1756424507424070187,
      "q" : "9140",
      "p" : "0.0034318",
      "s" : "buy",
      "i" : "IOST_USD",
      "m" : "4611686018429442989"
    }, {
      "d" : "1756420549034373017",
      "t" : 1756420549034,
      "tn" : 1756420549034373017,
      "q" : "1380",
      "p" : "0.0034225",
      "s" : "sell",
      "i" : "IOST_USD",
      "m" : "4611686018429442988"
    }, {
      "d" : "1756420350203597908",
      "t" : 1756420350203,
      "tn" : 1756420350203597908,
      "q" : "5730",
      "p" : "0.0034258",
      "s" : "sell",
      "i" : "IOST_USD",
      "m" : "4611686018429442987"
    }, {
      "d" : "1756418053129159153",
      "t" : 1756418053129,
      "tn" : 1756418053129159153,
      "q" : "1450",
      "p" : "0.0033952",
      "s" : "sell",
      "i" : "IOST_USD",
      "m" : "4611686018429442986"
    }, {
      "d" : "1756414146937406196",
      "t" : 1756414146937,
      "tn" : 1756414146937406196,
      "q" : "76730",
      "p" : "0.0033776",
      "s" : "sell",
      "i" : "IOST_USD",
      "m" : "4611686018429442985"
    }, {
      "d" : "1756411004751274352",
      "t" : 1756411004751,
      "tn" : 1756411004751274352,
      "q" : "2640",
      "p" : "0.0033626",
      "s" : "sell",
      "i" : "IOST_USD",
      "m" : "4611686018429442984"
    }, {
      "d" : "1756408923174474189",
      "t" : 1756408923174,
      "tn" : 1756408923174474189,
      "q" : "1000",
      "p" : "0.0033905",
      "s" : "sell",
      "i" : "IOST_USD",
      "m" : "4611686018429442983"
    }, {
      "d" : "1756408748242377612",
      "t" : 1756408748242,
      "tn" : 1756408748242377612,
      "q" : "6400",
      "p" : "0.0034009",
      "s" : "buy",
      "i" : "IOST_USD",
      "m" : "4611686018429442982"
    }, {
      "d" : "1756402881183999072",
      "t" : 1756402881183,
      "tn" : 1756402881183999072,
      "q" : "50000",
      "p" : "0.0033985",
      "s" : "sell",
      "i" : "IOST_USD",
      "m" : "4611686018429442981"
    }, {
      "d" : "1756400908155819507",
      "t" : 1756400908155,
      "tn" : 1756400908155819507,
      "q" : "3340",
      "p" : "0.0033937",
      "s" : "buy",
      "i" : "IOST_USD",
      "m" : "4611686018429442980"
    }, {
      "d" : "1756396227618186728",
      "t" : 1756396227618,
      "tn" : 1756396227618186728,
      "q" : "13410",
      "p" : "0.0034060",
      "s" : "sell",
      "i" : "IOST_USD",
      "m" : "4611686018429442979"
    }, {
      "d" : "1756393892798971444",
      "t" : 1756393892798,
      "tn" : 1756393892798971444,
      "q" : "6260",
      "p" : "0.0034315",
      "s" : "sell",
      "i" : "IOST_USD",
      "m" : "4611686018429442978"
    }, {
      "d" : "1756390551945188640",
      "t" : 1756390551945,
      "tn" : 1756390551945188640,
      "q" : "520",
      "p" : "0.0034307",
      "s" : "sell",
      "i" : "IOST_USD",
      "m" : "4611686018429442977"
    }, {
      "d" : "1756390399158032826",
      "t" : 1756390399158,
      "tn" : 1756390399158032826,
      "q" : "28290",
      "p" : "0.0034455",
      "s" : "buy",
      "i" : "IOST_USD",
      "m" : "4611686018429442976"
    }, {
      "d" : "1756390356129547752",
      "t" : 1756390356129,
      "tn" : 1756390356129547752,
      "q" : "15000",
      "p" : "0.0034406",
      "s" : "sell",
      "i" : "IOST_USD",
      "m" : "4611686018429442975"
    }, {
      "d" : "1756390291076299706",
      "t" : 1756390291076,
      "tn" : 1756390291076299706,
      "q" : "42270",
      "p" : "0.0034443",
      "s" : "buy",
      "i" : "IOST_USD",
      "m" : "4611686018429442974"
    }, {
      "d" : "1756390033289234388",
      "t" : 1756390033289,
      "tn" : 1756390033289234388,
      "q" : "1490",
      "p" : "0.0034367",
      "s" : "sell",
      "i" : "IOST_USD",
      "m" : "4611686018429442973"
    }, {
      "d" : "1756390027616786020",
      "t" : 1756390027616,
      "tn" : 1756390027616786020,
      "q" : "11630",
      "p" : "0.0034387",
      "s" : "buy",
      "i" : "IOST_USD",
      "m" : "4611686018429442972"
    }, {
      "d" : "1756390027183186397",
      "t" : 1756390027183,
      "tn" : 1756390027183186397,
      "q" : "43620",
      "p" : "0.0034387",
      "s" : "sell",
      "i" : "IOST_USD",
      "m" : "4611686018429442971"
    }, {
      "d" : "1756389745718190126",
      "t" : 1756389745718,
      "tn" : 1756389745718190126,
      "q" : "25000",
      "p" : "0.0034324",
      "s" : "buy",
      "i" : "IOST_USD",
      "m" : "4611686018429442970"
    }, {
      "d" : "1756389281896844842",
      "t" : 1756389281896,
      "tn" : 1756389281896844842,
      "q" : "14790",
      "p" : "0.0034117",
      "s" : "sell",
      "i" : "IOST_USD",
      "m" : "4611686018429442969"
    }, {
      "d" : "1756387413509322965",
      "t" : 1756387413509,
      "tn" : 1756387413509322965,
      "q" : "3900",
      "p" : "0.0034317",
      "s" : "sell",
      "i" : "IOST_USD",
      "m" : "4611686018429442968"
    }, {
      "d" : "1756387207114066950",
      "t" : 1756387207114,
      "tn" : 1756387207114066950,
      "q" : "2690",
      "p" : "0.0034286",
      "s" : "sell",
      "i" : "IOST_USD",
      "m" : "4611686018429442967"
    }, {
      "d" : "1756385988038407152",
      "t" : 1756385988038,
      "tn" : 1756385988038407152,
      "q" : "28720",
      "p" : "0.0034241",
      "s" : "buy",
      "i" : "IOST_USD",
      "m" : "4611686018429442966"
    }, {
      "d" : "1756385371249358671",
      "t" : 1756385371249,
      "tn" : 1756385371249358671,
      "q" : "38680",
      "p" : "0.0034241",
      "s" : "buy",
      "i" : "IOST_USD",
      "m" : "4611686018429442965"
    }, {
      "d" : "1756385327136587727",
      "t" : 1756385327136,
      "tn" : 1756385327136587727,
      "q" : "42200",
      "p" : "0.0034155",
      "s" : "sell",
      "i" : "IOST_USD",
      "m" : "4611686018429442964"
    }, {
      "d" : "1756385323090565435",
      "t" : 1756385323090,
      "tn" : 1756385323090565435,
      "q" : "26350",
      "p" : "0.0034156",
      "s" : "buy",
      "i" : "IOST_USD",
      "m" : "4611686018429442963"
    }, {
      "d" : "1756385323051917993",
      "t" : 1756385323051,
      "tn" : 1756385323051917993,
      "q" : "34290",
      "p" : "0.0034156",
      "s" : "sell",
      "i" : "IOST_USD",
      "m" : "4611686018429442962"
    }, {
      "d" : "1756384631085858481",
      "t" : 1756384631085,
      "tn" : 1756384631085858481,
      "q" : "4070",
      "p" : "0.0034172",
      "s" : "buy",
      "i" : "IOST_USD",
      "m" : "4611686018429442961"
    }, {
      "d" : "1756384375031653848",
      "t" : 1756384375031,
      "tn" : 1756384375031653848,
      "q" : "1900",
      "p" : "0.0034116",
      "s" : "sell",
      "i" : "IOST_USD",
      "m" : "4611686018429442960"
    }, {
      "d" : "1756382979204668391",
      "t" : 1756382979204,
      "tn" : 1756382979204668391,
      "q" : "21980",
      "p" : "0.0034076",
      "s" : "buy",
      "i" : "IOST_USD",
      "m" : "4611686018429442959"
    }, {
      "d" : "1756382979202499887",
      "t" : 1756382979202,
      "tn" : 1756382979202499887,
      "q" : "29160",
      "p" : "0.0034076",
      "s" : "sell",
      "i" : "IOST_USD",
      "m" : "4611686018429442958"
    }, {
      "d" : "1756382975059718401",
      "t" : 1756382975059,
      "tn" : 1756382975059718401,
      "q" : "32050",
      "p" : "0.0034115",
      "s" : "buy",
      "i" : "IOST_USD",
      "m" : "4611686018429442957"
    }, {
      "d" : "1756382975056899116",
      "t" : 1756382975056,
      "tn" : 1756382975056899116,
      "q" : "206440",
      "p" : "0.0034115",
      "s" : "sell",
      "i" : "IOST_USD",
      "m" : "4611686018429442956"
    }, {
      "d" : "1756382971105376644",
      "t" : 1756382971105,
      "tn" : 1756382971105376644,
      "q" : "166410",
      "p" : "0.0034119",
      "s" : "buy",
      "i" : "IOST_USD",
      "m" : "4611686018429442955"
    }, {
      "d" : "1756382971100901920",
      "t" : 1756382971100,
      "tn" : 1756382971100901920,
      "q" : "43960",
      "p" : "0.0034119",
      "s" : "sell",
      "i" : "IOST_USD",
      "m" : "4611686018429442954"
    }, {
      "d" : "1756381928656536369",
      "t" : 1756381928656,
      "tn" : 1756381928656536369,
      "q" : "6580",
      "p" : "0.0034174",
      "s" : "buy",
      "i" : "IOST_USD",
      "m" : "4611686018429442953"
    }, {
      "d" : "1756381151933943452",
      "t" : 1756381151933,
      "tn" : 1756381151933943452,
      "q" : "8260",
      "p" : "0.0034261",
      "s" : "buy",
      "i" : "IOST_USD",
      "m" : "4611686018429442952"
    }, {
      "d" : "1756380913079045025",
      "t" : 1756380913079,
      "tn" : 1756380913079045025,
      "q" : "1230",
      "p" : "0.0034134",
      "s" : "sell",
      "i" : "IOST_USD",
      "m" : "4611686018429442951"
    }, {
      "d" : "1756380176450668399",
      "t" : 1756380176450,
      "tn" : 1756380176450668399,
      "q" : "25560",
      "p" : "0.0034026",
      "s" : "sell",
      "i" : "IOST_USD",
      "m" : "4611686018429442950"
    }, {
      "d" : "1756379135341060865",
      "t" : 1756379135341,
      "tn" : 1756379135341060865,
      "q" : "1300",
      "p" : "0.0034006",
      "s" : "sell",
      "i" : "IOST_USD",
      "m" : "4611686018429442949"
    } ]
  }
}