{
  "id" : -1,
  "method" : "public/get-trades",
  "code" : 0,
  "result" : {
    "data" : [ {
      "d" : "1756461085570208843",
      "t" : 1756461085570,
      "tn" : 1756461085570208843,
      "q" : "170",
      "p" : "0.027903",
      "s" : "sell",
      "i" : "IOTX_USD",
      "m" : "4611686018431557666"
    }, {
      "d" : "1756461041334306745",
      "t" : 1756461041334,
      "tn" : 1756461041334306745,
      "q" : "170",
      "p" : "0.027914",
      "s" : "sell",
      "i" : "IOTX_USD",
      "m" : "4611686018431557665"
    }, {
      "d" : "1756460953091878911",
      "t" : 1756460953091,
      "tn" : 1756460953091878911,
      "q" : "170",
      "p" : "0.027925",
      "s" : "buy",
      "i" : "IOTX_USD",
      "m" : "4611686018431557664"
    }, {
      "d" : "1756460864665191064",
      "t" : 1756460864665,
      "tn" : 1756460864665191064,
      "q" : "170",
      "p" : "0.027914",
      "s" : "buy",
      "i" : "IOTX_USD",
      "m" : "4611686018431557663"
    }, {
      "d" : "1756460840117216564",
      "t" : 1756460840117,
      "tn" : 1756460840117216564,
      "q" : "170",
      "p" : "0.027903",
      "s" : "buy",
      "i" : "IOTX_USD",
      "m" : "4611686018431557662"
    }, {
      "d" : "1756460790953039009",
      "t" : 1756460790953,
      "tn" : 1756460790953039009,
      "q" : "170",
      "p" : "0.027892",
      "s" : "buy",
      "i" : "IOTX_USD",
      "m" : "4611686018431557661"
    }, {
      "d" : "1756460777800289192",
      "t" : 1756460777800,
      "tn" : 1756460777800289192,
      "q" : "170",
      "p" : "0.027881",
      "s" : "buy",
      "i" : "IOTX_USD",
      "m" : "4611686018431557660"
    }, {
      "d" : "1756460565420226868",
      "t" : 1756460565420,
      "tn" : 1756460565420226868,
      "q" : "170",
      "p" : "0.027870",
      "s" : "sell",
      "i" : "IOTX_USD",
      "m" : "4611686018431557659"
    }, {
      "d" : "1756460550967375998",
      "t" : 1756460550967,
      "tn" : 1756460550967375998,
      "q" : "170",
      "p" : "0.027881",
      "s" : "sell",
      "i" : "IOTX_USD",
      "m" : "4611686018431557658"
    }, {
      "d" : "1756460455576820934",
      "t" : 1756460455576,
      "tn" : 1756460455576820934,
      "q" : "170",
      "p" : "0.027892",
      "s" : "buy",
      "i" : "IOTX_USD",
      "m" : "4611686018431557657"
    }, {
      "d" : "1756460413209155160",
      "t" : 1756460413209,
      "tn" : 1756460413209155160,
      "q" : "170",
      "p" : "0.027881",
      "s" : "buy",
      "i" : "IOTX_USD",
      "m" : "4611686018431557656"
    }, {
      "d" : "1756460333343070754",
      "t" : 1756460333343,
      "tn" : 1756460333343070754,
      "q" : "170",
      "p" : "0.027870",
      "s" : "buy",
      "i" : "IOTX_USD",
      "m" : "4611686018431557655"
    }, {
      "d" : "1756460282534235195",
      "t" : 1756460282534,
      "tn" : 1756460282534235195,
      "q" : "170",
      "p" : "0.027859",
      "s" : "buy",
      "i" : "IOTX_USD",
      "m" : "4611686018431557654"
    }, {
      "d" : "1756460167506773834",
      "t" : 1756460167506,
      "tn" : 1756460167506773834,
      "q" : "170",
      "p" : "0.027848",
      "s" : "sell",
      "i" : "IOTX_USD",
      "m" : "4611686018431557653"
    }, {
      "d" : "1756460082055082857",
      "t" : 1756460082055,
      "tn" : 1756460082055082857,
      "q" : "170",
      "p" : "0.027859",
      "s" : "sell",
      "i" : "IOTX_USD",
      "m" : "4611686018431557652"
    }, {
      "d" : "1756460040736275850",
      "t" : 1756460040736,
      "tn" : 1756460040736275850,
      "q" : "170",
      "p" : "0.027870",
      "s" : "sell",
      "i" : "IOTX_USD",
      "m" : "4611686018431557651"
    }, {
      "d" : "1756459916926649399",
      "t" : 1756459916926,
      "tn" : 1756459916926649399,
      "q" : "170",
      "p" : "0.027881",
      "s" : "sell",
      "i" : "IOTX_USD",
      "m" : "4611686018431557650"
    }, {
      "d" : "1756459877270806646",
      "t" : 1756459877270,
      "tn" : 1756459877270806646,
      "q" : "170",
      "p" : "0.027892",
      "s" : "sell",
      "i" : "IOTX_USD",
      "m" : "4611686018431557649"
    }, {
      "d" : "1756459877223244069",
      "t" : 1756459877223,
      "tn" : 1756459877223244069,
      "q" : "170",
      "p" : "0.027903",
      "s" : "sell",
      "i" : "IOTX_USD",
      "m" : "4611686018431557648"
    }, {
      "d" : "1756459805366888894",
      "t" : 1756459805366,
      "tn" : 1756459805366888894,
      "q" : "170",
      "p" : "0.027914",
      "s" : "buy",
      "i" : "IOTX_USD",
      "m" : "4611686018431557647"
    }, {
      "d" : "1756459688833809896",
      "t" : 1756459688833,
      "tn" : 1756459688833809896,
      "q" : "170",
      "p" : "0.027903",
      "s" : "sell",
      "i" : "IOTX_USD",
      "m" : "4611686018431557646"
    }, {
      "d" : "1756459688008446522",
      "t" : 1756459688008,
      "tn" : 1756459688008446522,
      "q" : "170",
      "p" : "0.027914",
      "s" : "sell",
      "i" : "IOTX_USD",
      "m" : "4611686018431557645"
    }, {
      "d" : "1756459661363026710",
      "t" : 1756459661363,
      "tn" : 1756459661363026710,
      "q" : "170",
      "p" : "0.027925",
      "s" : "sell",
      "i" : "IOTX_USD",
      "m" : "4611686018431557644"
    }, {
      "d" : "1756459621507414953",
      "t" : 1756459621507,
      "tn" : 1756459621507414953,
      "q" : "170",
      "p" : "0.027936",
      "s" : "sell",
      "i" : "IOTX_USD",
      "m" : "4611686018431557643"
    }, {
      "d" : "1756459603492699500",
      "t" : 1756459603492,
      "tn" : 1756459603492699500,
      "q" : "170",
      "p" : "0.027947",
      "s" : "sell",
      "i" : "IOTX_USD",
      "m" : "4611686018431557642"
    }, {
      "d" : "1756459507695065664",
      "t" : 1756459507695,
      "tn" : 1756459507695065664,
      "q" : "170",
      "p" : "0.027958",
      "s" : "sell",
      "i" : "IOTX_USD",
      "m" : "4611686018431557641"
    }, {
      "d" : "1756459475183935303",
      "t" : 1756459475183,
      "tn" : 1756459475183935303,
      "q" : "170",
      "p" : "0.027969",
      "s" : "sell",
      "i" : "IOTX_USD",
      "m" : "4611686018431557640"
    }, {
      "d" : "1756459419655070392",
      "t" : 1756459419655,
      "tn" : 1756459419655070392,
      "q" : "170",
      "p" : "0.027980",
      "s" : "sell",
      "i" : "IOTX_USD",
      "m" : "4611686018431557639"
    }, {
      "d" : "1756459332917745687",
      "t" : 1756459332917,
      "tn" : 1756459332917745687,
      "q" : "170",
      "p" : "0.027991",
      "s" : "sell",
      "i" : "IOTX_USD",
      "m" : "4611686018431557638"
    }, {
      "d" : "1756459263916842557",
      "t" : 1756459263916,
      "tn" : 1756459263916842557,
      "q" : "170",
      "p" : "0.028002",
      "s" : "sell",
      "i" : "IOTX_USD",
      "m" : "4611686018431557637"
    }, {
      "d" : "1756459236728021197",
      "t" : 1756459236728,
      "tn" : 1756459236728021197,
      "q" : "170",
      "p" : "0.028013",
      "s" : "buy",
      "i" : "IOTX_USD",
      "m" : "4611686018431557636"
    }, {
      "d" : "1756459236728018313",
      "t" : 1756459236728,
      "tn" : 1756459236728018313,
      "q" : "170",
      "p" : "0.028002",
      "s" : "buy",
      "i" : "IOTX_USD",
      "m" : "4611686018431557635"
    }, {
      "d" : "1756459212049894108",
      "t" : 1756459212049,
      "tn" : 1756459212049894108,
      "q" : "170",
      "p" : "0.027991",
      "s" : "buy",
      "i" : "IOTX_USD",
      "m" : "4611686018431557634"
    }, {
      "d" : "1756459203050414513",
      "t" : 1756459203050,
      "tn" : 1756459203050414513,
      "q" : "170",
      "p" : "0.027980",
      "s" : "buy",
      "i" : "IOTX_USD",
      "m" : "4611686018431557633"
    }, {
      "d" : "1756459182291807806",
      "t" : 1756459182291,
      "tn" : 1756459182291807806,
      "q" : "170",
      "p" : "0.027969",
      "s" : "buy",
      "i" : "IOTX_USD",
      "m" : "4611686018431557632"
    }, {
      "d" : "1756459104045230994",
      "t" : 1756459104045,
      "tn" : 1756459104045230994,
      "q" : "170",
      "p" : "0.027958",
      "s" : "buy",
      "i" : "IOTX_USD",
      "m" : "4611686018431557631"
    }, {
      "d" : "1756459099842331256",
      "t" : 1756459099842,
      "tn" : 1756459099842331256,
      "q" : "170",
      "p" : "0.027947",
      "s" : "buy",
      "i" : "IOTX_USD",
      "m" : "4611686018431557630"
    }, {
      "d" : "1756459098972890223",
      "t" : 1756459098972,
      "tn" : 1756459098972890223,
      "q" : "170",
      "p" : "0.027936",
      "s" : "buy",
      "i" : "IOTX_USD",
      "m" : "4611686018431557629"
    }, {
      "d" : "1756459085874807387",
      "t" : 1756459085874,
      "tn" : 1756459085874807387,
      "q" : "170",
      "p" : "0.027925",
      "s" : "buy",
      "i" : "IOTX_USD",
      "m" : "4611686018431557628"
    }, {
      "d" : "1756459067186434391",
      "t" : 1756459067186,
      "tn" : 1756459067186434391,
      "q" : "170",
      "p" : "0.027914",
      "s" : "sell",
      "i" : "IOTX_USD",
      "m" : "4611686018431557627"
    }, {
      "d" : "1756459052830208250",
      "t" : 1756459052830,
      "tn" : 1756459052830208250,
      "q" : "170",
      "p" : "0.027925",
      "s" : "sell",
      "i" : "IOTX_USD",
      "m" : "4611686018431557626"
    }, {
      "d" : "1756459043104522437",
      "t" : 1756459043104,
      "tn" : 1756459043104522437,
      "q" : "170",
      "p" : "0.027936",
      "s" : "sell",
      "i" : "IOTX_USD",
      "m" : "4611686018431557625"
    }, {
      "d" : "1756459007035410649",
      "t" : 1756459007035,
      "tn" : 1756459007035410649,
      "q" : "170",
      "p" : "0.027947",
      "s" : "buy",
      "i" : "IOTX_USD",
      "m" : "4611686018431557624"
    }, {
      "d" : "1756459006001430638",
      "t" : 1756459006001,
      "tn" : 1756459006001430638,
      "q" : "170",
      "p" : "0.027936",
      "s" : "buy",
      "i" : "IOTX_USD",
      "m" : "4611686018431557623"
    }, {
      "d" : "1756458998377624364",
      "t" : 1756458998377,
      "tn" : 1756458998377624364,
      "q" : "170",
      "p" : "0.027925",
      "s" : "buy",
      "i" : "IOTX_USD",
      "m" : "4611686018431557622"
    }, {
      "d" : "1756458992686293361",
      "t" : 1756458992686,
      "tn" : 1756458992686293361,
      "q" : "170",
      "p" : "0.027914",
      "s" : "buy",
      "i" : "IOTX_USD",
      "m" : "4611686018431557621"
    }, {
      "d" : "1756458992682941735",
      "t" : 1756458992682,
      "tn" : 1756458992682941735,
      "q" : "170",
      "p" : "0.027903",
      "s" : "buy",
      "i" : "IOTX_USD",
      "m" : "4611686018431557620"
    }, {
      "d" : "1756458914869497114",
      "t" : 1756458914869,
      "tn" : 1756458914869497114,
      "q" : "170",
      "p" : "0.027892",
      "s" : "sell",
      "i" : "IOTX_USD",
      "m" : "4611686018431557619"
    }, {
      "d" : "1756458738544231757",
      "t" : 1756458738544,
      "tn" : 1756458738544231757,
      "q" : "170",
      "p" : "0.027903",
      "s" : "sell",
      "i" : "IOTX_USD",
      "m" : "4611686018431557618"
    }, {
      "d" : "1756458694913563522",
      "t" : 1756458694913,
      "tn" : 1756458694913563522,
      "q" : "170",
      "p" : "0.027914",
      "s" : "buy",
      "i" : "IOTX_USD",
      "m" : "4611686018431557617"
    }, {
      "d" : "1756458674787533925",
      "t" : 1756458674787,
      "tn" : 1756458674787533925,
      "q" : "170",
      "p" : "0.027903",
      "s" : "buy",
      "i" : "IOTX_USD",
      "m" : "4611686018431557616"
    }, {
      "d" : "1756458670018169649",
      "t" : 1756458670018,
      "tn" : 1756458670018169649,
      "q" : "170",
      "p" : "0.027892",
      "s" : "buy",
      "i" : "IOTX_USD",
      "m" : "4611686018431557615"
    }, {
      "d" : "1756458566436048655",
      "t" : 1756458566436,
      "tn" : 1756458566436048655,
      "q" : "170",
      "p" : "0.027881",
      "s" : "buy",
      "i" : "IOTX_USD",
      "m" : "4611686018431557614"
    }, {
      "d" : "1756458548714661637",
      "t" : 1756458548714,
      "tn" : 1756458548714661637,
      "q" : "170",
      "p" : "0.027870",
      "s" : "buy",
      "i" : "IOTX_USD",
      "m" : "4611686018431557613"
    }, {
      "d" : "1756458541517963490",
      "t" : 1756458541517,
      "tn" : 1756458541517963490,
      "q" : "170",
      "p" : "0.027859",
      "s" : "buy",
      "i" : "IOTX_USD",
      "m" : "4611686018431557612"
    }, {
      "d" : "1756458426016605043",
      "t" : 1756458426016,
      "tn" : 1756458426016605043,
      "q" : "170",
      "p" : "0.027848",
      "s" : "sell",
      "i" : "IOTX_USD",
      "m" : "4611686018431557611"
    }, {
      "d" : "1756458375892046009",
      "t" : 1756458375892,
      "tn" : 1756458375892046009,
      "q" : "170",
      "p" : "0.027859",
      "s" : "sell",
      "i" : "IOTX_USD",
      "m" : "4611686018431557610"
    }, {
      "d" : "1756458352040691319",
      "t" : 1756458352040,
      "tn" : 1756458352040691319,
      "q" : "170",
      "p" : "0.027870",
      "s" : "buy",
      "i" : "IOTX_USD",
      "m" : "4611686018431557609"
    }, {
      "d" : "1756458351866780906",
      "t" : 1756458351866,
      "tn" : 1756458351866780906,
      "q" : "170",
      "p" : "0.027859",
      "s" : "buy",
      "i" : "IOTX_USD",
      "m" : "4611686018431557608"
    }, {
      "d" : "1756458347762903800",
      "t" : 1756458347762,
      "tn" : 1756458347762903800,
      "q" : "170",
      "p" : "0.027848",
      "s" : "buy",
      "i" : "IOTX_USD",
      "m" : "4611686018431557607"
    }, {
      "d" : "1756458245907279923",
      "t" : 1756458245907,
      "tn" : 1756458245907279923,
      "q" : "170",
      "p" : "0.027837",
      "s" : "buy",
      "i" : "IOTX_USD",
      "m" : "4611686018431557606"
    }, {
      "d" : "1756458245208195336",
      "t" : 1756458245208,
      "tn" : 1756458245208195336,
      "q" : "170",
      "p" : "0.027826",
      "s" : "buy",
      "i" : "IOTX_USD",
      "m" : "4611686018431557605"
    }, {
      "d" : "1756458208825839508",
      "t" : 1756458208825,
      "tn" : 1756458208825839508,
      "q" : "170",
      "p" : "0.027815",
      "s" : "buy",
      "i" : "IOTX_USD",
      "m" : "4611686018431557604"
    }, {
      "d" : "1756458207036302872",
      "t" : 1756458207036,
      "tn" : 1756458207036302872,
      "q" : "170",
      "p" : "0.027804",
      "s" : "buy",
      "i" : "IOTX_USD",
      "m" : "4611686018431557603"
    }, {
      "d" : "1756458197810015573",
      "t" : 1756458197810,
      "tn" : 1756458197810015573,
      "q" : "170",
      "p" : "0.027793",
      "s" : "buy",
      "i" : "IOTX_USD",
      "m" : "4611686018431557602"
    }, {
      "d" : "1756458187825884672",
      "t" : 1756458187825,
      "tn" : 1756458187825884672,
      "q" : "170",
      "p" : "0.027782",
      "s" : "buy",
      "i" : "IOTX_USD",
      "m" : "4611686018431557601"
    }, {
      "d" : "1756458176046815431",
      "t" : 1756458176046,
      "tn" : 1756458176046815431,
      "q" : "170",
      "p" : "0.027782",
      "s" : "buy",
      "i" : "IOTX_USD",
      "m" : "4611686018431557600"
    }, {
      "d" : "1756458175881204600",
      "t" : 1756458175881,
      "tn" : 1756458175881204600,
      "q" : "170",
      "p" : "0.027771",
      "s" : "buy",
      "i" : "IOTX_USD",
      "m" : "4611686018431557599"
    }, {
      "d" : "1756458175730802533",
      "t" : 1756458175730,
      "tn" : 1756458175730802533,
      "q" : "170",
      "p" : "0.027760",
      "s" : "buy",
      "i" : "IOTX_USD",
      "m" : "4611686018431557598"
    }, {
      "d" : "1756458162943130638",
      "t" : 1756458162943,
      "tn" : 1756458162943130638,
      "q" : "170",
      "p" : "0.027738",
      "s" : "sell",
      "i" : "IOTX_USD",
      "m" : "4611686018431557597"
    }, {
      "d" : "1756458162940221747",
      "t" : 1756458162940,
      "tn" : 1756458162940221747,
      "q" : "170",
      "p" : "0.027749",
      "s" : "sell",
      "i" : "IOTX_USD",
      "m" : "4611686018431557596"
    }, {
      "d" : "1756458162940042916",
      "t" : 1756458162940,
      "tn" : 1756458162940042916,
      "q" : "170",
      "p" : "0.027760",
      "s" : "sell",
      "i" : "IOTX_USD",
      "m" : "4611686018431557595"
    }, {
      "d" : "1756458162924339712",
      "t" : 1756458162924,
      "tn" : 1756458162924339712,
      "q" : "170",
      "p" : "0.027771",
      "s" : "sell",
      "i" : "IOTX_USD",
      "m" : "4611686018431557594"
    }, {
      "d" : "1756458162506512850",
      "t" : 1756458162506,
      "tn" : 1756458162506512850,
      "q" : "170",
      "p" : "0.027782",
      "s" : "sell",
      "i" : "IOTX_USD",
      "m" : "4611686018431557593"
    }, {
      "d" : "1756458162498099358",
      "t" : 1756458162498,
      "tn" : 1756458162498099358,
      "q" : "170",
      "p" : "0.027793",
      "s" : "sell",
      "i" : "IOTX_USD",
      "m" : "4611686018431557592"
    }, {
      "d" : "1756458159992109082",
      "t" : 1756458159992,
      "tn" : 1756458159992109082,
      "q" : "170",
      "p" : "0.027804",
      "s" : "sell",
      "i" : "IOTX_USD",
      "m" : "4611686018431557591"
    }, {
      "d" : "1756458158036933008",
      "t" : 1756458158036,
      "tn" : 1756458158036933008,
      "q" : "170",
      "p" : "0.027815",
      "s" : "sell",
      "i" : "IOTX_USD",
      "m" : "4611686018431557590"
    }, {
      "d" : "1756458154606545956",
      "t" : 1756458154606,
      "tn" : 1756458154606545956,
      "q" : "170",
      "p" : "0.027826",
      "s" : "sell",
      "i" : "IOTX_USD",
      "m" : "4611686018431557589"
    }, {
      "d" : "1756458152059504072",
      "t" : 1756458152059,
      "tn" : 1756458152059504072,
      "q" : "170",
      "p" : "0.027837",
      "s" : "sell",
      "i" : "IOTX_USD",
      "m" : "4611686018431557588"
    }, {
      "d" : "1756458149090159556",
      "t" : 1756458149090,
      "tn" : 1756458149090159556,
      "q" : "170",
      "p" : "0.027848",
      "s" : "sell",
      "i" : "IOTX_USD",
      "m" : "4611686018431557587"
    }, {
      "d" : "1756458146476174375",
      "t" : 1756458146476,
      "tn" : 1756458146476174375,
      "q" : "170",
      "p" : "0.027859",
      "s" : "sell",
      "i" : "IOTX_USD",
      "m" : "4611686018431557586"
    }, {
      "d" : "1756458103808041981",
      "t" : 1756458103808,
      "tn" : 1756458103808041981,
      "q" : "170",
      "p" : "0.027870",
      "s" : "sell",
      "i" : "IOTX_USD",
      "m" : "4611686018431557585"
    }, {
      "d" : "1756458069887652869",
      "t" : 1756458069887,
      "tn" : 1756458069887652869,
      "q" : "170",
      "p" : "0.027881",
      "s" : "buy",
      "i" : "IOTX_USD",
      "m" : "4611686018431557584"
    }, {
      "d" : "1756458068128061434",
      "t" : 1756458068128,
      "tn" : 1756458068128061434,
      "q" : "170",
      "p" : "0.027870",
      "s" : "buy",
      "i" : "IOTX_USD",
      "m" : "4611686018431557583"
    }, {
      "d" : "1756458063929652088",
      "t" : 1756458063929,
      "tn" : 1756458063929652088,
      "q" : "170",
      "p" : "0.027859",
      "s" : "buy",
      "i" : "IOTX_USD",
      "m" : "4611686018431557582"
    }, {
      "d" : "1756458062009334728",
      "t" : 1756458062009,
      "tn" : 1756458062009334728,
      "q" : "170",
      "p" : "0.027848",
      "s" : "buy",
      "i" : "IOTX_USD",
      "m" : "4611686018431557581"
    }, {
      "d" : "1756458049774811422",
      "t" : 1756458049774,
      "tn" : 1756458049774811422,
      "q" : "170",
      "p" : "0.027837",
      "s" : "sell",
      "i" : "IOTX_USD",
      "m" : "4611686018431557580"
    }, {
      "d" : "1756458049768980629",
      "t" : 1756458049768,
      "tn" : 1756458049768980629,
      "q" : "3590",
      "p" : "0.027854",
      "s" : "sell",
      "i" : "IOTX_USD",
      "m" : "4611686018431557579"
    }, {
      "d" : "1756458049762024295",
      "t" : 1756458049762,
      "tn" : 1756458049762024295,
      "q" : "170",
      "p" : "0.027848",
      "s" : "sell",
      "i" : "IOTX_USD",
      "m" : "4611686018431557578"
    }, {
      "d" : "1756458049762022228",
      "t" : 1756458049762,
      "tn" : 1756458049762022228,
      "q" : "4100",
      "p" : "0.027853",
      "s" : "sell",
      "i" : "IOTX_USD",
      "m" : "4611686018431557577"
    }, {
      "d" : "1756458049761938250",
      "t" : 1756458049761,
      "tn" : 1756458049761938250,
      "q" : "5160",
      "p" : "0.027853",
      "s" : "sell",
      "i" : "IOTX_USD",
      "m" : "4611686018431557576"
    }, {
      "d" : "1756458049759197900",
      "t" : 1756458049759,
      "tn" : 1756458049759197900,
      "q" : "170",
      "p" : "0.027859",
      "s" : "sell",
      "i" : "IOTX_USD",
      "m" : "4611686018431557575"
    }, {
      "d" : "1756458049756956491",
      "t" : 1756458049756,
      "tn" : 1756458049756956491,
      "q" : "170",
      "p" : "0.027870",
      "s" : "sell",
      "i" : "IOTX_USD",
      "m" : "4611686018431557574"
    }, {
      "d" : "1756458049754118808",
      "t" : 1756458049754,
      "tn" : 1756458049754118808,
      "q" : "170",
      "p" : "0.027881",
      "s" : "sell",
      "i" : "IOTX_USD",
      "m" : "4611686018431557573"
    }, {
      "d" : "1756458049754116698",
      "t" : 1756458049754,
      "tn" : 1756458049754116698,
      "q" : "170",
      "p" : "0.027892",
      "s" : "sell",
      "i" : "IOTX_USD",
      "m" : "4611686018431557572"
    }, {
      "d" : "1756458049754114248",
      "t" : 1756458049754,
      "tn" : 1756458049754114248,
      "q" : "170",
      "p" : "0.027903",
      "s" : "sell",
      "i" : "IOTX_USD",
      "m" : "4611686018431557571"
    }, {
      "d" : "1756458038572329074",
      "t" : 1756458038572,
      "tn" : 1756458038572329074,
      "q" : "170",
      "p" : "0.027914",
      "s" : "sell",
      "i" : "IOTX_USD",
      "m" : "4611686018431557570"
    }, {
      "d" : "1756458037967856418",
      "t" : 1756458037967,
      "tn" : 1756458037967856418,
      "q" : "170",
      "p" : "0.027925",
      "s" : "sell",
      "i" : "IOTX_USD",
      "m" : "4611686018431557569"
    }, {
      "d" : "1756458037958285660",
      "t" : 1756458037958,
      "tn" : 1756458037958285660,
      "q" : "170",
      "p" : "0.027936",
      "s" : "sell",
      "i" : "IOTX_USD",
      "m" : "4611686018431557568"
    }, {
      "d" : "1756458022613004810",
      "t" : 1756458022613,
      "tn" : 1756458022613004810,
      "q" : "170",
      "p" : "0.027947",
      "s" : "sell",
      "i" : "IOTX_USD",
      "m" : "4611686018431557567"
    }, {
      "d" : "1756458016633089372",
      "t" : 1756458016633,
      "tn" : 1756458016633089372,
      "q" : "170",
      "p" : "0.027958",
      "s" : "sell",
      "i" : "IOTX_USD",
      "m" : "4611686018431557566"
    }, {
      "d" : "1756458002062675190",
      "t" : 1756458002062,
      "tn" : 1756458002062675190,
      "q" : "170",
      "p" : "0.027969",
      "s" : "buy",
      "i" : "IOTX_USD",
      "m" : "4611686018431557565"
    }, {
      "d" : "1756457954719360145",
      "t" : 1756457954719,
      "tn" : 1756457954719360145,
      "q" : "170",
      "p" : "0.027958",
      "s" : "sell",
      "i" : "IOTX_USD",
      "m" : "4611686018431557564"
    }, {
      "d" : "1756457952846110806",
      "t" : 1756457952846,
      "tn" : 1756457952846110806,
      "q" : "170",
      "p" : "0.027969",
      "s" : "sell",
      "i" : "IOTX_USD",
      "m" : "4611686018431557563"
    }, {
      "d" : "1756457886747674520",
      "t" : 1756457886747,
      "tn" : 1756457886747674520,
      "q" : "170",
      "p" : "0.027980",
      "s" : "buy",
      "i" : "IOTX_USD",
      "m" : "4611686018431557562"
    }, {
      "d" : "1756457865045754920",
      "t" : 1756457865045,
      "tn" : 1756457865045754920,
      "q" : "170",
      "p" : "0.027969",
      "s" : "sell",
      "i" : "IOTX_USD",
      "m" : "4611686018431557561"
    }, {
      "d" : "1756457819879667340",
      "t" : 1756457819879,
      "tn" : 1756457819879667340,
      "q" : "170",
      "p" : "0.027980",
      "s" : "sell",
      "i" : "IOTX_USD",
      "m" : "4611686018431557560"
    }, {
      "d" : "1756457819804784909",
      "t" : 1756457819804,
      "tn" : 1756457819804784909,
      "q" : "170",
      "p" : "0.027991",
      "s" : "sell",
      "i" : "IOTX_USD",
      "m" : "4611686018431557559"
    }, {
      "d" : "1756457819799764210",
      "t" : 1756457819799,
      "tn" : 1756457819799764210,
      "q" : "170",
      "p" : "0.028002",
      "s" : "sell",
      "i" : "IOTX_USD",
      "m" : "4611686018431557558"
    }, {
      "d" : "1756457819799760910",
      "t" : 1756457819799,
      "tn" : 1756457819799760910,
      "q" : "170",
      "p" : "0.028013",
      "s" : "sell",
      "i" : "IOTX_USD",
      "m" : "4611686018431557557"
    }, {
      "d" : "1756457768254189471",
      "t" : 1756457768254,
      "tn" : 1756457768254189471,
      "q" : "170",
      "p" : "0.028024",
      "s" : "sell",
      "i" : "IOTX_USD",
      "m" : "4611686018431557556"
    }, {
      "d" : "1756457768249638255",
      "t" : 1756457768249,
      "tn" : 1756457768249638255,
      "q" : "170",
      "p" : "0.028035",
      "s" : "sell",
      "i" : "IOTX_USD",
      "m" : "4611686018431557555"
    }, {
      "d" : "1756457768249636315",
      "t" : 1756457768249,
      "tn" : 1756457768249636315,
      "q" : "23310",
      "p" : "0.028040",
      "s" : "sell",
      "i" : "IOTX_USD",
      "m" : "4611686018431557554"
    }, {
      "d" : "1756457768249634006",
      "t" : 1756457768249,
      "tn" : 1756457768249634006,
      "q" : "170",
      "p" : "0.028046",
      "s" : "sell",
      "i" : "IOTX_USD",
      "m" : "4611686018431557553"
    }, {
      "d" : "1756457768249631592",
      "t" : 1756457768249,
      "tn" : 1756457768249631592,
      "q" : "170",
      "p" : "0.028057",
      "s" : "sell",
      "i" : "IOTX_USD",
      "m" : "4611686018431557552"
    }, {
      "d" : "1756457768249629285",
      "t" : 1756457768249,
      "tn" : 1756457768249629285,
      "q" : "730",
      "p" : "0.028067",
      "s" : "sell",
      "i" : "IOTX_USD",
      "m" : "4611686018431557551"
    }, {
      "d" : "1756457768248890325",
      "t" : 1756457768248,
      "tn" : 1756457768248890325,
      "q" : "170",
      "p" : "0.028067",
      "s" : "sell",
      "i" : "IOTX_USD",
      "m" : "4611686018431557550"
    }, {
      "d" : "1756457768248888633",
      "t" : 1756457768248,
      "tn" : 1756457768248888633,
      "q" : "170",
      "p" : "0.028068",
      "s" : "sell",
      "i" : "IOTX_USD",
      "m" : "4611686018431557549"
    }, {
      "d" : "1756457768248886046",
      "t" : 1756457768248,
      "tn" : 1756457768248886046,
      "q" : "170",
      "p" : "0.028079",
      "s" : "sell",
      "i" : "IOTX_USD",
      "m" : "4611686018431557548"
    }, {
      "d" : "1756457709146927966",
      "t" : 1756457709146,
      "tn" : 1756457709146927966,
      "q" : "170",
      "p" : "0.028090",
      "s" : "buy",
      "i" : "IOTX_USD",
      "m" : "4611686018431557547"
    }, {
      "d" : "1756457590792066558",
      "t" : 1756457590792,
      "tn" : 1756457590792066558,
      "q" : "170",
      "p" : "0.028079",
      "s" : "sell",
      "i" : "IOTX_USD",
      "m" : "4611686018431557546"
    }, {
      "d" : "1756457576034695073",
      "t" : 1756457576034,
      "tn" : 1756457576034695073,
      "q" : "170",
      "p" : "0.028090",
      "s" : "sell",
      "i" : "IOTX_USD",
      "m" : "4611686018431557545"
    }, {
      "d" : "1756457573583487266",
      "t" : 1756457573583,
      "tn" : 1756457573583487266,
      "q" : "170",
      "p" : "0.028101",
      "s" : "sell",
      "i" : "IOTX_USD",
      "m" : "4611686018431557544"
    }, {
      "d" : "1756457505752257480",
      "t" : 1756457505752,
      "tn" : 1756457505752257480,
      "q" : "170",
      "p" : "0.028112",
      "s" : "sell",
      "i" : "IOTX_USD",
      "m" : "4611686018431557543"
    }, {
      "d" : "1756457204799101666",
      "t" : 1756457204799,
      "tn" : 1756457204799101666,
      "q" : "170",
      "p" : "0.028123",
      "s" : "sell",
      "i" : "IOTX_USD",
      "m" : "4611686018431557542"
    }, {
      "d" : "1756457204798936146",
      "t" : 1756457204798,
      "tn" : 1756457204798936146,
      "q" : "160",
      "p" : "0.028134",
      "s" : "sell",
      "i" : "IOTX_USD",
      "m" : "4611686018431557541"
    }, {
      "d" : "1756457204798933749",
      "t" : 1756457204798,
      "tn" : 1756457204798933749,
      "q" : "160",
      "p" : "0.028145",
      "s" : "sell",
      "i" : "IOTX_USD",
      "m" : "4611686018431557540"
    }, {
      "d" : "1756457187353329855",
      "t" : 1756457187353,
      "tn" : 1756457187353329855,
      "q" : "160",
      "p" : "0.028156",
      "s" : "sell",
      "i" : "IOTX_USD",
      "m" : "4611686018431557539"
    }, {
      "d" : "1756456909285512121",
      "t" : 1756456909285,
      "tn" : 1756456909285512121,
      "q" : "160",
      "p" : "0.028167",
      "s" : "buy",
      "i" : "IOTX_USD",
      "m" : "4611686018431557538"
    }, {
      "d" : "1756456895705491560",
      "t" : 1756456895705,
      "tn" : 1756456895705491560,
      "q" : "160",
      "p" : "0.028156",
      "s" : "sell",
      "i" : "IOTX_USD",
      "m" : "4611686018431557537"
    }, {
      "d" : "1756456798531670304",
      "t" : 1756456798531,
      "tn" : 1756456798531670304,
      "q" : "160",
      "p" : "0.028167",
      "s" : "sell",
      "i" : "IOTX_USD",
      "m" : "4611686018431557536"
    }, {
      "d" : "1756456783790997800",
      "t" : 1756456783790,
      "tn" : 1756456783790997800,
      "q" : "160",
      "p" : "0.028178",
      "s" : "sell",
      "i" : "IOTX_USD",
      "m" : "4611686018431557535"
    }, {
      "d" : "1756456759040348752",
      "t" : 1756456759040,
      "tn" : 1756456759040348752,
      "q" : "160",
      "p" : "0.028189",
      "s" : "buy",
      "i" : "IOTX_USD",
      "m" : "4611686018431557534"
    }, {
      "d" : "1756456753484981988",
      "t" : 1756456753484,
      "tn" : 1756456753484981988,
      "q" : "160",
      "p" : "0.028178",
      "s" : "buy",
      "i" : "IOTX_USD",
      "m" : "4611686018431557533"
    }, {
      "d" : "1756456627663594814",
      "t" : 1756456627663,
      "tn" : 1756456627663594814,
      "q" : "160",
      "p" : "0.028167",
      "s" : "buy",
      "i" : "IOTX_USD",
      "m" : "4611686018431557532"
    }, {
      "d" : "1756456575696057401",
      "t" : 1756456575696,
      "tn" : 1756456575696057401,
      "q" : "160",
      "p" : "0.028156",
      "s" : "sell",
      "i" : "IOTX_USD",
      "m" : "4611686018431557531"
    }, {
      "d" : "1756456561590210337",
      "t" : 1756456561590,
      "tn" : 1756456561590210337,
      "q" : "160",
      "p" : "0.028167",
      "s" : "sell",
      "i" : "IOTX_USD",
      "m" : "4611686018431557530"
    }, {
      "d" : "1756456560382744640",
      "t" : 1756456560382,
      "tn" : 1756456560382744640,
      "q" : "160",
      "p" : "0.028178",
      "s" : "sell",
      "i" : "IOTX_USD",
      "m" : "4611686018431557529"
    }, {
      "d" : "1756456540850763401",
      "t" : 1756456540850,
      "tn" : 1756456540850763401,
      "q" : "160",
      "p" : "0.028189",
      "s" : "sell",
      "i" : "IOTX_USD",
      "m" : "4611686018431557528"
    }, {
      "d" : "1756456510781228785",
      "t" : 1756456510781,
      "tn" : 1756456510781228785,
      "q" : "160",
      "p" : "0.028200",
      "s" : "sell",
      "i" : "IOTX_USD",
      "m" : "4611686018431557527"
    }, {
      "d" : "1756456504696903070",
      "t" : 1756456504696,
      "tn" : 1756456504696903070,
      "q" : "160",
      "p" : "0.028211",
      "s" : "sell",
      "i" : "IOTX_USD",
      "m" : "4611686018431557526"
    }, {
      "d" : "1756456479257131605",
      "t" : 1756456479257,
      "tn" : 1756456479257131605,
      "q" : "160",
      "p" : "0.028222",
      "s" : "buy",
      "i" : "IOTX_USD",
      "m" : "4611686018431557525"
    }, {
      "d" : "1756456461019247305",
      "t" : 1756456461019,
      "tn" : 1756456461019247305,
      "q" : "160",
      "p" : "0.028211",
      "s" : "buy",
      "i" : "IOTX_USD",
      "m" : "4611686018431557524"
    }, {
      "d" : "1756456458616157238",
      "t" : 1756456458616,
      "tn" : 1756456458616157238,
      "q" : "160",
      "p" : "0.028200",
      "s" : "buy",
      "i" : "IOTX_USD",
      "m" : "4611686018431557523"
    }, {
      "d" : "1756456429819856486",
      "t" : 1756456429819,
      "tn" : 1756456429819856486,
      "q" : "160",
      "p" : "0.028189",
      "s" : "buy",
      "i" : "IOTX_USD",
      "m" : "4611686018431557522"
    }, {
      "d" : "1756456397391489659",
      "t" : 1756456397391,
      "tn" : 1756456397391489659,
      "q" : "160",
      "p" : "0.028178",
      "s" : "sell",
      "i" : "IOTX_USD",
      "m" : "4611686018431557521"
    }, {
      "d" : "1756456315963256598",
      "t" : 1756456315963,
      "tn" : 1756456315963256598,
      "q" : "160",
      "p" : "0.028189",
      "s" : "buy",
      "i" : "IOTX_USD",
      "m" : "4611686018431557520"
    }, {
      "d" : "1756456147677573799",
      "t" : 1756456147677,
      "tn" : 1756456147677573799,
      "q" : "160",
      "p" : "0.028178",
      "s" : "sell",
      "i" : "IOTX_USD",
      "m" : "4611686018431557519"
    }, {
      "d" : "1756456114216676459",
      "t" : 1756456114216,
      "tn" : 1756456114216676459,
      "q" : "160",
      "p" : "0.028189",
      "s" : "sell",
      "i" : "IOTX_USD",
      "m" : "4611686018431557518"
    }, {
      "d" : "1756456051738004725",
      "t" : 1756456051738,
      "tn" : 1756456051738004725,
      "q" : "160",
      "p" : "0.028200",
      "s" : "sell",
      "i" : "IOTX_USD",
      "m" : "4611686018431557517"
    } ]
  }
}