{
  "id" : -1,
  "method" : "public/get-trades",
  "code" : 0,
  "result" : {
    "data" : [ {
      "d" : "1756458049754066334",
      "t" : 1756458049754,
      "tn" : 1756458049754066334,
      "q" : "7170",
      "p" : "0.027870",
      "s" : "sell",
      "i" : "IOTXUSD-PERP",
      "m" : "4611686018430230861"
    }, {
      "d" : "1756458049754064054",
      "t" : 1756458049754,
      "tn" : 1756458049754064054,
      "q" : "10",
      "p" : "0.027876",
      "s" : "sell",
      "i" : "IOTXUSD-PERP",
      "m" : "4611686018430230860"
    }, {
      "d" : "1756458049754061558",
      "t" : 1756458049754,
      "tn" : 1756458049754061558,
      "q" : "10",
      "p" : "0.027905",
      "s" : "sell",
      "i" : "IOTXUSD-PERP",
      "m" : "4611686018430230859"
    }, {
      "d" : "1756457768249058119",
      "t" : 1756457768249,
      "tn" : 1756457768249058119,
      "q" : "10",
      "p" : "0.028035",
      "s" : "sell",
      "i" : "IOTXUSD-PERP",
      "m" : "4611686018430230858"
    }, {
      "d" : "1756457768249051748",
      "t" : 1756457768249,
      "tn" : 1756457768249051748,
      "q" : "7130",
      "p" : "0.028044",
      "s" : "sell",
      "i" : "IOTXUSD-PERP",
      "m" : "4611686018430230857"
    }, {
      "d" : "1756457768249048470",
      "t" : 1756457768249,
      "tn" : 1756457768249048470,
      "q" : "10",
      "p" : "0.028055",
      "s" : "sell",
      "i" : "IOTXUSD-PERP",
      "m" : "4611686018430230856"
    }, {
      "d" : "1756451669484861487",
      "t" : 1756451669484,
      "tn" : 1756451669484861486,
      "q" : "7050",
      "p" : "0.028350",
      "s" : "sell",
      "i" : "IOTXUSD-PERP",
      "m" : "4611686018430230855"
    }, {
      "d" : "1756451669484861486",
      "t" : 1756451669484,
      "tn" : 1756451669484861486,
      "q" : "10",
      "p" : "0.028350",
      "s" : "sell",
      "i" : "IOTXUSD-PERP",
      "m" : "4611686018430230855"
    }, {
      "d" : "1756451669484856764",
      "t" : 1756451669484,
      "tn" : 1756451669484856764,
      "q" : "10",
      "p" : "0.028382",
      "s" : "sell",
      "i" : "IOTXUSD-PERP",
      "m" : "4611686018430230854"
    }, {
      "d" : "1756451666041352143",
      "t" : 1756451666041,
      "tn" : 1756451666041352143,
      "q" : "10",
      "p" : "0.028386",
      "s" : "sell",
      "i" : "IOTXUSD-PERP",
      "m" : "4611686018430230853"
    }, {
      "d" : "1756451666041350055",
      "t" : 1756451666041,
      "tn" : 1756451666041350055,
      "q" : "10",
      "p" : "0.028418",
      "s" : "sell",
      "i" : "IOTXUSD-PERP",
      "m" : "4611686018430230852"
    }, {
      "d" : "1756425069457847533",
      "t" : 1756425069457,
      "tn" : 1756425069457847533,
      "q" : "410",
      "p" : "0.029040",
      "s" : "sell",
      "i" : "IOTXUSD-PERP",
      "m" : "4611686018430230851"
    }, {
      "d" : "1756425069457845902",
      "t" : 1756425069457,
      "tn" : 1756425069457845902,
      "q" : "10",
      "p" : "0.029043",
      "s" : "sell",
      "i" : "IOTXUSD-PERP",
      "m" : "4611686018430230850"
    }, {
      "d" : "1756425069457843444",
      "t" : 1756425069457,
      "tn" : 1756425069457843444,
      "q" : "10",
      "p" : "0.029075",
      "s" : "sell",
      "i" : "IOTXUSD-PERP",
      "m" : "4611686018430230849"
    } ]
  }
}