{
  "id" : -1,
  "method" : "public/get-trades",
  "code" : 0,
  "result" : {
    "data" : [ {
      "d" : "1756461085569837545",
      "t" : 1756461085569,
      "tn" : 1756461085569837545,
      "q" : "220",
      "p" : "0.027899",
      "s" : "sell",
      "i" : "IOTX_USDT",
      "m" : "4611686018432660765"
    }, {
      "d" : "1756461060059051126",
      "t" : 1756461060059,
      "tn" : 1756461060059051126,
      "q" : "220",
      "p" : "0.027910",
      "s" : "sell",
      "i" : "IOTX_USDT",
      "m" : "4611686018432660764"
    }, {
      "d" : "1756460897539968323",
      "t" : 1756460897539,
      "tn" : 1756460897539968323,
      "q" : "220",
      "p" : "0.027921",
      "s" : "buy",
      "i" : "IOTX_USDT",
      "m" : "4611686018432660763"
    }, {
      "d" : "1756460864665195615",
      "t" : 1756460864665,
      "tn" : 1756460864665195615,
      "q" : "220",
      "p" : "0.027910",
      "s" : "buy",
      "i" : "IOTX_USDT",
      "m" : "4611686018432660762"
    }, {
      "d" : "1756460840117144363",
      "t" : 1756460840117,
      "tn" : 1756460840117144363,
      "q" : "220",
      "p" : "0.027899",
      "s" : "buy",
      "i" : "IOTX_USDT",
      "m" : "4611686018432660761"
    }, {
      "d" : "1756460790953141831",
      "t" : 1756460790953,
      "tn" : 1756460790953141831,
      "q" : "220",
      "p" : "0.027888",
      "s" : "buy",
      "i" : "IOTX_USDT",
      "m" : "4611686018432660760"
    }, {
      "d" : "1756460777800293573",
      "t" : 1756460777800,
      "tn" : 1756460777800293573,
      "q" : "220",
      "p" : "0.027877",
      "s" : "buy",
      "i" : "IOTX_USDT",
      "m" : "4611686018432660759"
    }, {
      "d" : "1756460565420129903",
      "t" : 1756460565420,
      "tn" : 1756460565420129903,
      "q" : "220",
      "p" : "0.027866",
      "s" : "sell",
      "i" : "IOTX_USDT",
      "m" : "4611686018432660758"
    }, {
      "d" : "1756460333344122853",
      "t" : 1756460333344,
      "tn" : 1756460333344122853,
      "q" : "220",
      "p" : "0.027877",
      "s" : "buy",
      "i" : "IOTX_USDT",
      "m" : "4611686018432660757"
    }, {
      "d" : "1756460284850931778",
      "t" : 1756460284850,
      "tn" : 1756460284850931778,
      "q" : "220",
      "p" : "0.027866",
      "s" : "buy",
      "i" : "IOTX_USDT",
      "m" : "4611686018432660756"
    }, {
      "d" : "1756460168928256702",
      "t" : 1756460168928,
      "tn" : 1756460168928256702,
      "q" : "220",
      "p" : "0.027855",
      "s" : "sell",
      "i" : "IOTX_USDT",
      "m" : "4611686018432660755"
    }, {
      "d" : "1756460053101503791",
      "t" : 1756460053101,
      "tn" : 1756460053101503791,
      "q" : "220",
      "p" : "0.027866",
      "s" : "sell",
      "i" : "IOTX_USDT",
      "m" : "4611686018432660754"
    }, {
      "d" : "1756459944931818479",
      "t" : 1756459944931,
      "tn" : 1756459944931818479,
      "q" : "220",
      "p" : "0.027877",
      "s" : "sell",
      "i" : "IOTX_USDT",
      "m" : "4611686018432660753"
    }, {
      "d" : "1756459877293224698",
      "t" : 1756459877293,
      "tn" : 1756459877293224698,
      "q" : "220",
      "p" : "0.027888",
      "s" : "sell",
      "i" : "IOTX_USDT",
      "m" : "4611686018432660752"
    }, {
      "d" : "1756459876247632094",
      "t" : 1756459876247,
      "tn" : 1756459876247632094,
      "q" : "220",
      "p" : "0.027899",
      "s" : "sell",
      "i" : "IOTX_USDT",
      "m" : "4611686018432660751"
    }, {
      "d" : "1756459805587983868",
      "t" : 1756459805587,
      "tn" : 1756459805587983868,
      "q" : "220",
      "p" : "0.027910",
      "s" : "buy",
      "i" : "IOTX_USDT",
      "m" : "4611686018432660750"
    }, {
      "d" : "1756459696255950524",
      "t" : 1756459696255,
      "tn" : 1756459696255950524,
      "q" : "220",
      "p" : "0.027899",
      "s" : "sell",
      "i" : "IOTX_USDT",
      "m" : "4611686018432660749"
    }, {
      "d" : "1756459688833842056",
      "t" : 1756459688833,
      "tn" : 1756459688833842056,
      "q" : "220",
      "p" : "0.027910",
      "s" : "sell",
      "i" : "IOTX_USDT",
      "m" : "4611686018432660748"
    }, {
      "d" : "1756459687021731732",
      "t" : 1756459687021,
      "tn" : 1756459687021731732,
      "q" : "220",
      "p" : "0.027921",
      "s" : "sell",
      "i" : "IOTX_USDT",
      "m" : "4611686018432660747"
    }, {
      "d" : "1756459621519270523",
      "t" : 1756459621519,
      "tn" : 1756459621519270523,
      "q" : "220",
      "p" : "0.027932",
      "s" : "sell",
      "i" : "IOTX_USDT",
      "m" : "4611686018432660746"
    }, {
      "d" : "1756459603562200846",
      "t" : 1756459603562,
      "tn" : 1756459603562200846,
      "q" : "220",
      "p" : "0.027943",
      "s" : "sell",
      "i" : "IOTX_USDT",
      "m" : "4611686018432660745"
    }, {
      "d" : "1756459508966470171",
      "t" : 1756459508966,
      "tn" : 1756459508966470171,
      "q" : "220",
      "p" : "0.027954",
      "s" : "sell",
      "i" : "IOTX_USDT",
      "m" : "4611686018432660744"
    }, {
      "d" : "1756459475422011096",
      "t" : 1756459475422,
      "tn" : 1756459475422011096,
      "q" : "220",
      "p" : "0.027965",
      "s" : "sell",
      "i" : "IOTX_USDT",
      "m" : "4611686018432660743"
    }, {
      "d" : "1756459466935756215",
      "t" : 1756459466935,
      "tn" : 1756459466935756215,
      "q" : "220",
      "p" : "0.027976",
      "s" : "sell",
      "i" : "IOTX_USDT",
      "m" : "4611686018432660742"
    }, {
      "d" : "1756459419552725934",
      "t" : 1756459419552,
      "tn" : 1756459419552725934,
      "q" : "220",
      "p" : "0.027987",
      "s" : "sell",
      "i" : "IOTX_USDT",
      "m" : "4611686018432660741"
    }, {
      "d" : "1756459357997033128",
      "t" : 1756459357997,
      "tn" : 1756459357997033128,
      "q" : "220",
      "p" : "0.027998",
      "s" : "buy",
      "i" : "IOTX_USDT",
      "m" : "4611686018432660740"
    }, {
      "d" : "1756459332982024441",
      "t" : 1756459332982,
      "tn" : 1756459332982024441,
      "q" : "220",
      "p" : "0.027987",
      "s" : "sell",
      "i" : "IOTX_USDT",
      "m" : "4611686018432660739"
    }, {
      "d" : "1756459332888110772",
      "t" : 1756459332888,
      "tn" : 1756459332888110772,
      "q" : "220",
      "p" : "0.027998",
      "s" : "sell",
      "i" : "IOTX_USDT",
      "m" : "4611686018432660738"
    }, {
      "d" : "1756459236728056469",
      "t" : 1756459236728,
      "tn" : 1756459236728056469,
      "q" : "220",
      "p" : "0.028009",
      "s" : "buy",
      "i" : "IOTX_USDT",
      "m" : "4611686018432660737"
    }, {
      "d" : "1756459236728055050",
      "t" : 1756459236728,
      "tn" : 1756459236728055050,
      "q" : "220",
      "p" : "0.027998",
      "s" : "buy",
      "i" : "IOTX_USDT",
      "m" : "4611686018432660736"
    }, {
      "d" : "1756459211882519696",
      "t" : 1756459211882,
      "tn" : 1756459211882519696,
      "q" : "220",
      "p" : "0.027987",
      "s" : "buy",
      "i" : "IOTX_USDT",
      "m" : "4611686018432660735"
    }, {
      "d" : "1756459203053614975",
      "t" : 1756459203053,
      "tn" : 1756459203053614975,
      "q" : "220",
      "p" : "0.027976",
      "s" : "buy",
      "i" : "IOTX_USDT",
      "m" : "4611686018432660734"
    }, {
      "d" : "1756459182289901776",
      "t" : 1756459182289,
      "tn" : 1756459182289901776,
      "q" : "220",
      "p" : "0.027965",
      "s" : "buy",
      "i" : "IOTX_USDT",
      "m" : "4611686018432660733"
    }, {
      "d" : "1756459174386183536",
      "t" : 1756459174386,
      "tn" : 1756459174386183536,
      "q" : "220",
      "p" : "0.027954",
      "s" : "buy",
      "i" : "IOTX_USDT",
      "m" : "4611686018432660732"
    }, {
      "d" : "1756459110641041899",
      "t" : 1756459110641,
      "tn" : 1756459110641041899,
      "q" : "220",
      "p" : "0.027943",
      "s" : "sell",
      "i" : "IOTX_USDT",
      "m" : "4611686018432660731"
    }, {
      "d" : "1756459099842883979",
      "t" : 1756459099842,
      "tn" : 1756459099842883979,
      "q" : "220",
      "p" : "0.027954",
      "s" : "buy",
      "i" : "IOTX_USDT",
      "m" : "4611686018432660730"
    }, {
      "d" : "1756459098973987487",
      "t" : 1756459098973,
      "tn" : 1756459098973987487,
      "q" : "220",
      "p" : "0.027943",
      "s" : "buy",
      "i" : "IOTX_USDT",
      "m" : "4611686018432660729"
    }, {
      "d" : "1756459098965339164",
      "t" : 1756459098965,
      "tn" : 1756459098965339164,
      "q" : "220",
      "p" : "0.027932",
      "s" : "buy",
      "i" : "IOTX_USDT",
      "m" : "4611686018432660728"
    }, {
      "d" : "1756459098964108632",
      "t" : 1756459098964,
      "tn" : 1756459098964108632,
      "q" : "220",
      "p" : "0.027921",
      "s" : "buy",
      "i" : "IOTX_USDT",
      "m" : "4611686018432660727"
    }, {
      "d" : "1756459067211266109",
      "t" : 1756459067211,
      "tn" : 1756459067211266109,
      "q" : "220",
      "p" : "0.027910",
      "s" : "sell",
      "i" : "IOTX_USDT",
      "m" : "4611686018432660726"
    }, {
      "d" : "1756459052779909588",
      "t" : 1756459052779,
      "tn" : 1756459052779909588,
      "q" : "220",
      "p" : "0.027921",
      "s" : "sell",
      "i" : "IOTX_USDT",
      "m" : "4611686018432660725"
    }, {
      "d" : "1756459006001441727",
      "t" : 1756459006001,
      "tn" : 1756459006001441727,
      "q" : "220",
      "p" : "0.027932",
      "s" : "buy",
      "i" : "IOTX_USDT",
      "m" : "4611686018432660724"
    }, {
      "d" : "1756458992849697521",
      "t" : 1756458992849,
      "tn" : 1756458992849697521,
      "q" : "220",
      "p" : "0.027921",
      "s" : "buy",
      "i" : "IOTX_USDT",
      "m" : "4611686018432660723"
    }, {
      "d" : "1756458992686250209",
      "t" : 1756458992686,
      "tn" : 1756458992686250209,
      "q" : "220",
      "p" : "0.027910",
      "s" : "buy",
      "i" : "IOTX_USDT",
      "m" : "4611686018432660722"
    }, {
      "d" : "1756458992685082620",
      "t" : 1756458992685,
      "tn" : 1756458992685082620,
      "q" : "220",
      "p" : "0.027899",
      "s" : "buy",
      "i" : "IOTX_USDT",
      "m" : "4611686018432660721"
    }, {
      "d" : "1756458915267353085",
      "t" : 1756458915267,
      "tn" : 1756458915267353085,
      "q" : "220",
      "p" : "0.027888",
      "s" : "sell",
      "i" : "IOTX_USDT",
      "m" : "4611686018432660720"
    }, {
      "d" : "1756458914766645923",
      "t" : 1756458914766,
      "tn" : 1756458914766645923,
      "q" : "220",
      "p" : "0.027899",
      "s" : "sell",
      "i" : "IOTX_USDT",
      "m" : "4611686018432660719"
    }, {
      "d" : "1756458694913570501",
      "t" : 1756458694913,
      "tn" : 1756458694913570501,
      "q" : "220",
      "p" : "0.027910",
      "s" : "buy",
      "i" : "IOTX_USDT",
      "m" : "4611686018432660718"
    }, {
      "d" : "1756458674869990157",
      "t" : 1756458674869,
      "tn" : 1756458674869990157,
      "q" : "220",
      "p" : "0.027899",
      "s" : "buy",
      "i" : "IOTX_USDT",
      "m" : "4611686018432660717"
    }, {
      "d" : "1756458669497618449",
      "t" : 1756458669497,
      "tn" : 1756458669497618449,
      "q" : "220",
      "p" : "0.027888",
      "s" : "buy",
      "i" : "IOTX_USDT",
      "m" : "4611686018432660716"
    }, {
      "d" : "1756458566435984995",
      "t" : 1756458566435,
      "tn" : 1756458566435984995,
      "q" : "220",
      "p" : "0.027877",
      "s" : "buy",
      "i" : "IOTX_USDT",
      "m" : "4611686018432660715"
    }, {
      "d" : "1756458562818711881",
      "t" : 1756458562818,
      "tn" : 1756458562818711881,
      "q" : "220",
      "p" : "0.027866",
      "s" : "buy",
      "i" : "IOTX_USDT",
      "m" : "4611686018432660714"
    }, {
      "d" : "1756458562815036746",
      "t" : 1756458562815,
      "tn" : 1756458562815036746,
      "q" : "220",
      "p" : "0.027855",
      "s" : "buy",
      "i" : "IOTX_USDT",
      "m" : "4611686018432660713"
    }, {
      "d" : "1756458426680465242",
      "t" : 1756458426680,
      "tn" : 1756458426680465242,
      "q" : "220",
      "p" : "0.027844",
      "s" : "sell",
      "i" : "IOTX_USDT",
      "m" : "4611686018432660712"
    }, {
      "d" : "1756458351865740160",
      "t" : 1756458351865,
      "tn" : 1756458351865740160,
      "q" : "220",
      "p" : "0.027855",
      "s" : "buy",
      "i" : "IOTX_USDT",
      "m" : "4611686018432660711"
    }, {
      "d" : "1756458347762871333",
      "t" : 1756458347762,
      "tn" : 1756458347762871333,
      "q" : "220",
      "p" : "0.027844",
      "s" : "buy",
      "i" : "IOTX_USDT",
      "m" : "4611686018432660710"
    }, {
      "d" : "1756458338250995693",
      "t" : 1756458338250,
      "tn" : 1756458338250995693,
      "q" : "220",
      "p" : "0.027833",
      "s" : "buy",
      "i" : "IOTX_USDT",
      "m" : "4611686018432660709"
    }, {
      "d" : "1756458286319074465",
      "t" : 1756458286319,
      "tn" : 1756458286319074465,
      "q" : "220",
      "p" : "0.027822",
      "s" : "sell",
      "i" : "IOTX_USDT",
      "m" : "4611686018432660708"
    }, {
      "d" : "1756458245904892818",
      "t" : 1756458245904,
      "tn" : 1756458245904892818,
      "q" : "220",
      "p" : "0.027833",
      "s" : "buy",
      "i" : "IOTX_USDT",
      "m" : "4611686018432660707"
    }, {
      "d" : "1756458243506413288",
      "t" : 1756458243506,
      "tn" : 1756458243506413288,
      "q" : "220",
      "p" : "0.027822",
      "s" : "buy",
      "i" : "IOTX_USDT",
      "m" : "4611686018432660706"
    }, {
      "d" : "1756458208838869584",
      "t" : 1756458208838,
      "tn" : 1756458208838869584,
      "q" : "220",
      "p" : "0.027811",
      "s" : "buy",
      "i" : "IOTX_USDT",
      "m" : "4611686018432660705"
    }, {
      "d" : "1756458206991664735",
      "t" : 1756458206991,
      "tn" : 1756458206991664735,
      "q" : "220",
      "p" : "0.027800",
      "s" : "buy",
      "i" : "IOTX_USDT",
      "m" : "4611686018432660704"
    }, {
      "d" : "1756458195471557583",
      "t" : 1756458195471,
      "tn" : 1756458195471557583,
      "q" : "220",
      "p" : "0.027789",
      "s" : "buy",
      "i" : "IOTX_USDT",
      "m" : "4611686018432660703"
    }, {
      "d" : "1756458174647974145",
      "t" : 1756458174647,
      "tn" : 1756458174647974145,
      "q" : "220",
      "p" : "0.027778",
      "s" : "buy",
      "i" : "IOTX_USDT",
      "m" : "4611686018432660702"
    }, {
      "d" : "1756458174383724383",
      "t" : 1756458174383,
      "tn" : 1756458174383724383,
      "q" : "220",
      "p" : "0.027767",
      "s" : "buy",
      "i" : "IOTX_USDT",
      "m" : "4611686018432660701"
    }, {
      "d" : "1756458174308611815",
      "t" : 1756458174308,
      "tn" : 1756458174308611815,
      "q" : "220",
      "p" : "0.027756",
      "s" : "buy",
      "i" : "IOTX_USDT",
      "m" : "4611686018432660700"
    }, {
      "d" : "1756458174161302480",
      "t" : 1756458174161,
      "tn" : 1756458174161302480,
      "q" : "220",
      "p" : "0.027745",
      "s" : "buy",
      "i" : "IOTX_USDT",
      "m" : "4611686018432660699"
    }, {
      "d" : "1756458163862021828",
      "t" : 1756458163862,
      "tn" : 1756458163862021828,
      "q" : "220",
      "p" : "0.027734",
      "s" : "sell",
      "i" : "IOTX_USDT",
      "m" : "4611686018432660698"
    }, {
      "d" : "1756458163658035772",
      "t" : 1756458163658,
      "tn" : 1756458163658035772,
      "q" : "220",
      "p" : "0.027745",
      "s" : "sell",
      "i" : "IOTX_USDT",
      "m" : "4611686018432660697"
    }, {
      "d" : "1756458162940046199",
      "t" : 1756458162940,
      "tn" : 1756458162940046199,
      "q" : "220",
      "p" : "0.027756",
      "s" : "sell",
      "i" : "IOTX_USDT",
      "m" : "4611686018432660696"
    }, {
      "d" : "1756458162924326348",
      "t" : 1756458162924,
      "tn" : 1756458162924326348,
      "q" : "220",
      "p" : "0.027767",
      "s" : "sell",
      "i" : "IOTX_USDT",
      "m" : "4611686018432660695"
    }, {
      "d" : "1756458162500176111",
      "t" : 1756458162500,
      "tn" : 1756458162500176111,
      "q" : "220",
      "p" : "0.027778",
      "s" : "sell",
      "i" : "IOTX_USDT",
      "m" : "4611686018432660694"
    }, {
      "d" : "1756458162498062304",
      "t" : 1756458162498,
      "tn" : 1756458162498062304,
      "q" : "220",
      "p" : "0.027789",
      "s" : "sell",
      "i" : "IOTX_USDT",
      "m" : "4611686018432660693"
    }, {
      "d" : "1756458156782054682",
      "t" : 1756458156782,
      "tn" : 1756458156782054682,
      "q" : "220",
      "p" : "0.027800",
      "s" : "sell",
      "i" : "IOTX_USDT",
      "m" : "4611686018432660692"
    }, {
      "d" : "1756458154606991268",
      "t" : 1756458154606,
      "tn" : 1756458154606991268,
      "q" : "220",
      "p" : "0.027811",
      "s" : "sell",
      "i" : "IOTX_USDT",
      "m" : "4611686018432660691"
    }, {
      "d" : "1756458154606989354",
      "t" : 1756458154606,
      "tn" : 1756458154606989354,
      "q" : "220",
      "p" : "0.027822",
      "s" : "sell",
      "i" : "IOTX_USDT",
      "m" : "4611686018432660690"
    }, {
      "d" : "1756458154198950282",
      "t" : 1756458154198,
      "tn" : 1756458154198950282,
      "q" : "220",
      "p" : "0.027833",
      "s" : "sell",
      "i" : "IOTX_USDT",
      "m" : "4611686018432660689"
    }, {
      "d" : "1756458149090796184",
      "t" : 1756458149090,
      "tn" : 1756458149090796184,
      "q" : "220",
      "p" : "0.027844",
      "s" : "sell",
      "i" : "IOTX_USDT",
      "m" : "4611686018432660688"
    }, {
      "d" : "1756458146476888714",
      "t" : 1756458146476,
      "tn" : 1756458146476888714,
      "q" : "220",
      "p" : "0.027855",
      "s" : "sell",
      "i" : "IOTX_USDT",
      "m" : "4611686018432660687"
    }, {
      "d" : "1756458103807999846",
      "t" : 1756458103807,
      "tn" : 1756458103807999846,
      "q" : "220",
      "p" : "0.027866",
      "s" : "sell",
      "i" : "IOTX_USDT",
      "m" : "4611686018432660686"
    }, {
      "d" : "1756458068139023306",
      "t" : 1756458068139,
      "tn" : 1756458068139023306,
      "q" : "220",
      "p" : "0.027877",
      "s" : "buy",
      "i" : "IOTX_USDT",
      "m" : "4611686018432660685"
    }, {
      "d" : "1756458064730397207",
      "t" : 1756458064730,
      "tn" : 1756458064730397207,
      "q" : "220",
      "p" : "0.027866",
      "s" : "buy",
      "i" : "IOTX_USDT",
      "m" : "4611686018432660684"
    }, {
      "d" : "1756458064724686285",
      "t" : 1756458064724,
      "tn" : 1756458064724686285,
      "q" : "220",
      "p" : "0.027855",
      "s" : "buy",
      "i" : "IOTX_USDT",
      "m" : "4611686018432660683"
    }, {
      "d" : "1756458049774813989",
      "t" : 1756458049774,
      "tn" : 1756458049774813989,
      "q" : "220",
      "p" : "0.027834",
      "s" : "sell",
      "i" : "IOTX_USDT",
      "m" : "4611686018432660682"
    }, {
      "d" : "1756458049761932367",
      "t" : 1756458049761,
      "tn" : 1756458049761932367,
      "q" : "220",
      "p" : "0.027844",
      "s" : "sell",
      "i" : "IOTX_USDT",
      "m" : "4611686018432660681"
    }, {
      "d" : "1756458049759880277",
      "t" : 1756458049759,
      "tn" : 1756458049759880277,
      "q" : "2570",
      "p" : "0.027853",
      "s" : "sell",
      "i" : "IOTX_USDT",
      "m" : "4611686018432660680"
    }, {
      "d" : "1756458049759398237",
      "t" : 1756458049759,
      "tn" : 1756458049759398237,
      "q" : "6950",
      "p" : "0.027853",
      "s" : "sell",
      "i" : "IOTX_USDT",
      "m" : "4611686018432660679"
    }, {
      "d" : "1756458049759395407",
      "t" : 1756458049759,
      "tn" : 1756458049759395407,
      "q" : "220",
      "p" : "0.027855",
      "s" : "sell",
      "i" : "IOTX_USDT",
      "m" : "4611686018432660678"
    }, {
      "d" : "1756458049757886400",
      "t" : 1756458049757,
      "tn" : 1756458049757886400,
      "q" : "220",
      "p" : "0.027866",
      "s" : "sell",
      "i" : "IOTX_USDT",
      "m" : "4611686018432660677"
    }, {
      "d" : "1756458049754125755",
      "t" : 1756458049754,
      "tn" : 1756458049754125755,
      "q" : "220",
      "p" : "0.027877",
      "s" : "sell",
      "i" : "IOTX_USDT",
      "m" : "4611686018432660676"
    }, {
      "d" : "1756458049754123479",
      "t" : 1756458049754,
      "tn" : 1756458049754123479,
      "q" : "220",
      "p" : "0.027888",
      "s" : "sell",
      "i" : "IOTX_USDT",
      "m" : "4611686018432660675"
    }, {
      "d" : "1756458049754037822",
      "t" : 1756458049754,
      "tn" : 1756458049754037822,
      "q" : "220",
      "p" : "0.027899",
      "s" : "sell",
      "i" : "IOTX_USDT",
      "m" : "4611686018432660674"
    }, {
      "d" : "1756458038572801781",
      "t" : 1756458038572,
      "tn" : 1756458038572801781,
      "q" : "220",
      "p" : "0.027910",
      "s" : "sell",
      "i" : "IOTX_USDT",
      "m" : "4611686018432660673"
    }, {
      "d" : "1756458037970976057",
      "t" : 1756458037970,
      "tn" : 1756458037970976056,
      "q" : "220",
      "p" : "0.027921",
      "s" : "sell",
      "i" : "IOTX_USDT",
      "m" : "4611686018432660672"
    }, {
      "d" : "1756458037970976056",
      "t" : 1756458037970,
      "tn" : 1756458037970976056,
      "q" : "1980",
      "p" : "0.027921",
      "s" : "sell",
      "i" : "IOTX_USDT",
      "m" : "4611686018432660672"
    }, {
      "d" : "1756458037966894025",
      "t" : 1756458037966,
      "tn" : 1756458037966894025,
      "q" : "220",
      "p" : "0.027921",
      "s" : "sell",
      "i" : "IOTX_USDT",
      "m" : "4611686018432660671"
    }, {
      "d" : "1756458037958104914",
      "t" : 1756458037958,
      "tn" : 1756458037958104914,
      "q" : "220",
      "p" : "0.027932",
      "s" : "sell",
      "i" : "IOTX_USDT",
      "m" : "4611686018432660670"
    }, {
      "d" : "1756458022612981191",
      "t" : 1756458022612,
      "tn" : 1756458022612981191,
      "q" : "220",
      "p" : "0.027943",
      "s" : "sell",
      "i" : "IOTX_USDT",
      "m" : "4611686018432660669"
    }, {
      "d" : "1756457953475976263",
      "t" : 1756457953475,
      "tn" : 1756457953475976263,
      "q" : "220",
      "p" : "0.027954",
      "s" : "sell",
      "i" : "IOTX_USDT",
      "m" : "4611686018432660668"
    }, {
      "d" : "1756457937342783503",
      "t" : 1756457937342,
      "tn" : 1756457937342783503,
      "q" : "220",
      "p" : "0.027965",
      "s" : "sell",
      "i" : "IOTX_USDT",
      "m" : "4611686018432660667"
    }, {
      "d" : "1756457885933433032",
      "t" : 1756457885933,
      "tn" : 1756457885933433032,
      "q" : "220",
      "p" : "0.027976",
      "s" : "buy",
      "i" : "IOTX_USDT",
      "m" : "4611686018432660666"
    }, {
      "d" : "1756457885928514766",
      "t" : 1756457885928,
      "tn" : 1756457885928514766,
      "q" : "220",
      "p" : "0.027965",
      "s" : "buy",
      "i" : "IOTX_USDT",
      "m" : "4611686018432660665"
    }, {
      "d" : "1756457865053735501",
      "t" : 1756457865053,
      "tn" : 1756457865053735501,
      "q" : "220",
      "p" : "0.027954",
      "s" : "sell",
      "i" : "IOTX_USDT",
      "m" : "4611686018432660664"
    }, {
      "d" : "1756457819880763105",
      "t" : 1756457819880,
      "tn" : 1756457819880763105,
      "q" : "2000",
      "p" : "0.027963",
      "s" : "sell",
      "i" : "IOTX_USDT",
      "m" : "4611686018432660663"
    }, {
      "d" : "1756457819880761415",
      "t" : 1756457819880,
      "tn" : 1756457819880761415,
      "q" : "220",
      "p" : "0.027965",
      "s" : "sell",
      "i" : "IOTX_USDT",
      "m" : "4611686018432660662"
    }, {
      "d" : "1756457819875670605",
      "t" : 1756457819875,
      "tn" : 1756457819875670605,
      "q" : "220",
      "p" : "0.027976",
      "s" : "sell",
      "i" : "IOTX_USDT",
      "m" : "4611686018432660661"
    }, {
      "d" : "1756457819870458014",
      "t" : 1756457819870,
      "tn" : 1756457819870458014,
      "q" : "220",
      "p" : "0.027987",
      "s" : "sell",
      "i" : "IOTX_USDT",
      "m" : "4611686018432660660"
    }, {
      "d" : "1756457819800505168",
      "t" : 1756457819800,
      "tn" : 1756457819800505168,
      "q" : "220",
      "p" : "0.027998",
      "s" : "sell",
      "i" : "IOTX_USDT",
      "m" : "4611686018432660659"
    }, {
      "d" : "1756457796818500256",
      "t" : 1756457796818,
      "tn" : 1756457796818500256,
      "q" : "220",
      "p" : "0.028020",
      "s" : "buy",
      "i" : "IOTX_USDT",
      "m" : "4611686018432660658"
    }, {
      "d" : "1756457783640162987",
      "t" : 1756457783640,
      "tn" : 1756457783640162987,
      "q" : "220",
      "p" : "0.028009",
      "s" : "buy",
      "i" : "IOTX_USDT",
      "m" : "4611686018432660657"
    }, {
      "d" : "1756457783523398345",
      "t" : 1756457783523,
      "tn" : 1756457783523398345,
      "q" : "220",
      "p" : "0.028020",
      "s" : "buy",
      "i" : "IOTX_USDT",
      "m" : "4611686018432660656"
    }, {
      "d" : "1756457768252448480",
      "t" : 1756457768252,
      "tn" : 1756457768252448480,
      "q" : "220",
      "p" : "0.027976",
      "s" : "sell",
      "i" : "IOTX_USDT",
      "m" : "4611686018432660655"
    }, {
      "d" : "1756457768252445844",
      "t" : 1756457768252,
      "tn" : 1756457768252445844,
      "q" : "220",
      "p" : "0.027987",
      "s" : "sell",
      "i" : "IOTX_USDT",
      "m" : "4611686018432660654"
    }, {
      "d" : "1756457768252443471",
      "t" : 1756457768252,
      "tn" : 1756457768252443471,
      "q" : "220",
      "p" : "0.027998",
      "s" : "sell",
      "i" : "IOTX_USDT",
      "m" : "4611686018432660653"
    }, {
      "d" : "1756457768252441110",
      "t" : 1756457768252,
      "tn" : 1756457768252441110,
      "q" : "220",
      "p" : "0.028009",
      "s" : "sell",
      "i" : "IOTX_USDT",
      "m" : "4611686018432660652"
    }, {
      "d" : "1756457768249697226",
      "t" : 1756457768249,
      "tn" : 1756457768249697226,
      "q" : "220",
      "p" : "0.028020",
      "s" : "sell",
      "i" : "IOTX_USDT",
      "m" : "4611686018432660651"
    }, {
      "d" : "1756457768249032896",
      "t" : 1756457768249,
      "tn" : 1756457768249032896,
      "q" : "24550",
      "p" : "0.028028",
      "s" : "sell",
      "i" : "IOTX_USDT",
      "m" : "4611686018432660650"
    }, {
      "d" : "1756457768249031359",
      "t" : 1756457768249,
      "tn" : 1756457768249031359,
      "q" : "220",
      "p" : "0.028031",
      "s" : "sell",
      "i" : "IOTX_USDT",
      "m" : "4611686018432660649"
    }, {
      "d" : "1756457768249028139",
      "t" : 1756457768249,
      "tn" : 1756457768249028139,
      "q" : "23310",
      "p" : "0.028040",
      "s" : "sell",
      "i" : "IOTX_USDT",
      "m" : "4611686018432660648"
    }, {
      "d" : "1756457768249025168",
      "t" : 1756457768249,
      "tn" : 1756457768249025168,
      "q" : "220",
      "p" : "0.028042",
      "s" : "sell",
      "i" : "IOTX_USDT",
      "m" : "4611686018432660647"
    }, {
      "d" : "1756457768248649803",
      "t" : 1756457768248,
      "tn" : 1756457768248649803,
      "q" : "3340",
      "p" : "0.028049",
      "s" : "sell",
      "i" : "IOTX_USDT",
      "m" : "4611686018432660646"
    }, {
      "d" : "1756457768248647974",
      "t" : 1756457768248,
      "tn" : 1756457768248647974,
      "q" : "220",
      "p" : "0.028053",
      "s" : "sell",
      "i" : "IOTX_USDT",
      "m" : "4611686018432660645"
    }, {
      "d" : "1756457768248644797",
      "t" : 1756457768248,
      "tn" : 1756457768248644797,
      "q" : "220",
      "p" : "0.028064",
      "s" : "sell",
      "i" : "IOTX_USDT",
      "m" : "4611686018432660644"
    }, {
      "d" : "1756457768248642103",
      "t" : 1756457768248,
      "tn" : 1756457768248642103,
      "q" : "220",
      "p" : "0.028075",
      "s" : "sell",
      "i" : "IOTX_USDT",
      "m" : "4611686018432660643"
    }, {
      "d" : "1756457576034357370",
      "t" : 1756457576034,
      "tn" : 1756457576034357370,
      "q" : "220",
      "p" : "0.028086",
      "s" : "sell",
      "i" : "IOTX_USDT",
      "m" : "4611686018432660642"
    }, {
      "d" : "1756457573586421749",
      "t" : 1756457573586,
      "tn" : 1756457573586421749,
      "q" : "220",
      "p" : "0.028097",
      "s" : "sell",
      "i" : "IOTX_USDT",
      "m" : "4611686018432660641"
    }, {
      "d" : "1756457505767651481",
      "t" : 1756457505767,
      "tn" : 1756457505767651481,
      "q" : "220",
      "p" : "0.028108",
      "s" : "sell",
      "i" : "IOTX_USDT",
      "m" : "4611686018432660640"
    }, {
      "d" : "1756457204798911319",
      "t" : 1756457204798,
      "tn" : 1756457204798911319,
      "q" : "220",
      "p" : "0.028119",
      "s" : "sell",
      "i" : "IOTX_USDT",
      "m" : "4611686018432660639"
    }, {
      "d" : "1756457204798908677",
      "t" : 1756457204798,
      "tn" : 1756457204798908677,
      "q" : "220",
      "p" : "0.028130",
      "s" : "sell",
      "i" : "IOTX_USDT",
      "m" : "4611686018432660638"
    }, {
      "d" : "1756457187356772142",
      "t" : 1756457187356,
      "tn" : 1756457187356772142,
      "q" : "220",
      "p" : "0.028141",
      "s" : "sell",
      "i" : "IOTX_USDT",
      "m" : "4611686018432660637"
    }, {
      "d" : "1756457187353334595",
      "t" : 1756457187353,
      "tn" : 1756457187353334595,
      "q" : "220",
      "p" : "0.028152",
      "s" : "sell",
      "i" : "IOTX_USDT",
      "m" : "4611686018432660636"
    }, {
      "d" : "1756457144517950100",
      "t" : 1756457144517,
      "tn" : 1756457144517950100,
      "q" : "220",
      "p" : "0.028163",
      "s" : "buy",
      "i" : "IOTX_USDT",
      "m" : "4611686018432660635"
    }, {
      "d" : "1756456896834992583",
      "t" : 1756456896834,
      "tn" : 1756456896834992583,
      "q" : "220",
      "p" : "0.028152",
      "s" : "sell",
      "i" : "IOTX_USDT",
      "m" : "4611686018432660634"
    }, {
      "d" : "1756456798532724304",
      "t" : 1756456798532,
      "tn" : 1756456798532724304,
      "q" : "220",
      "p" : "0.028163",
      "s" : "sell",
      "i" : "IOTX_USDT",
      "m" : "4611686018432660633"
    }, {
      "d" : "1756456783522771660",
      "t" : 1756456783522,
      "tn" : 1756456783522771660,
      "q" : "220",
      "p" : "0.028174",
      "s" : "sell",
      "i" : "IOTX_USDT",
      "m" : "4611686018432660632"
    }, {
      "d" : "1756456759645289678",
      "t" : 1756456759645,
      "tn" : 1756456759645289678,
      "q" : "220",
      "p" : "0.028185",
      "s" : "buy",
      "i" : "IOTX_USDT",
      "m" : "4611686018432660631"
    }, {
      "d" : "1756456758922240678",
      "t" : 1756456758922,
      "tn" : 1756456758922240678,
      "q" : "220",
      "p" : "0.028174",
      "s" : "buy",
      "i" : "IOTX_USDT",
      "m" : "4611686018432660630"
    }, {
      "d" : "1756456751771931031",
      "t" : 1756456751771,
      "tn" : 1756456751771931031,
      "q" : "220",
      "p" : "0.028163",
      "s" : "buy",
      "i" : "IOTX_USDT",
      "m" : "4611686018432660629"
    }, {
      "d" : "1756456576768363325",
      "t" : 1756456576768,
      "tn" : 1756456576768363325,
      "q" : "220",
      "p" : "0.028152",
      "s" : "sell",
      "i" : "IOTX_USDT",
      "m" : "4611686018432660628"
    }, {
      "d" : "1756456575628653042",
      "t" : 1756456575628,
      "tn" : 1756456575628653041,
      "q" : "220",
      "p" : "0.028163",
      "s" : "sell",
      "i" : "IOTX_USDT",
      "m" : "4611686018432660627"
    }, {
      "d" : "1756456575628653041",
      "t" : 1756456575628,
      "tn" : 1756456575628653041,
      "q" : "1740",
      "p" : "0.028163",
      "s" : "sell",
      "i" : "IOTX_USDT",
      "m" : "4611686018432660627"
    }, {
      "d" : "1756456561366008338",
      "t" : 1756456561366,
      "tn" : 1756456561366008338,
      "q" : "440",
      "p" : "0.028163",
      "s" : "sell",
      "i" : "IOTX_USDT",
      "m" : "4611686018432660626"
    }, {
      "d" : "1756456560351996013",
      "t" : 1756456560351,
      "tn" : 1756456560351996013,
      "q" : "220",
      "p" : "0.028174",
      "s" : "sell",
      "i" : "IOTX_USDT",
      "m" : "4611686018432660625"
    }, {
      "d" : "1756456560277023935",
      "t" : 1756456560277,
      "tn" : 1756456560277023935,
      "q" : "220",
      "p" : "0.028185",
      "s" : "sell",
      "i" : "IOTX_USDT",
      "m" : "4611686018432660624"
    }, {
      "d" : "1756456505689982284",
      "t" : 1756456505689,
      "tn" : 1756456505689982284,
      "q" : "220",
      "p" : "0.028196",
      "s" : "sell",
      "i" : "IOTX_USDT",
      "m" : "4611686018432660623"
    }, {
      "d" : "1756456479227992248",
      "t" : 1756456479227,
      "tn" : 1756456479227992248,
      "q" : "220",
      "p" : "0.028207",
      "s" : "buy",
      "i" : "IOTX_USDT",
      "m" : "4611686018432660622"
    }, {
      "d" : "1756456459676909276",
      "t" : 1756456459676,
      "tn" : 1756456459676909276,
      "q" : "220",
      "p" : "0.028196",
      "s" : "buy",
      "i" : "IOTX_USDT",
      "m" : "4611686018432660621"
    }, {
      "d" : "1756456459671930316",
      "t" : 1756456459671,
      "tn" : 1756456459671930316,
      "q" : "220",
      "p" : "0.028185",
      "s" : "buy",
      "i" : "IOTX_USDT",
      "m" : "4611686018432660620"
    }, {
      "d" : "1756456380738558030",
      "t" : 1756456380738,
      "tn" : 1756456380738558030,
      "q" : "220",
      "p" : "0.028174",
      "s" : "sell",
      "i" : "IOTX_USDT",
      "m" : "4611686018432660619"
    }, {
      "d" : "1756456343290206902",
      "t" : 1756456343290,
      "tn" : 1756456343290206902,
      "q" : "220",
      "p" : "0.028185",
      "s" : "buy",
      "i" : "IOTX_USDT",
      "m" : "4611686018432660618"
    } ]
  }
}