{
  "id" : -1,
  "method" : "public/get-trades",
  "code" : 0,
  "result" : {
    "data" : [ {
      "d" : "1756454393799801776",
      "t" : 1756454393799,
      "tn" : 1756454393799801776,
      "q" : "336",
      "p" : "0.5935",
      "s" : "sell",
      "i" : "IOUSD-PERP",
      "m" : "4611686018428390261"
    }, {
      "d" : "1756454393799799186",
      "t" : 1756454393799,
      "tn" : 1756454393799799186,
      "q" : "1",
      "p" : "0.5946",
      "s" : "sell",
      "i" : "IOUSD-PERP",
      "m" : "4611686018428390260"
    }, {
      "d" : "1756454393799796779",
      "t" : 1756454393799,
      "tn" : 1756454393799796779,
      "q" : "1",
      "p" : "0.5950",
      "s" : "sell",
      "i" : "IOUSD-PERP",
      "m" : "4611686018428390259"
    }, {
      "d" : "1756452357342826246",
      "t" : 1756452357342,
      "tn" : 1756452357342826246,
      "q" : "1",
      "p" : "0.5987",
      "s" : "sell",
      "i" : "IOUSD-PERP",
      "m" : "4611686018428390258"
    }, {
      "d" : "1756452357342824091",
      "t" : 1756452357342,
      "tn" : 1756452357342824091,
      "q" : "1",
      "p" : "0.5994",
      "s" : "sell",
      "i" : "IOUSD-PERP",
      "m" : "4611686018428390257"
    }, {
      "d" : "1756451405066509151",
      "t" : 1756451405066,
      "tn" : 1756451405066509151,
      "q" : "329",
      "p" : "0.6068",
      "s" : "buy",
      "i" : "IOUSD-PERP",
      "m" : "4611686018428390256"
    }, {
      "d" : "1756451405066506748",
      "t" : 1756451405066,
      "tn" : 1756451405066506748,
      "q" : "1",
      "p" : "0.6065",
      "s" : "buy",
      "i" : "IOUSD-PERP",
      "m" : "4611686018428390255"
    }, {
      "d" : "1756451405066504338",
      "t" : 1756451405066,
      "tn" : 1756451405066504338,
      "q" : "1",
      "p" : "0.6060",
      "s" : "buy",
      "i" : "IOUSD-PERP",
      "m" : "4611686018428390254"
    }, {
      "d" : "1756451391894744880",
      "t" : 1756451391894,
      "tn" : 1756451391894744880,
      "q" : "330",
      "p" : "0.6059",
      "s" : "buy",
      "i" : "IOUSD-PERP",
      "m" : "4611686018428390253"
    }, {
      "d" : "1756451391894742763",
      "t" : 1756451391894,
      "tn" : 1756451391894742763,
      "q" : "1",
      "p" : "0.6056",
      "s" : "buy",
      "i" : "IOUSD-PERP",
      "m" : "4611686018428390252"
    }, {
      "d" : "1756451391894740680",
      "t" : 1756451391894,
      "tn" : 1756451391894740680,
      "q" : "1",
      "p" : "0.6053",
      "s" : "buy",
      "i" : "IOUSD-PERP",
      "m" : "4611686018428390251"
    }, {
      "d" : "1756444690324385032",
      "t" : 1756444690324,
      "tn" : 1756444690324385032,
      "q" : "485",
      "p" : "0.6155",
      "s" : "sell",
      "i" : "IOUSD-PERP",
      "m" : "4611686018428390250"
    }, {
      "d" : "1756444690323235393",
      "t" : 1756444690323,
      "tn" : 1756444690323235393,
      "q" : "1",
      "p" : "0.6167",
      "s" : "sell",
      "i" : "IOUSD-PERP",
      "m" : "4611686018428390249"
    }, {
      "d" : "1756444690323233493",
      "t" : 1756444690323,
      "tn" : 1756444690323233493,
      "q" : "1",
      "p" : "0.6175",
      "s" : "sell",
      "i" : "IOUSD-PERP",
      "m" : "4611686018428390248"
    }, {
      "d" : "1756440367293248793",
      "t" : 1756440367293,
      "tn" : 1756440367293248793,
      "q" : "79",
      "p" : "0.6204",
      "s" : "buy",
      "i" : "IOUSD-PERP",
      "m" : "4611686018428390247"
    }, {
      "d" : "1756440367293247030",
      "t" : 1756440367293,
      "tn" : 1756440367293247029,
      "q" : "1",
      "p" : "0.6199",
      "s" : "buy",
      "i" : "IOUSD-PERP",
      "m" : "4611686018428390246"
    }, {
      "d" : "1756440367293247029",
      "t" : 1756440367293,
      "tn" : 1756440367293247029,
      "q" : "1",
      "p" : "0.6199",
      "s" : "buy",
      "i" : "IOUSD-PERP",
      "m" : "4611686018428390246"
    }, {
      "d" : "1756440365790857148",
      "t" : 1756440365790,
      "tn" : 1756440365790857148,
      "q" : "81",
      "p" : "0.6205",
      "s" : "buy",
      "i" : "IOUSD-PERP",
      "m" : "4611686018428390245"
    }, {
      "d" : "1756440365790098838",
      "t" : 1756440365790,
      "tn" : 1756440365790098838,
      "q" : "264",
      "p" : "0.6205",
      "s" : "buy",
      "i" : "IOUSD-PERP",
      "m" : "4611686018428390244"
    }, {
      "d" : "1756440365789912118",
      "t" : 1756440365789,
      "tn" : 1756440365789912118,
      "q" : "80",
      "p" : "0.6205",
      "s" : "buy",
      "i" : "IOUSD-PERP",
      "m" : "4611686018428390243"
    }, {
      "d" : "1756440365788813939",
      "t" : 1756440365788,
      "tn" : 1756440365788813939,
      "q" : "80",
      "p" : "0.6205",
      "s" : "buy",
      "i" : "IOUSD-PERP",
      "m" : "4611686018428390242"
    }, {
      "d" : "1756440365784107190",
      "t" : 1756440365784,
      "tn" : 1756440365784107190,
      "q" : "80",
      "p" : "0.6196",
      "s" : "buy",
      "i" : "IOUSD-PERP",
      "m" : "4611686018428390241"
    }, {
      "d" : "1756440365784105505",
      "t" : 1756440365784,
      "tn" : 1756440365784105505,
      "q" : "80",
      "p" : "0.6195",
      "s" : "buy",
      "i" : "IOUSD-PERP",
      "m" : "4611686018428390240"
    }, {
      "d" : "1756440365784102910",
      "t" : 1756440365784,
      "tn" : 1756440365784102910,
      "q" : "1424",
      "p" : "0.6191",
      "s" : "buy",
      "i" : "IOUSD-PERP",
      "m" : "4611686018428390239"
    }, {
      "d" : "1756440365784100205",
      "t" : 1756440365784,
      "tn" : 1756440365784100205,
      "q" : "323",
      "p" : "0.6177",
      "s" : "buy",
      "i" : "IOUSD-PERP",
      "m" : "4611686018428390238"
    }, {
      "d" : "1756440365784097786",
      "t" : 1756440365784,
      "tn" : 1756440365784097786,
      "q" : "1",
      "p" : "0.6172",
      "s" : "buy",
      "i" : "IOUSD-PERP",
      "m" : "4611686018428390237"
    }, {
      "d" : "1756440365784097035",
      "t" : 1756440365784,
      "tn" : 1756440365784097035,
      "q" : "1",
      "p" : "0.6169",
      "s" : "buy",
      "i" : "IOUSD-PERP",
      "m" : "4611686018428390236"
    }, {
      "d" : "1756380534580834049",
      "t" : 1756380534580,
      "tn" : 1756380534580834049,
      "q" : "330",
      "p" : "0.6059",
      "s" : "sell",
      "i" : "IOUSD-PERP",
      "m" : "4611686018428390235"
    }, {
      "d" : "1756380534580832363",
      "t" : 1756380534580,
      "tn" : 1756380534580832363,
      "q" : "1",
      "p" : "0.6067",
      "s" : "sell",
      "i" : "IOUSD-PERP",
      "m" : "4611686018428390234"
    }, {
      "d" : "1756380534580829560",
      "t" : 1756380534580,
      "tn" : 1756380534580829560,
      "q" : "1",
      "p" : "0.6072",
      "s" : "sell",
      "i" : "IOUSD-PERP",
      "m" : "4611686018428390233"
    }, {
      "d" : "1756380526034224530",
      "t" : 1756380526034,
      "tn" : 1756380526034224530,
      "q" : "1",
      "p" : "0.6096",
      "s" : "sell",
      "i" : "IOUSD-PERP",
      "m" : "4611686018428390232"
    }, {
      "d" : "1756380526026715000",
      "t" : 1756380526026,
      "tn" : 1756380526026715000,
      "q" : "328",
      "p" : "0.6092",
      "s" : "sell",
      "i" : "IOUSD-PERP",
      "m" : "4611686018428390231"
    }, {
      "d" : "1756380526026712745",
      "t" : 1756380526026,
      "tn" : 1756380526026712745,
      "q" : "1",
      "p" : "0.6107",
      "s" : "sell",
      "i" : "IOUSD-PERP",
      "m" : "4611686018428390230"
    }, {
      "d" : "1756380381835815479",
      "t" : 1756380381835,
      "tn" : 1756380381835815479,
      "q" : "325",
      "p" : "0.6142",
      "s" : "sell",
      "i" : "IOUSD-PERP",
      "m" : "4611686018428390229"
    }, {
      "d" : "1756380381835813421",
      "t" : 1756380381835,
      "tn" : 1756380381835813421,
      "q" : "1",
      "p" : "0.6150",
      "s" : "sell",
      "i" : "IOUSD-PERP",
      "m" : "4611686018428390228"
    }, {
      "d" : "1756380381835810804",
      "t" : 1756380381835,
      "tn" : 1756380381835810804,
      "q" : "1",
      "p" : "0.6154",
      "s" : "sell",
      "i" : "IOUSD-PERP",
      "m" : "4611686018428390227"
    } ]
  }
}