{
  "id" : -1,
  "method" : "public/get-trades",
  "code" : 0,
  "result" : {
    "data" : [ {
      "d" : "1756461132784722811",
      "t" : 1756461132784,
      "tn" : 1756461132784722811,
      "q" : "0.2",
      "p" : "6.0355",
      "s" : "sell",
      "i" : "IP_USD",
      "m" : "4611686018428092398"
    }, {
      "d" : "1756461074485636735",
      "t" : 1756461074485,
      "tn" : 1756461074485636735,
      "q" : "31.8",
      "p" : "6.0356",
      "s" : "buy",
      "i" : "IP_USD",
      "m" : "4611686018428092397"
    }, {
      "d" : "1756461074484985458",
      "t" : 1756461074484,
      "tn" : 1756461074484985458,
      "q" : "50.0",
      "p" : "6.0356",
      "s" : "buy",
      "i" : "IP_USD",
      "m" : "4611686018428092396"
    }, {
      "d" : "1756461074482704235",
      "t" : 1756461074482,
      "tn" : 1756461074482704235,
      "q" : "0.2",
      "p" : "6.0300",
      "s" : "buy",
      "i" : "IP_USD",
      "m" : "4611686018428092395"
    }, {
      "d" : "1756461061946271758",
      "t" : 1756461061946,
      "tn" : 1756461061946271758,
      "q" : "0.2",
      "p" : "6.0310",
      "s" : "buy",
      "i" : "IP_USD",
      "m" : "4611686018428092394"
    }, {
      "d" : "1756460916461126546",
      "t" : 1756460916461,
      "tn" : 1756460916461126546,
      "q" : "0.2",
      "p" : "6.0358",
      "s" : "sell",
      "i" : "IP_USD",
      "m" : "4611686018428092393"
    }, {
      "d" : "1756460435947436220",
      "t" : 1756460435947,
      "tn" : 1756460435947436220,
      "q" : "0.2",
      "p" : "6.0386",
      "s" : "sell",
      "i" : "IP_USD",
      "m" : "4611686018428092392"
    }, {
      "d" : "1756460415727755146",
      "t" : 1756460415727,
      "tn" : 1756460415727755146,
      "q" : "0.2",
      "p" : "6.0383",
      "s" : "sell",
      "i" : "IP_USD",
      "m" : "4611686018428092391"
    }, {
      "d" : "1756460410988079866",
      "t" : 1756460410988,
      "tn" : 1756460410988079866,
      "q" : "0.2",
      "p" : "6.0380",
      "s" : "sell",
      "i" : "IP_USD",
      "m" : "4611686018428092390"
    }, {
      "d" : "1756460215842594867",
      "t" : 1756460215842,
      "tn" : 1756460215842594867,
      "q" : "0.2",
      "p" : "6.0256",
      "s" : "sell",
      "i" : "IP_USD",
      "m" : "4611686018428092389"
    }, {
      "d" : "1756460207887450762",
      "t" : 1756460207887,
      "tn" : 1756460207887450762,
      "q" : "0.2",
      "p" : "6.0245",
      "s" : "sell",
      "i" : "IP_USD",
      "m" : "4611686018428092388"
    }, {
      "d" : "1756460207848264112",
      "t" : 1756460207848,
      "tn" : 1756460207848264112,
      "q" : "0.2",
      "p" : "6.0276",
      "s" : "sell",
      "i" : "IP_USD",
      "m" : "4611686018428092387"
    }, {
      "d" : "1756460207834339384",
      "t" : 1756460207834,
      "tn" : 1756460207834339384,
      "q" : "0.2",
      "p" : "6.0276",
      "s" : "sell",
      "i" : "IP_USD",
      "m" : "4611686018428092386"
    }, {
      "d" : "1756460203745261573",
      "t" : 1756460203745,
      "tn" : 1756460203745261573,
      "q" : "0.2",
      "p" : "6.0293",
      "s" : "sell",
      "i" : "IP_USD",
      "m" : "4611686018428092385"
    }, {
      "d" : "1756460203730523026",
      "t" : 1756460203730,
      "tn" : 1756460203730523026,
      "q" : "0.2",
      "p" : "6.0293",
      "s" : "sell",
      "i" : "IP_USD",
      "m" : "4611686018428092384"
    }, {
      "d" : "1756460200222385597",
      "t" : 1756460200222,
      "tn" : 1756460200222385597,
      "q" : "0.2",
      "p" : "6.0347",
      "s" : "sell",
      "i" : "IP_USD",
      "m" : "4611686018428092383"
    }, {
      "d" : "1756460196054485343",
      "t" : 1756460196054,
      "tn" : 1756460196054485343,
      "q" : "10.8",
      "p" : "6.0355",
      "s" : "sell",
      "i" : "IP_USD",
      "m" : "4611686018428092382"
    }, {
      "d" : "1756460196051645413",
      "t" : 1756460196051,
      "tn" : 1756460196051645413,
      "q" : "0.2",
      "p" : "6.0431",
      "s" : "sell",
      "i" : "IP_USD",
      "m" : "4611686018428092381"
    }, {
      "d" : "1756460167420069826",
      "t" : 1756460167420,
      "tn" : 1756460167420069826,
      "q" : "0.2",
      "p" : "6.0557",
      "s" : "buy",
      "i" : "IP_USD",
      "m" : "4611686018428092380"
    }, {
      "d" : "1756460167249662022",
      "t" : 1756460167249,
      "tn" : 1756460167249662022,
      "q" : "0.2",
      "p" : "6.0471",
      "s" : "buy",
      "i" : "IP_USD",
      "m" : "4611686018428092379"
    }, {
      "d" : "1756460167238247558",
      "t" : 1756460167238,
      "tn" : 1756460167238247558,
      "q" : "0.2",
      "p" : "6.0459",
      "s" : "buy",
      "i" : "IP_USD",
      "m" : "4611686018428092378"
    }, {
      "d" : "1756460163712858029",
      "t" : 1756460163712,
      "tn" : 1756460163712858029,
      "q" : "0.2",
      "p" : "6.0428",
      "s" : "buy",
      "i" : "IP_USD",
      "m" : "4611686018428092377"
    }, {
      "d" : "1756460160263371913",
      "t" : 1756460160263,
      "tn" : 1756460160263371913,
      "q" : "16.9",
      "p" : "6.0435",
      "s" : "buy",
      "i" : "IP_USD",
      "m" : "4611686018428092376"
    }, {
      "d" : "1756460160263083335",
      "t" : 1756460160263,
      "tn" : 1756460160263083335,
      "q" : "14.9",
      "p" : "6.0435",
      "s" : "buy",
      "i" : "IP_USD",
      "m" : "4611686018428092375"
    }, {
      "d" : "1756460160262585022",
      "t" : 1756460160262,
      "tn" : 1756460160262585022,
      "q" : "49.8",
      "p" : "6.0435",
      "s" : "buy",
      "i" : "IP_USD",
      "m" : "4611686018428092374"
    }, {
      "d" : "1756460160262583577",
      "t" : 1756460160262,
      "tn" : 1756460160262583577,
      "q" : "0.2",
      "p" : "6.0402",
      "s" : "buy",
      "i" : "IP_USD",
      "m" : "4611686018428092373"
    }, {
      "d" : "1756460143404228752",
      "t" : 1756460143404,
      "tn" : 1756460143404228752,
      "q" : "0.2",
      "p" : "6.0380",
      "s" : "sell",
      "i" : "IP_USD",
      "m" : "4611686018428092372"
    }, {
      "d" : "1756459942091841137",
      "t" : 1756459942091,
      "tn" : 1756459942091841137,
      "q" : "0.2",
      "p" : "6.0352",
      "s" : "sell",
      "i" : "IP_USD",
      "m" : "4611686018428092371"
    }, {
      "d" : "1756459781350875170",
      "t" : 1756459781350,
      "tn" : 1756459781350875170,
      "q" : "0.2",
      "p" : "6.0370",
      "s" : "sell",
      "i" : "IP_USD",
      "m" : "4611686018428092370"
    }, {
      "d" : "1756459781317952428",
      "t" : 1756459781317,
      "tn" : 1756459781317952428,
      "q" : "0.2",
      "p" : "6.0370",
      "s" : "sell",
      "i" : "IP_USD",
      "m" : "4611686018428092369"
    }, {
      "d" : "1756459721471077498",
      "t" : 1756459721471,
      "tn" : 1756459721471077498,
      "q" : "48.3",
      "p" : "6.0389",
      "s" : "buy",
      "i" : "IP_USD",
      "m" : "4611686018428092368"
    }, {
      "d" : "1756459721468069998",
      "t" : 1756459721468,
      "tn" : 1756459721468069998,
      "q" : "33.2",
      "p" : "6.0389",
      "s" : "sell",
      "i" : "IP_USD",
      "m" : "4611686018428092367"
    }, {
      "d" : "1756459721468065013",
      "t" : 1756459721468,
      "tn" : 1756459721468065013,
      "q" : "48.3",
      "p" : "6.0389",
      "s" : "sell",
      "i" : "IP_USD",
      "m" : "4611686018428092366"
    }, {
      "d" : "1756459721468063340",
      "t" : 1756459721468,
      "tn" : 1756459721468063340,
      "q" : "1.7",
      "p" : "6.0396",
      "s" : "sell",
      "i" : "IP_USD",
      "m" : "4611686018428092365"
    }, {
      "d" : "1756459721467487846",
      "t" : 1756459721467,
      "tn" : 1756459721467487846,
      "q" : "0.2",
      "p" : "6.0497",
      "s" : "sell",
      "i" : "IP_USD",
      "m" : "4611686018428092364"
    }, {
      "d" : "1756459703043791076",
      "t" : 1756459703043,
      "tn" : 1756459703043791076,
      "q" : "0.2",
      "p" : "6.0567",
      "s" : "buy",
      "i" : "IP_USD",
      "m" : "4611686018428092363"
    }, {
      "d" : "1756459702873558311",
      "t" : 1756459702873,
      "tn" : 1756459702873558311,
      "q" : "10.7",
      "p" : "6.0500",
      "s" : "buy",
      "i" : "IP_USD",
      "m" : "4611686018428092362"
    }, {
      "d" : "1756459702778601090",
      "t" : 1756459702778,
      "tn" : 1756459702778601090,
      "q" : "50.0",
      "p" : "6.0432",
      "s" : "buy",
      "i" : "IP_USD",
      "m" : "4611686018428092361"
    }, {
      "d" : "1756459702778411381",
      "t" : 1756459702778,
      "tn" : 1756459702778411381,
      "q" : "48.3",
      "p" : "6.0432",
      "s" : "buy",
      "i" : "IP_USD",
      "m" : "4611686018428092360"
    }, {
      "d" : "1756459702778409848",
      "t" : 1756459702778,
      "tn" : 1756459702778409848,
      "q" : "1.7",
      "p" : "6.0431",
      "s" : "buy",
      "i" : "IP_USD",
      "m" : "4611686018428092359"
    }, {
      "d" : "1756459702734380696",
      "t" : 1756459702734,
      "tn" : 1756459702734380696,
      "q" : "0.2",
      "p" : "6.0317",
      "s" : "buy",
      "i" : "IP_USD",
      "m" : "4611686018428092358"
    }, {
      "d" : "1756459460543329823",
      "t" : 1756459460543,
      "tn" : 1756459460543329823,
      "q" : "0.2",
      "p" : "6.0356",
      "s" : "sell",
      "i" : "IP_USD",
      "m" : "4611686018428092357"
    }, {
      "d" : "1756459447843910395",
      "t" : 1756459447843,
      "tn" : 1756459447843910395,
      "q" : "0.2",
      "p" : "6.0427",
      "s" : "sell",
      "i" : "IP_USD",
      "m" : "4611686018428092356"
    }, {
      "d" : "1756459447762804630",
      "t" : 1756459447762,
      "tn" : 1756459447762804630,
      "q" : "0.2",
      "p" : "6.0483",
      "s" : "sell",
      "i" : "IP_USD",
      "m" : "4611686018428092355"
    }, {
      "d" : "1756459447615688917",
      "t" : 1756459447615,
      "tn" : 1756459447615688917,
      "q" : "78.7",
      "p" : "6.0498",
      "s" : "sell",
      "i" : "IP_USD",
      "m" : "4611686018428092354"
    }, {
      "d" : "1756459447615687437",
      "t" : 1756459447615,
      "tn" : 1756459447615687437,
      "q" : "1.7",
      "p" : "6.0499",
      "s" : "sell",
      "i" : "IP_USD",
      "m" : "4611686018428092353"
    }, {
      "d" : "1756459447612039865",
      "t" : 1756459447612,
      "tn" : 1756459447612039865,
      "q" : "0.2",
      "p" : "6.0602",
      "s" : "sell",
      "i" : "IP_USD",
      "m" : "4611686018428092352"
    }, {
      "d" : "1756459425657413965",
      "t" : 1756459425657,
      "tn" : 1756459425657413965,
      "q" : "0.2",
      "p" : "6.0520",
      "s" : "buy",
      "i" : "IP_USD",
      "m" : "4611686018428092351"
    }, {
      "d" : "1756459419293487023",
      "t" : 1756459419293,
      "tn" : 1756459419293487023,
      "q" : "0.2",
      "p" : "6.0492",
      "s" : "buy",
      "i" : "IP_USD",
      "m" : "4611686018428092350"
    }, {
      "d" : "1756459419265790365",
      "t" : 1756459419265,
      "tn" : 1756459419265790365,
      "q" : "0.2",
      "p" : "6.0486",
      "s" : "buy",
      "i" : "IP_USD",
      "m" : "4611686018428092349"
    }, {
      "d" : "1756459412963519861",
      "t" : 1756459412963,
      "tn" : 1756459412963519861,
      "q" : "0.2",
      "p" : "6.0538",
      "s" : "buy",
      "i" : "IP_USD",
      "m" : "4611686018428092348"
    }, {
      "d" : "1756459412939722487",
      "t" : 1756459412939,
      "tn" : 1756459412939722487,
      "q" : "83.8",
      "p" : "6.0561",
      "s" : "buy",
      "i" : "IP_USD",
      "m" : "4611686018428092347"
    }, {
      "d" : "1756459412933869642",
      "t" : 1756459412933,
      "tn" : 1756459412933869642,
      "q" : "1.7",
      "p" : "6.0539",
      "s" : "buy",
      "i" : "IP_USD",
      "m" : "4611686018428092346"
    }, {
      "d" : "1756459172333813094",
      "t" : 1756459172333,
      "tn" : 1756459172333813094,
      "q" : "0.2",
      "p" : "6.0681",
      "s" : "sell",
      "i" : "IP_USD",
      "m" : "4611686018428092345"
    }, {
      "d" : "1756459135135999283",
      "t" : 1756459135135,
      "tn" : 1756459135135999283,
      "q" : "0.2",
      "p" : "6.0632",
      "s" : "sell",
      "i" : "IP_USD",
      "m" : "4611686018428092344"
    }, {
      "d" : "1756458853422305673",
      "t" : 1756458853422,
      "tn" : 1756458853422305673,
      "q" : "32.8",
      "p" : "6.0449",
      "s" : "sell",
      "i" : "IP_USD",
      "m" : "4611686018428092343"
    }, {
      "d" : "1756458853422303939",
      "t" : 1756458853422,
      "tn" : 1756458853422303939,
      "q" : "0.2",
      "p" : "6.0488",
      "s" : "sell",
      "i" : "IP_USD",
      "m" : "4611686018428092342"
    }, {
      "d" : "1756458648353853854",
      "t" : 1756458648353,
      "tn" : 1756458648353853854,
      "q" : "0.2",
      "p" : "6.0668",
      "s" : "sell",
      "i" : "IP_USD",
      "m" : "4611686018428092341"
    }, {
      "d" : "1756458383126905696",
      "t" : 1756458383126,
      "tn" : 1756458383126905696,
      "q" : "0.2",
      "p" : "6.0307",
      "s" : "sell",
      "i" : "IP_USD",
      "m" : "4611686018428092340"
    }, {
      "d" : "1756458177392252855",
      "t" : 1756458177392,
      "tn" : 1756458177392252855,
      "q" : "0.2",
      "p" : "6.0198",
      "s" : "sell",
      "i" : "IP_USD",
      "m" : "4611686018428092339"
    }, {
      "d" : "1756458148585860650",
      "t" : 1756458148585,
      "tn" : 1756458148585860650,
      "q" : "0.2",
      "p" : "6.0257",
      "s" : "sell",
      "i" : "IP_USD",
      "m" : "4611686018428092338"
    }, {
      "d" : "1756458140037720770",
      "t" : 1756458140037,
      "tn" : 1756458140037720770,
      "q" : "0.2",
      "p" : "6.0306",
      "s" : "sell",
      "i" : "IP_USD",
      "m" : "4611686018428092337"
    }, {
      "d" : "1756454109141003047",
      "t" : 1756454109141,
      "tn" : 1756454109141003047,
      "q" : "30.9",
      "p" : "6.0767",
      "s" : "sell",
      "i" : "IP_USD",
      "m" : "4611686018428092336"
    }, {
      "d" : "1756454109141001587",
      "t" : 1756454109141,
      "tn" : 1756454109141001587,
      "q" : "1.7",
      "p" : "6.0768",
      "s" : "sell",
      "i" : "IP_USD",
      "m" : "4611686018428092335"
    }, {
      "d" : "1756454109140997803",
      "t" : 1756454109140,
      "tn" : 1756454109140997803,
      "q" : "0.2",
      "p" : "6.0814",
      "s" : "sell",
      "i" : "IP_USD",
      "m" : "4611686018428092334"
    }, {
      "d" : "1756453158101269744",
      "t" : 1756453158101,
      "tn" : 1756453158101269744,
      "q" : "4.9",
      "p" : "6.0622",
      "s" : "buy",
      "i" : "IP_USD",
      "m" : "4611686018428092333"
    }, {
      "d" : "1756453158101268121",
      "t" : 1756453158101,
      "tn" : 1756453158101268121,
      "q" : "10.2",
      "p" : "6.0610",
      "s" : "buy",
      "i" : "IP_USD",
      "m" : "4611686018428092332"
    }, {
      "d" : "1756453158101266082",
      "t" : 1756453158101,
      "tn" : 1756453158101266082,
      "q" : "0.2",
      "p" : "6.0543",
      "s" : "buy",
      "i" : "IP_USD",
      "m" : "4611686018428092331"
    }, {
      "d" : "1756453156914226717",
      "t" : 1756453156914,
      "tn" : 1756453156914226717,
      "q" : "0.2",
      "p" : "6.0588",
      "s" : "buy",
      "i" : "IP_USD",
      "m" : "4611686018428092330"
    }, {
      "d" : "1756453156913467006",
      "t" : 1756453156913,
      "tn" : 1756453156913467006,
      "q" : "14.8",
      "p" : "6.0588",
      "s" : "buy",
      "i" : "IP_USD",
      "m" : "4611686018428092329"
    }, {
      "d" : "1756453156913465466",
      "t" : 1756453156913,
      "tn" : 1756453156913465466,
      "q" : "0.2",
      "p" : "6.0576",
      "s" : "buy",
      "i" : "IP_USD",
      "m" : "4611686018428092328"
    }, {
      "d" : "1756453156912883553",
      "t" : 1756453156912,
      "tn" : 1756453156912883553,
      "q" : "9.8",
      "p" : "6.0576",
      "s" : "buy",
      "i" : "IP_USD",
      "m" : "4611686018428092327"
    }, {
      "d" : "1756453156912881773",
      "t" : 1756453156912,
      "tn" : 1756453156912881773,
      "q" : "0.2",
      "p" : "6.0532",
      "s" : "buy",
      "i" : "IP_USD",
      "m" : "4611686018428092326"
    }, {
      "d" : "1756451006342712189",
      "t" : 1756451006342,
      "tn" : 1756451006342712189,
      "q" : "15.0",
      "p" : "6.0515",
      "s" : "buy",
      "i" : "IP_USD",
      "m" : "4611686018428092325"
    }, {
      "d" : "1756451006342710613",
      "t" : 1756451006342,
      "tn" : 1756451006342710613,
      "q" : "0.2",
      "p" : "6.0470",
      "s" : "buy",
      "i" : "IP_USD",
      "m" : "4611686018428092324"
    }, {
      "d" : "1756450140320068013",
      "t" : 1756450140320,
      "tn" : 1756450140320068013,
      "q" : "0.2",
      "p" : "6.0756",
      "s" : "buy",
      "i" : "IP_USD",
      "m" : "4611686018428092323"
    }, {
      "d" : "1756449607180024856",
      "t" : 1756449607180,
      "tn" : 1756449607180024856,
      "q" : "0.2",
      "p" : "6.0673",
      "s" : "sell",
      "i" : "IP_USD",
      "m" : "4611686018428092322"
    }, {
      "d" : "1756447657199621856",
      "t" : 1756447657199,
      "tn" : 1756447657199621856,
      "q" : "0.2",
      "p" : "6.0963",
      "s" : "sell",
      "i" : "IP_USD",
      "m" : "4611686018428092321"
    }, {
      "d" : "1756446078005582649",
      "t" : 1756446078005,
      "tn" : 1756446078005582649,
      "q" : "0.2",
      "p" : "6.0802",
      "s" : "sell",
      "i" : "IP_USD",
      "m" : "4611686018428092320"
    }, {
      "d" : "1756446074232637822",
      "t" : 1756446074232,
      "tn" : 1756446074232637822,
      "q" : "0.2",
      "p" : "6.0804",
      "s" : "sell",
      "i" : "IP_USD",
      "m" : "4611686018428092319"
    }, {
      "d" : "1756445907955271885",
      "t" : 1756445907955,
      "tn" : 1756445907955271885,
      "q" : "0.2",
      "p" : "6.0744",
      "s" : "sell",
      "i" : "IP_USD",
      "m" : "4611686018428092318"
    }, {
      "d" : "1756445903748274243",
      "t" : 1756445903748,
      "tn" : 1756445903748274243,
      "q" : "0.2",
      "p" : "6.0754",
      "s" : "sell",
      "i" : "IP_USD",
      "m" : "4611686018428092317"
    }, {
      "d" : "1756445316004520161",
      "t" : 1756445316004,
      "tn" : 1756445316004520161,
      "q" : "0.2",
      "p" : "6.0574",
      "s" : "sell",
      "i" : "IP_USD",
      "m" : "4611686018428092316"
    }, {
      "d" : "1756444619908514055",
      "t" : 1756444619908,
      "tn" : 1756444619908514055,
      "q" : "0.2",
      "p" : "6.0643",
      "s" : "sell",
      "i" : "IP_USD",
      "m" : "4611686018428092315"
    }, {
      "d" : "1756444607118238605",
      "t" : 1756444607118,
      "tn" : 1756444607118238605,
      "q" : "0.2",
      "p" : "6.0709",
      "s" : "sell",
      "i" : "IP_USD",
      "m" : "4611686018428092314"
    }, {
      "d" : "1756444324193622045",
      "t" : 1756444324193,
      "tn" : 1756444324193622045,
      "q" : "0.2",
      "p" : "6.0713",
      "s" : "buy",
      "i" : "IP_USD",
      "m" : "4611686018428092313"
    }, {
      "d" : "1756444324034096929",
      "t" : 1756444324034,
      "tn" : 1756444324034096929,
      "q" : "0.2",
      "p" : "6.0682",
      "s" : "buy",
      "i" : "IP_USD",
      "m" : "4611686018428092312"
    }, {
      "d" : "1756443895221653124",
      "t" : 1756443895221,
      "tn" : 1756443895221653124,
      "q" : "0.2",
      "p" : "6.0641",
      "s" : "sell",
      "i" : "IP_USD",
      "m" : "4611686018428092311"
    }, {
      "d" : "1756443895003115886",
      "t" : 1756443895003,
      "tn" : 1756443895003115886,
      "q" : "0.2",
      "p" : "6.0652",
      "s" : "sell",
      "i" : "IP_USD",
      "m" : "4611686018428092310"
    }, {
      "d" : "1756443094053956751",
      "t" : 1756443094053,
      "tn" : 1756443094053956751,
      "q" : "0.2",
      "p" : "6.0811",
      "s" : "sell",
      "i" : "IP_USD",
      "m" : "4611686018428092309"
    }, {
      "d" : "1756442958446932046",
      "t" : 1756442958446,
      "tn" : 1756442958446932046,
      "q" : "0.2",
      "p" : "6.0870",
      "s" : "sell",
      "i" : "IP_USD",
      "m" : "4611686018428092308"
    }, {
      "d" : "1756442517312927274",
      "t" : 1756442517312,
      "tn" : 1756442517312927274,
      "q" : "49.0",
      "p" : "6.0808",
      "s" : "sell",
      "i" : "IP_USD",
      "m" : "4611686018428092307"
    }, {
      "d" : "1756442517312925813",
      "t" : 1756442517312,
      "tn" : 1756442517312925813,
      "q" : "0.2",
      "p" : "6.0820",
      "s" : "sell",
      "i" : "IP_USD",
      "m" : "4611686018428092306"
    }, {
      "d" : "1756442517312704118",
      "t" : 1756442517312,
      "tn" : 1756442517312704118,
      "q" : "32.6",
      "p" : "6.0820",
      "s" : "sell",
      "i" : "IP_USD",
      "m" : "4611686018428092305"
    }, {
      "d" : "1756442517312702397",
      "t" : 1756442517312,
      "tn" : 1756442517312702397,
      "q" : "0.2",
      "p" : "6.0858",
      "s" : "sell",
      "i" : "IP_USD",
      "m" : "4611686018428092304"
    }, {
      "d" : "1756442326731257962",
      "t" : 1756442326731,
      "tn" : 1756442326731257962,
      "q" : "0.2",
      "p" : "6.0898",
      "s" : "sell",
      "i" : "IP_USD",
      "m" : "4611686018428092303"
    }, {
      "d" : "1756440954450883819",
      "t" : 1756440954450,
      "tn" : 1756440954450883819,
      "q" : "0.2",
      "p" : "6.0822",
      "s" : "sell",
      "i" : "IP_USD",
      "m" : "4611686018428092302"
    }, {
      "d" : "1756440921156638364",
      "t" : 1756440921156,
      "tn" : 1756440921156638364,
      "q" : "0.2",
      "p" : "6.0818",
      "s" : "sell",
      "i" : "IP_USD",
      "m" : "4611686018428092301"
    }, {
      "d" : "1756440465164497312",
      "t" : 1756440465164,
      "tn" : 1756440465164497312,
      "q" : "0.2",
      "p" : "6.0754",
      "s" : "sell",
      "i" : "IP_USD",
      "m" : "4611686018428092300"
    }, {
      "d" : "1756440178976923682",
      "t" : 1756440178976,
      "tn" : 1756440178976923682,
      "q" : "0.2",
      "p" : "6.0717",
      "s" : "sell",
      "i" : "IP_USD",
      "m" : "4611686018428092299"
    }, {
      "d" : "1756440176091987380",
      "t" : 1756440176091,
      "tn" : 1756440176091987380,
      "q" : "0.2",
      "p" : "6.0736",
      "s" : "sell",
      "i" : "IP_USD",
      "m" : "4611686018428092298"
    }, {
      "d" : "1756440176020882344",
      "t" : 1756440176020,
      "tn" : 1756440176020882344,
      "q" : "0.2",
      "p" : "6.0739",
      "s" : "sell",
      "i" : "IP_USD",
      "m" : "4611686018428092297"
    }, {
      "d" : "1756440014407112517",
      "t" : 1756440014407,
      "tn" : 1756440014407112517,
      "q" : "0.2",
      "p" : "6.0720",
      "s" : "sell",
      "i" : "IP_USD",
      "m" : "4611686018428092296"
    }, {
      "d" : "1756439827846554896",
      "t" : 1756439827846,
      "tn" : 1756439827846554896,
      "q" : "0.2",
      "p" : "6.0762",
      "s" : "sell",
      "i" : "IP_USD",
      "m" : "4611686018428092295"
    }, {
      "d" : "1756439650429560077",
      "t" : 1756439650429,
      "tn" : 1756439650429560077,
      "q" : "11.3",
      "p" : "6.0937",
      "s" : "sell",
      "i" : "IP_USD",
      "m" : "4611686018428092294"
    }, {
      "d" : "1756439650425228568",
      "t" : 1756439650425,
      "tn" : 1756439650425228568,
      "q" : "5.8",
      "p" : "6.0925",
      "s" : "buy",
      "i" : "IP_USD",
      "m" : "4611686018428092293"
    }, {
      "d" : "1756439650425227144",
      "t" : 1756439650425,
      "tn" : 1756439650425227144,
      "q" : "1.9",
      "p" : "6.0899",
      "s" : "buy",
      "i" : "IP_USD",
      "m" : "4611686018428092292"
    }, {
      "d" : "1756439650425223250",
      "t" : 1756439650425,
      "tn" : 1756439650425223250,
      "q" : "32.6",
      "p" : "6.0899",
      "s" : "buy",
      "i" : "IP_USD",
      "m" : "4611686018428092291"
    }, {
      "d" : "1756439650425220232",
      "t" : 1756439650425,
      "tn" : 1756439650425220232,
      "q" : "48.1",
      "p" : "6.0899",
      "s" : "buy",
      "i" : "IP_USD",
      "m" : "4611686018428092290"
    }, {
      "d" : "1756439650425219699",
      "t" : 1756439650425,
      "tn" : 1756439650425219699,
      "q" : "1.7",
      "p" : "6.0898",
      "s" : "buy",
      "i" : "IP_USD",
      "m" : "4611686018428092289"
    }, {
      "d" : "1756439650425215884",
      "t" : 1756439650425,
      "tn" : 1756439650425215884,
      "q" : "0.2",
      "p" : "6.0883",
      "s" : "buy",
      "i" : "IP_USD",
      "m" : "4611686018428092288"
    }, {
      "d" : "1756439361245307895",
      "t" : 1756439361245,
      "tn" : 1756439361245307895,
      "q" : "0.2",
      "p" : "6.0738",
      "s" : "sell",
      "i" : "IP_USD",
      "m" : "4611686018428092287"
    }, {
      "d" : "1756439332100156458",
      "t" : 1756439332100,
      "tn" : 1756439332100156458,
      "q" : "0.2",
      "p" : "6.0726",
      "s" : "sell",
      "i" : "IP_USD",
      "m" : "4611686018428092286"
    }, {
      "d" : "1756439123948460982",
      "t" : 1756439123948,
      "tn" : 1756439123948460982,
      "q" : "0.2",
      "p" : "6.0674",
      "s" : "sell",
      "i" : "IP_USD",
      "m" : "4611686018428092285"
    }, {
      "d" : "1756439024613808117",
      "t" : 1756439024613,
      "tn" : 1756439024613808117,
      "q" : "0.2",
      "p" : "6.0720",
      "s" : "sell",
      "i" : "IP_USD",
      "m" : "4611686018428092284"
    }, {
      "d" : "1756439023405532434",
      "t" : 1756439023405,
      "tn" : 1756439023405532434,
      "q" : "0.2",
      "p" : "6.0735",
      "s" : "sell",
      "i" : "IP_USD",
      "m" : "4611686018428092283"
    }, {
      "d" : "1756438823481845959",
      "t" : 1756438823481,
      "tn" : 1756438823481845959,
      "q" : "0.2",
      "p" : "6.0697",
      "s" : "sell",
      "i" : "IP_USD",
      "m" : "4611686018428092282"
    }, {
      "d" : "1756438821829033171",
      "t" : 1756438821829,
      "tn" : 1756438821829033171,
      "q" : "0.2",
      "p" : "6.0708",
      "s" : "sell",
      "i" : "IP_USD",
      "m" : "4611686018428092281"
    }, {
      "d" : "1756438733720474920",
      "t" : 1756438733720,
      "tn" : 1756438733720474920,
      "q" : "0.2",
      "p" : "6.0683",
      "s" : "sell",
      "i" : "IP_USD",
      "m" : "4611686018428092280"
    }, {
      "d" : "1756438630522634723",
      "t" : 1756438630522,
      "tn" : 1756438630522634723,
      "q" : "0.2",
      "p" : "6.0674",
      "s" : "sell",
      "i" : "IP_USD",
      "m" : "4611686018428092279"
    }, {
      "d" : "1756438507493869694",
      "t" : 1756438507493,
      "tn" : 1756438507493869694,
      "q" : "0.2",
      "p" : "6.0652",
      "s" : "sell",
      "i" : "IP_USD",
      "m" : "4611686018428092278"
    }, {
      "d" : "1756438467462156478",
      "t" : 1756438467462,
      "tn" : 1756438467462156478,
      "q" : "0.2",
      "p" : "6.0660",
      "s" : "sell",
      "i" : "IP_USD",
      "m" : "4611686018428092277"
    }, {
      "d" : "1756438425614423628",
      "t" : 1756438425614,
      "tn" : 1756438425614423628,
      "q" : "0.2",
      "p" : "6.0710",
      "s" : "sell",
      "i" : "IP_USD",
      "m" : "4611686018428092276"
    }, {
      "d" : "1756438424020548200",
      "t" : 1756438424020,
      "tn" : 1756438424020548200,
      "q" : "0.2",
      "p" : "6.0737",
      "s" : "sell",
      "i" : "IP_USD",
      "m" : "4611686018428092275"
    }, {
      "d" : "1756438337447874291",
      "t" : 1756438337447,
      "tn" : 1756438337447874291,
      "q" : "0.2",
      "p" : "6.0737",
      "s" : "sell",
      "i" : "IP_USD",
      "m" : "4611686018428092274"
    }, {
      "d" : "1756438272904109548",
      "t" : 1756438272904,
      "tn" : 1756438272904109548,
      "q" : "0.2",
      "p" : "6.0753",
      "s" : "sell",
      "i" : "IP_USD",
      "m" : "4611686018428092273"
    }, {
      "d" : "1756437967226402672",
      "t" : 1756437967226,
      "tn" : 1756437967226402672,
      "q" : "0.2",
      "p" : "6.0844",
      "s" : "sell",
      "i" : "IP_USD",
      "m" : "4611686018428092272"
    }, {
      "d" : "1756437967161655491",
      "t" : 1756437967161,
      "tn" : 1756437967161655491,
      "q" : "0.2",
      "p" : "6.0849",
      "s" : "sell",
      "i" : "IP_USD",
      "m" : "4611686018428092271"
    }, {
      "d" : "1756437918967214917",
      "t" : 1756437918967,
      "tn" : 1756437918967214917,
      "q" : "0.2",
      "p" : "6.0857",
      "s" : "sell",
      "i" : "IP_USD",
      "m" : "4611686018428092270"
    }, {
      "d" : "1756437882242237788",
      "t" : 1756437882242,
      "tn" : 1756437882242237788,
      "q" : "0.2",
      "p" : "6.0888",
      "s" : "sell",
      "i" : "IP_USD",
      "m" : "4611686018428092269"
    }, {
      "d" : "1756437868651592036",
      "t" : 1756437868651,
      "tn" : 1756437868651592036,
      "q" : "0.2",
      "p" : "6.0877",
      "s" : "sell",
      "i" : "IP_USD",
      "m" : "4611686018428092268"
    }, {
      "d" : "1756437867571040053",
      "t" : 1756437867571,
      "tn" : 1756437867571040053,
      "q" : "0.2",
      "p" : "6.0876",
      "s" : "sell",
      "i" : "IP_USD",
      "m" : "4611686018428092267"
    }, {
      "d" : "1756437751393789154",
      "t" : 1756437751393,
      "tn" : 1756437751393789154,
      "q" : "0.2",
      "p" : "6.0881",
      "s" : "sell",
      "i" : "IP_USD",
      "m" : "4611686018428092266"
    }, {
      "d" : "1756437749051280047",
      "t" : 1756437749051,
      "tn" : 1756437749051280047,
      "q" : "0.2",
      "p" : "6.0880",
      "s" : "sell",
      "i" : "IP_USD",
      "m" : "4611686018428092265"
    }, {
      "d" : "1756437539890927981",
      "t" : 1756437539890,
      "tn" : 1756437539890927981,
      "q" : "0.2",
      "p" : "6.0852",
      "s" : "sell",
      "i" : "IP_USD",
      "m" : "4611686018428092264"
    }, {
      "d" : "1756437482409646825",
      "t" : 1756437482409,
      "tn" : 1756437482409646825,
      "q" : "0.2",
      "p" : "6.0830",
      "s" : "sell",
      "i" : "IP_USD",
      "m" : "4611686018428092263"
    }, {
      "d" : "1756437437367845917",
      "t" : 1756437437367,
      "tn" : 1756437437367845917,
      "q" : "0.2",
      "p" : "6.0823",
      "s" : "sell",
      "i" : "IP_USD",
      "m" : "4611686018428092262"
    }, {
      "d" : "1756436991605549302",
      "t" : 1756436991605,
      "tn" : 1756436991605549302,
      "q" : "0.2",
      "p" : "6.0836",
      "s" : "buy",
      "i" : "IP_USD",
      "m" : "4611686018428092261"
    }, {
      "d" : "1756436767559336021",
      "t" : 1756436767559,
      "tn" : 1756436767559336021,
      "q" : "0.2",
      "p" : "6.0792",
      "s" : "sell",
      "i" : "IP_USD",
      "m" : "4611686018428092260"
    }, {
      "d" : "1756436588881825479",
      "t" : 1756436588881,
      "tn" : 1756436588881825479,
      "q" : "0.2",
      "p" : "6.0819",
      "s" : "sell",
      "i" : "IP_USD",
      "m" : "4611686018428092259"
    }, {
      "d" : "1756436531413831962",
      "t" : 1756436531413,
      "tn" : 1756436531413831962,
      "q" : "0.2",
      "p" : "6.0886",
      "s" : "sell",
      "i" : "IP_USD",
      "m" : "4611686018428092258"
    }, {
      "d" : "1756436249175608169",
      "t" : 1756436249175,
      "tn" : 1756436249175608169,
      "q" : "0.2",
      "p" : "6.0807",
      "s" : "sell",
      "i" : "IP_USD",
      "m" : "4611686018428092257"
    }, {
      "d" : "1756436242430266933",
      "t" : 1756436242430,
      "tn" : 1756436242430266933,
      "q" : "0.2",
      "p" : "6.0857",
      "s" : "sell",
      "i" : "IP_USD",
      "m" : "4611686018428092256"
    }, {
      "d" : "1756436114754664135",
      "t" : 1756436114754,
      "tn" : 1756436114754664135,
      "q" : "0.2",
      "p" : "6.0897",
      "s" : "sell",
      "i" : "IP_USD",
      "m" : "4611686018428092255"
    }, {
      "d" : "1756436113895145850",
      "t" : 1756436113895,
      "tn" : 1756436113895145850,
      "q" : "0.2",
      "p" : "6.0898",
      "s" : "sell",
      "i" : "IP_USD",
      "m" : "4611686018428092254"
    }, {
      "d" : "1756435662231954088",
      "t" : 1756435662231,
      "tn" : 1756435662231954088,
      "q" : "0.2",
      "p" : "6.0869",
      "s" : "sell",
      "i" : "IP_USD",
      "m" : "4611686018428092253"
    }, {
      "d" : "1756435658239097150",
      "t" : 1756435658239,
      "tn" : 1756435658239097150,
      "q" : "0.2",
      "p" : "6.0852",
      "s" : "sell",
      "i" : "IP_USD",
      "m" : "4611686018428092252"
    }, {
      "d" : "1756435657319508209",
      "t" : 1756435657319,
      "tn" : 1756435657319508209,
      "q" : "0.2",
      "p" : "6.0858",
      "s" : "sell",
      "i" : "IP_USD",
      "m" : "4611686018428092251"
    }, {
      "d" : "1756435657170304290",
      "t" : 1756435657170,
      "tn" : 1756435657170304290,
      "q" : "0.2",
      "p" : "6.0872",
      "s" : "sell",
      "i" : "IP_USD",
      "m" : "4611686018428092250"
    }, {
      "d" : "1756435048535164983",
      "t" : 1756435048535,
      "tn" : 1756435048535164983,
      "q" : "0.2",
      "p" : "6.0840",
      "s" : "sell",
      "i" : "IP_USD",
      "m" : "4611686018428092249"
    } ]
  }
}