{
  "id" : -1,
  "method" : "public/get-trades",
  "code" : 0,
  "result" : {
    "data" : [ {
      "d" : "1756461350469945413",
      "t" : 1756461350469,
      "tn" : 1756461350469945413,
      "q" : "1",
      "p" : "6.0255",
      "s" : "buy",
      "i" : "IPUSD-PERP",
      "m" : "4611686018428889934"
    }, {
      "d" : "1756461350361019183",
      "t" : 1756461350361,
      "tn" : 1756461350361019183,
      "q" : "1",
      "p" : "6.0262",
      "s" : "sell",
      "i" : "IPUSD-PERP",
      "m" : "4611686018428889933"
    }, {
      "d" : "1756461339887246060",
      "t" : 1756461339887,
      "tn" : 1756461339887246060,
      "q" : "1",
      "p" : "6.0252",
      "s" : "sell",
      "i" : "IPUSD-PERP",
      "m" : "4611686018428889932"
    }, {
      "d" : "1756461339887244427",
      "t" : 1756461339887,
      "tn" : 1756461339887244427,
      "q" : "1",
      "p" : "6.0277",
      "s" : "sell",
      "i" : "IPUSD-PERP",
      "m" : "4611686018428889931"
    }, {
      "d" : "1756461339760562230",
      "t" : 1756461339760,
      "tn" : 1756461339760562230,
      "q" : "1",
      "p" : "6.0270",
      "s" : "buy",
      "i" : "IPUSD-PERP",
      "m" : "4611686018428889930"
    }, {
      "d" : "1756461322445148413",
      "t" : 1756461322445,
      "tn" : 1756461322445148413,
      "q" : "1",
      "p" : "6.0276",
      "s" : "sell",
      "i" : "IPUSD-PERP",
      "m" : "4611686018428889929"
    }, {
      "d" : "1756461317268422776",
      "t" : 1756461317268,
      "tn" : 1756461317268422776,
      "q" : "1",
      "p" : "6.0264",
      "s" : "buy",
      "i" : "IPUSD-PERP",
      "m" : "4611686018428889928"
    }, {
      "d" : "1756461306577705143",
      "t" : 1756461306577,
      "tn" : 1756461306577705143,
      "q" : "1",
      "p" : "6.0252",
      "s" : "buy",
      "i" : "IPUSD-PERP",
      "m" : "4611686018428889927"
    }, {
      "d" : "1756461306512187885",
      "t" : 1756461306512,
      "tn" : 1756461306512187885,
      "q" : "1",
      "p" : "6.0264",
      "s" : "buy",
      "i" : "IPUSD-PERP",
      "m" : "4611686018428889926"
    }, {
      "d" : "1756461306471167591",
      "t" : 1756461306471,
      "tn" : 1756461306471167591,
      "q" : "1",
      "p" : "6.0268",
      "s" : "sell",
      "i" : "IPUSD-PERP",
      "m" : "4611686018428889925"
    }, {
      "d" : "1756461300777194736",
      "t" : 1756461300777,
      "tn" : 1756461300777194736,
      "q" : "1",
      "p" : "6.0267",
      "s" : "buy",
      "i" : "IPUSD-PERP",
      "m" : "4611686018428889924"
    }, {
      "d" : "1756461300359636383",
      "t" : 1756461300359,
      "tn" : 1756461300359636383,
      "q" : "1",
      "p" : "6.0275",
      "s" : "sell",
      "i" : "IPUSD-PERP",
      "m" : "4611686018428889923"
    }, {
      "d" : "1756461294050536514",
      "t" : 1756461294050,
      "tn" : 1756461294050536514,
      "q" : "1",
      "p" : "6.0277",
      "s" : "sell",
      "i" : "IPUSD-PERP",
      "m" : "4611686018428889922"
    }, {
      "d" : "1756461293938956095",
      "t" : 1756461293938,
      "tn" : 1756461293938956095,
      "q" : "1",
      "p" : "6.0257",
      "s" : "buy",
      "i" : "IPUSD-PERP",
      "m" : "4611686018428889921"
    }, {
      "d" : "1756461260468034121",
      "t" : 1756461260468,
      "tn" : 1756461260468034121,
      "q" : "1",
      "p" : "6.0243",
      "s" : "buy",
      "i" : "IPUSD-PERP",
      "m" : "4611686018428889920"
    }, {
      "d" : "1756461260359854135",
      "t" : 1756461260359,
      "tn" : 1756461260359854135,
      "q" : "1",
      "p" : "6.0256",
      "s" : "sell",
      "i" : "IPUSD-PERP",
      "m" : "4611686018428889919"
    }, {
      "d" : "1756461205477218139",
      "t" : 1756461205477,
      "tn" : 1756461205477218139,
      "q" : "1",
      "p" : "6.0269",
      "s" : "buy",
      "i" : "IPUSD-PERP",
      "m" : "4611686018428889918"
    }, {
      "d" : "1756461205363584529",
      "t" : 1756461205363,
      "tn" : 1756461205363584529,
      "q" : "1",
      "p" : "6.0278",
      "s" : "sell",
      "i" : "IPUSD-PERP",
      "m" : "4611686018428889917"
    }, {
      "d" : "1756461195488147151",
      "t" : 1756461195488,
      "tn" : 1756461195488147151,
      "q" : "1",
      "p" : "6.0289",
      "s" : "sell",
      "i" : "IPUSD-PERP",
      "m" : "4611686018428889916"
    }, {
      "d" : "1756461195344176613",
      "t" : 1756461195344,
      "tn" : 1756461195344176613,
      "q" : "1",
      "p" : "6.0288",
      "s" : "sell",
      "i" : "IPUSD-PERP",
      "m" : "4611686018428889915"
    }, {
      "d" : "1756461195174697612",
      "t" : 1756461195174,
      "tn" : 1756461195174697612,
      "q" : "1",
      "p" : "6.0271",
      "s" : "buy",
      "i" : "IPUSD-PERP",
      "m" : "4611686018428889914"
    }, {
      "d" : "1756461190708245467",
      "t" : 1756461190708,
      "tn" : 1756461190708245467,
      "q" : "1",
      "p" : "6.0265",
      "s" : "buy",
      "i" : "IPUSD-PERP",
      "m" : "4611686018428889913"
    }, {
      "d" : "1756461170392356021",
      "t" : 1756461170392,
      "tn" : 1756461170392356021,
      "q" : "1",
      "p" : "6.0285",
      "s" : "sell",
      "i" : "IPUSD-PERP",
      "m" : "4611686018428889912"
    }, {
      "d" : "1756461166387352085",
      "t" : 1756461166387,
      "tn" : 1756461166387352085,
      "q" : "1",
      "p" : "6.0268",
      "s" : "buy",
      "i" : "IPUSD-PERP",
      "m" : "4611686018428889911"
    }, {
      "d" : "1756461163318543616",
      "t" : 1756461163318,
      "tn" : 1756461163318543616,
      "q" : "1",
      "p" : "6.0272",
      "s" : "buy",
      "i" : "IPUSD-PERP",
      "m" : "4611686018428889910"
    }, {
      "d" : "1756461163202317410",
      "t" : 1756461163202,
      "tn" : 1756461163202317410,
      "q" : "1",
      "p" : "6.0282",
      "s" : "sell",
      "i" : "IPUSD-PERP",
      "m" : "4611686018428889909"
    }, {
      "d" : "1756461158052734672",
      "t" : 1756461158052,
      "tn" : 1756461158052734672,
      "q" : "1",
      "p" : "6.0297",
      "s" : "sell",
      "i" : "IPUSD-PERP",
      "m" : "4611686018428889908"
    }, {
      "d" : "1756461153219486533",
      "t" : 1756461153219,
      "tn" : 1756461153219486533,
      "q" : "1",
      "p" : "6.0295",
      "s" : "sell",
      "i" : "IPUSD-PERP",
      "m" : "4611686018428889907"
    }, {
      "d" : "1756461153041578318",
      "t" : 1756461153041,
      "tn" : 1756461153041578318,
      "q" : "1",
      "p" : "6.0281",
      "s" : "buy",
      "i" : "IPUSD-PERP",
      "m" : "4611686018428889906"
    }, {
      "d" : "1756461150493031316",
      "t" : 1756461150493,
      "tn" : 1756461150493031316,
      "q" : "1",
      "p" : "6.0265",
      "s" : "buy",
      "i" : "IPUSD-PERP",
      "m" : "4611686018428889905"
    }, {
      "d" : "1756461133164495024",
      "t" : 1756461133164,
      "tn" : 1756461133164495024,
      "q" : "1",
      "p" : "6.0284",
      "s" : "buy",
      "i" : "IPUSD-PERP",
      "m" : "4611686018428889904"
    }, {
      "d" : "1756461132840286770",
      "t" : 1756461132840,
      "tn" : 1756461132840286770,
      "q" : "1",
      "p" : "6.0299",
      "s" : "sell",
      "i" : "IPUSD-PERP",
      "m" : "4611686018428889903"
    }, {
      "d" : "1756461129877111151",
      "t" : 1756461129877,
      "tn" : 1756461129877111151,
      "q" : "1",
      "p" : "6.0316",
      "s" : "sell",
      "i" : "IPUSD-PERP",
      "m" : "4611686018428889902"
    }, {
      "d" : "1756461129645141446",
      "t" : 1756461129645,
      "tn" : 1756461129645141446,
      "q" : "1",
      "p" : "6.0295",
      "s" : "buy",
      "i" : "IPUSD-PERP",
      "m" : "4611686018428889901"
    }, {
      "d" : "1756461121718295466",
      "t" : 1756461121718,
      "tn" : 1756461121718295466,
      "q" : "1",
      "p" : "6.0304",
      "s" : "sell",
      "i" : "IPUSD-PERP",
      "m" : "4611686018428889900"
    }, {
      "d" : "1756461121608727708",
      "t" : 1756461121608,
      "tn" : 1756461121608727708,
      "q" : "1",
      "p" : "6.0307",
      "s" : "sell",
      "i" : "IPUSD-PERP",
      "m" : "4611686018428889899"
    }, {
      "d" : "1756461120870529629",
      "t" : 1756461120870,
      "tn" : 1756461120870529629,
      "q" : "1",
      "p" : "6.0294",
      "s" : "buy",
      "i" : "IPUSD-PERP",
      "m" : "4611686018428889898"
    }, {
      "d" : "1756461120720797692",
      "t" : 1756461120720,
      "tn" : 1756461120720797692,
      "q" : "1",
      "p" : "6.0263",
      "s" : "buy",
      "i" : "IPUSD-PERP",
      "m" : "4611686018428889897"
    }, {
      "d" : "1756461118198656117",
      "t" : 1756461118198,
      "tn" : 1756461118198656117,
      "q" : "1",
      "p" : "6.0259",
      "s" : "sell",
      "i" : "IPUSD-PERP",
      "m" : "4611686018428889896"
    }, {
      "d" : "1756461115746081870",
      "t" : 1756461115746,
      "tn" : 1756461115746081870,
      "q" : "1",
      "p" : "6.0249",
      "s" : "buy",
      "i" : "IPUSD-PERP",
      "m" : "4611686018428889895"
    }, {
      "d" : "1756461100284992505",
      "t" : 1756461100284,
      "tn" : 1756461100284992505,
      "q" : "1",
      "p" : "6.0266",
      "s" : "sell",
      "i" : "IPUSD-PERP",
      "m" : "4611686018428889894"
    }, {
      "d" : "1756461095408280577",
      "t" : 1756461095408,
      "tn" : 1756461095408280577,
      "q" : "1",
      "p" : "6.0275",
      "s" : "buy",
      "i" : "IPUSD-PERP",
      "m" : "4611686018428889893"
    }, {
      "d" : "1756461091418673214",
      "t" : 1756461091418,
      "tn" : 1756461091418673214,
      "q" : "1",
      "p" : "6.0310",
      "s" : "sell",
      "i" : "IPUSD-PERP",
      "m" : "4611686018428889892"
    }, {
      "d" : "1756461090808311490",
      "t" : 1756461090808,
      "tn" : 1756461090808311490,
      "q" : "1",
      "p" : "6.0313",
      "s" : "sell",
      "i" : "IPUSD-PERP",
      "m" : "4611686018428889891"
    }, {
      "d" : "1756461090228996181",
      "t" : 1756461090228,
      "tn" : 1756461090228996181,
      "q" : "1",
      "p" : "6.0279",
      "s" : "buy",
      "i" : "IPUSD-PERP",
      "m" : "4611686018428889890"
    }, {
      "d" : "1756461080388999973",
      "t" : 1756461080388,
      "tn" : 1756461080388999973,
      "q" : "1",
      "p" : "6.0268",
      "s" : "buy",
      "i" : "IPUSD-PERP",
      "m" : "4611686018428889889"
    }, {
      "d" : "1756461074599312859",
      "t" : 1756461074599,
      "tn" : 1756461074599312859,
      "q" : "1",
      "p" : "6.0316",
      "s" : "sell",
      "i" : "IPUSD-PERP",
      "m" : "4611686018428889888"
    }, {
      "d" : "1756461074490140624",
      "t" : 1756461074490,
      "tn" : 1756461074490140624,
      "q" : "15",
      "p" : "6.0313",
      "s" : "sell",
      "i" : "IPUSD-PERP",
      "m" : "4611686018428889887"
    }, {
      "d" : "1756461074481977693",
      "t" : 1756461074481,
      "tn" : 1756461074481977693,
      "q" : "1",
      "p" : "6.0276",
      "s" : "buy",
      "i" : "IPUSD-PERP",
      "m" : "4611686018428889886"
    }, {
      "d" : "1756461074478602805",
      "t" : 1756461074478,
      "tn" : 1756461074478602805,
      "q" : "1",
      "p" : "6.0253",
      "s" : "buy",
      "i" : "IPUSD-PERP",
      "m" : "4611686018428889885"
    }, {
      "d" : "1756461066565972381",
      "t" : 1756461066565,
      "tn" : 1756461066565972381,
      "q" : "1",
      "p" : "6.0265",
      "s" : "sell",
      "i" : "IPUSD-PERP",
      "m" : "4611686018428889884"
    }, {
      "d" : "1756461064187532545",
      "t" : 1756461064187,
      "tn" : 1756461064187532545,
      "q" : "1",
      "p" : "6.0257",
      "s" : "sell",
      "i" : "IPUSD-PERP",
      "m" : "4611686018428889883"
    }, {
      "d" : "1756461064078680836",
      "t" : 1756461064078,
      "tn" : 1756461064078680836,
      "q" : "1",
      "p" : "6.0247",
      "s" : "buy",
      "i" : "IPUSD-PERP",
      "m" : "4611686018428889882"
    }, {
      "d" : "1756461063719315038",
      "t" : 1756461063719,
      "tn" : 1756461063719315038,
      "q" : "1",
      "p" : "6.0243",
      "s" : "buy",
      "i" : "IPUSD-PERP",
      "m" : "4611686018428889881"
    }, {
      "d" : "1756461061868301594",
      "t" : 1756461061868,
      "tn" : 1756461061868301594,
      "q" : "1",
      "p" : "6.0255",
      "s" : "sell",
      "i" : "IPUSD-PERP",
      "m" : "4611686018428889880"
    }, {
      "d" : "1756461061722936681",
      "t" : 1756461061722,
      "tn" : 1756461061722936681,
      "q" : "1",
      "p" : "6.0252",
      "s" : "buy",
      "i" : "IPUSD-PERP",
      "m" : "4611686018428889879"
    }, {
      "d" : "1756461061722767102",
      "t" : 1756461061722,
      "tn" : 1756461061722767102,
      "q" : "1",
      "p" : "6.0243",
      "s" : "buy",
      "i" : "IPUSD-PERP",
      "m" : "4611686018428889878"
    }, {
      "d" : "1756461054591214367",
      "t" : 1756461054591,
      "tn" : 1756461054591214367,
      "q" : "1",
      "p" : "6.0248",
      "s" : "sell",
      "i" : "IPUSD-PERP",
      "m" : "4611686018428889877"
    }, {
      "d" : "1756461054459333081",
      "t" : 1756461054459,
      "tn" : 1756461054459333081,
      "q" : "1",
      "p" : "6.0244",
      "s" : "buy",
      "i" : "IPUSD-PERP",
      "m" : "4611686018428889876"
    }, {
      "d" : "1756461051098680079",
      "t" : 1756461051098,
      "tn" : 1756461051098680079,
      "q" : "1",
      "p" : "6.0243",
      "s" : "sell",
      "i" : "IPUSD-PERP",
      "m" : "4611686018428889875"
    }, {
      "d" : "1756461050969761505",
      "t" : 1756461050969,
      "tn" : 1756461050969761505,
      "q" : "1",
      "p" : "6.0249",
      "s" : "sell",
      "i" : "IPUSD-PERP",
      "m" : "4611686018428889874"
    }, {
      "d" : "1756461050720601764",
      "t" : 1756461050720,
      "tn" : 1756461050720601764,
      "q" : "1",
      "p" : "6.0240",
      "s" : "buy",
      "i" : "IPUSD-PERP",
      "m" : "4611686018428889873"
    }, {
      "d" : "1756461046672806910",
      "t" : 1756461046672,
      "tn" : 1756461046672806910,
      "q" : "1",
      "p" : "6.0229",
      "s" : "buy",
      "i" : "IPUSD-PERP",
      "m" : "4611686018428889872"
    }, {
      "d" : "1756461038486481165",
      "t" : 1756461038486,
      "tn" : 1756461038486481165,
      "q" : "1",
      "p" : "6.0248",
      "s" : "sell",
      "i" : "IPUSD-PERP",
      "m" : "4611686018428889871"
    }, {
      "d" : "1756461037535998496",
      "t" : 1756461037535,
      "tn" : 1756461037535998496,
      "q" : "1",
      "p" : "6.0244",
      "s" : "sell",
      "i" : "IPUSD-PERP",
      "m" : "4611686018428889870"
    }, {
      "d" : "1756461037393685072",
      "t" : 1756461037393,
      "tn" : 1756461037393685072,
      "q" : "1",
      "p" : "6.0230",
      "s" : "buy",
      "i" : "IPUSD-PERP",
      "m" : "4611686018428889869"
    }, {
      "d" : "1756461035849531456",
      "t" : 1756461035849,
      "tn" : 1756461035849531456,
      "q" : "1",
      "p" : "6.0226",
      "s" : "buy",
      "i" : "IPUSD-PERP",
      "m" : "4611686018428889868"
    }, {
      "d" : "1756461027619324909",
      "t" : 1756461027619,
      "tn" : 1756461027619324909,
      "q" : "1",
      "p" : "6.0251",
      "s" : "buy",
      "i" : "IPUSD-PERP",
      "m" : "4611686018428889867"
    }, {
      "d" : "1756461027510228081",
      "t" : 1756461027510,
      "tn" : 1756461027510228081,
      "q" : "1",
      "p" : "6.0262",
      "s" : "sell",
      "i" : "IPUSD-PERP",
      "m" : "4611686018428889866"
    }, {
      "d" : "1756461000430326949",
      "t" : 1756461000430,
      "tn" : 1756461000430326949,
      "q" : "1",
      "p" : "6.0294",
      "s" : "buy",
      "i" : "IPUSD-PERP",
      "m" : "4611686018428889865"
    }, {
      "d" : "1756461000400017429",
      "t" : 1756461000400,
      "tn" : 1756461000400017429,
      "q" : "32",
      "p" : "6.0303",
      "s" : "sell",
      "i" : "IPUSD-PERP",
      "m" : "4611686018428889864"
    }, {
      "d" : "1756461000270653746",
      "t" : 1756461000270,
      "tn" : 1756461000270653746,
      "q" : "1",
      "p" : "6.0309",
      "s" : "sell",
      "i" : "IPUSD-PERP",
      "m" : "4611686018428889863"
    }, {
      "d" : "1756460971187957960",
      "t" : 1756460971187,
      "tn" : 1756460971187957960,
      "q" : "1",
      "p" : "6.0300",
      "s" : "buy",
      "i" : "IPUSD-PERP",
      "m" : "4611686018428889862"
    }, {
      "d" : "1756460971043314484",
      "t" : 1756460971043,
      "tn" : 1756460971043314484,
      "q" : "1",
      "p" : "6.0305",
      "s" : "sell",
      "i" : "IPUSD-PERP",
      "m" : "4611686018428889861"
    }, {
      "d" : "1756460952319983046",
      "t" : 1756460952319,
      "tn" : 1756460952319983046,
      "q" : "1",
      "p" : "6.0345",
      "s" : "sell",
      "i" : "IPUSD-PERP",
      "m" : "4611686018428889860"
    }, {
      "d" : "1756460951444093553",
      "t" : 1756460951444,
      "tn" : 1756460951444093553,
      "q" : "1",
      "p" : "6.0328",
      "s" : "buy",
      "i" : "IPUSD-PERP",
      "m" : "4611686018428889859"
    }, {
      "d" : "1756460915518446157",
      "t" : 1756460915518,
      "tn" : 1756460915518446157,
      "q" : "1",
      "p" : "6.0318",
      "s" : "buy",
      "i" : "IPUSD-PERP",
      "m" : "4611686018428889858"
    }, {
      "d" : "1756460915518375679",
      "t" : 1756460915518,
      "tn" : 1756460915518375679,
      "q" : "1",
      "p" : "6.0296",
      "s" : "buy",
      "i" : "IPUSD-PERP",
      "m" : "4611686018428889857"
    }, {
      "d" : "1756460915407254089",
      "t" : 1756460915407,
      "tn" : 1756460915407254089,
      "q" : "1",
      "p" : "6.0315",
      "s" : "sell",
      "i" : "IPUSD-PERP",
      "m" : "4611686018428889856"
    }, {
      "d" : "1756460910557257077",
      "t" : 1756460910557,
      "tn" : 1756460910557257077,
      "q" : "1",
      "p" : "6.0320",
      "s" : "buy",
      "i" : "IPUSD-PERP",
      "m" : "4611686018428889855"
    }, {
      "d" : "1756460910443573003",
      "t" : 1756460910443,
      "tn" : 1756460910443573003,
      "q" : "1",
      "p" : "6.0330",
      "s" : "sell",
      "i" : "IPUSD-PERP",
      "m" : "4611686018428889854"
    }, {
      "d" : "1756460908927618386",
      "t" : 1756460908927,
      "tn" : 1756460908927618386,
      "q" : "1",
      "p" : "6.0321",
      "s" : "sell",
      "i" : "IPUSD-PERP",
      "m" : "4611686018428889853"
    }, {
      "d" : "1756460908745935639",
      "t" : 1756460908745,
      "tn" : 1756460908745935639,
      "q" : "1",
      "p" : "6.0302",
      "s" : "buy",
      "i" : "IPUSD-PERP",
      "m" : "4611686018428889852"
    }, {
      "d" : "1756460896430042661",
      "t" : 1756460896430,
      "tn" : 1756460896430042661,
      "q" : "1",
      "p" : "6.0302",
      "s" : "sell",
      "i" : "IPUSD-PERP",
      "m" : "4611686018428889851"
    }, {
      "d" : "1756460896313857825",
      "t" : 1756460896313,
      "tn" : 1756460896313857825,
      "q" : "1",
      "p" : "6.0289",
      "s" : "buy",
      "i" : "IPUSD-PERP",
      "m" : "4611686018428889850"
    }, {
      "d" : "1756460880327917109",
      "t" : 1756460880327,
      "tn" : 1756460880327917109,
      "q" : "1",
      "p" : "6.0276",
      "s" : "sell",
      "i" : "IPUSD-PERP",
      "m" : "4611686018428889849"
    }, {
      "d" : "1756460875931253393",
      "t" : 1756460875931,
      "tn" : 1756460875931253393,
      "q" : "1",
      "p" : "6.0264",
      "s" : "buy",
      "i" : "IPUSD-PERP",
      "m" : "4611686018428889848"
    }, {
      "d" : "1756460875398155448",
      "t" : 1756460875398,
      "tn" : 1756460875398155448,
      "q" : "1",
      "p" : "6.0258",
      "s" : "buy",
      "i" : "IPUSD-PERP",
      "m" : "4611686018428889847"
    }, {
      "d" : "1756460875284336131",
      "t" : 1756460875284,
      "tn" : 1756460875284336131,
      "q" : "1",
      "p" : "6.0275",
      "s" : "sell",
      "i" : "IPUSD-PERP",
      "m" : "4611686018428889846"
    }, {
      "d" : "1756460863389427308",
      "t" : 1756460863389,
      "tn" : 1756460863389427308,
      "q" : "1",
      "p" : "6.0235",
      "s" : "buy",
      "i" : "IPUSD-PERP",
      "m" : "4611686018428889845"
    }, {
      "d" : "1756460863278436792",
      "t" : 1756460863278,
      "tn" : 1756460863278436792,
      "q" : "1",
      "p" : "6.0234",
      "s" : "sell",
      "i" : "IPUSD-PERP",
      "m" : "4611686018428889844"
    }, {
      "d" : "1756460863272524931",
      "t" : 1756460863272,
      "tn" : 1756460863272524931,
      "q" : "1",
      "p" : "6.0246",
      "s" : "sell",
      "i" : "IPUSD-PERP",
      "m" : "4611686018428889843"
    }, {
      "d" : "1756460860656223638",
      "t" : 1756460860656,
      "tn" : 1756460860656223638,
      "q" : "1",
      "p" : "6.0259",
      "s" : "sell",
      "i" : "IPUSD-PERP",
      "m" : "4611686018428889842"
    }, {
      "d" : "1756460858399655718",
      "t" : 1756460858399,
      "tn" : 1756460858399655718,
      "q" : "1",
      "p" : "6.0249",
      "s" : "buy",
      "i" : "IPUSD-PERP",
      "m" : "4611686018428889841"
    }, {
      "d" : "1756460856591923273",
      "t" : 1756460856591,
      "tn" : 1756460856591923273,
      "q" : "1",
      "p" : "6.0257",
      "s" : "sell",
      "i" : "IPUSD-PERP",
      "m" : "4611686018428889840"
    }, {
      "d" : "1756460855388092801",
      "t" : 1756460855388,
      "tn" : 1756460855388092801,
      "q" : "1",
      "p" : "6.0258",
      "s" : "buy",
      "i" : "IPUSD-PERP",
      "m" : "4611686018428889839"
    }, {
      "d" : "1756460839157762811",
      "t" : 1756460839157,
      "tn" : 1756460839157762811,
      "q" : "1",
      "p" : "6.0305",
      "s" : "sell",
      "i" : "IPUSD-PERP",
      "m" : "4611686018428889838"
    }, {
      "d" : "1756460838978107899",
      "t" : 1756460838978,
      "tn" : 1756460838978107899,
      "q" : "1",
      "p" : "6.0290",
      "s" : "buy",
      "i" : "IPUSD-PERP",
      "m" : "4611686018428889837"
    }, {
      "d" : "1756460837907388237",
      "t" : 1756460837907,
      "tn" : 1756460837907388237,
      "q" : "1",
      "p" : "6.0279",
      "s" : "sell",
      "i" : "IPUSD-PERP",
      "m" : "4611686018428889836"
    }, {
      "d" : "1756460837767067653",
      "t" : 1756460837767,
      "tn" : 1756460837767067653,
      "q" : "1",
      "p" : "6.0271",
      "s" : "buy",
      "i" : "IPUSD-PERP",
      "m" : "4611686018428889835"
    }, {
      "d" : "1756460836351926023",
      "t" : 1756460836351,
      "tn" : 1756460836351926023,
      "q" : "1",
      "p" : "6.0255",
      "s" : "sell",
      "i" : "IPUSD-PERP",
      "m" : "4611686018428889834"
    }, {
      "d" : "1756460836217842474",
      "t" : 1756460836217,
      "tn" : 1756460836217842474,
      "q" : "1",
      "p" : "6.0250",
      "s" : "buy",
      "i" : "IPUSD-PERP",
      "m" : "4611686018428889833"
    }, {
      "d" : "1756460832047526285",
      "t" : 1756460832047,
      "tn" : 1756460832047526285,
      "q" : "1",
      "p" : "6.0252",
      "s" : "sell",
      "i" : "IPUSD-PERP",
      "m" : "4611686018428889832"
    }, {
      "d" : "1756460831905246972",
      "t" : 1756460831905,
      "tn" : 1756460831905246972,
      "q" : "1",
      "p" : "6.0234",
      "s" : "buy",
      "i" : "IPUSD-PERP",
      "m" : "4611686018428889831"
    }, {
      "d" : "1756460831058649477",
      "t" : 1756460831058,
      "tn" : 1756460831058649477,
      "q" : "1",
      "p" : "6.0222",
      "s" : "buy",
      "i" : "IPUSD-PERP",
      "m" : "4611686018428889830"
    }, {
      "d" : "1756460830951692562",
      "t" : 1756460830951,
      "tn" : 1756460830951692562,
      "q" : "1",
      "p" : "6.0225",
      "s" : "sell",
      "i" : "IPUSD-PERP",
      "m" : "4611686018428889829"
    }, {
      "d" : "1756460829488431131",
      "t" : 1756460829488,
      "tn" : 1756460829488431131,
      "q" : "1",
      "p" : "6.0239",
      "s" : "buy",
      "i" : "IPUSD-PERP",
      "m" : "4611686018428889828"
    }, {
      "d" : "1756460829379156942",
      "t" : 1756460829379,
      "tn" : 1756460829379156942,
      "q" : "1",
      "p" : "6.0252",
      "s" : "sell",
      "i" : "IPUSD-PERP",
      "m" : "4611686018428889827"
    }, {
      "d" : "1756460806189625942",
      "t" : 1756460806189,
      "tn" : 1756460806189625942,
      "q" : "1",
      "p" : "6.0248",
      "s" : "buy",
      "i" : "IPUSD-PERP",
      "m" : "4611686018428889826"
    }, {
      "d" : "1756460806080821330",
      "t" : 1756460806080,
      "tn" : 1756460806080821330,
      "q" : "1",
      "p" : "6.0259",
      "s" : "sell",
      "i" : "IPUSD-PERP",
      "m" : "4611686018428889825"
    }, {
      "d" : "1756460803392115633",
      "t" : 1756460803392,
      "tn" : 1756460803392115633,
      "q" : "1",
      "p" : "6.0295",
      "s" : "sell",
      "i" : "IPUSD-PERP",
      "m" : "4611686018428889824"
    }, {
      "d" : "1756460795292890098",
      "t" : 1756460795292,
      "tn" : 1756460795292890098,
      "q" : "1",
      "p" : "6.0289",
      "s" : "buy",
      "i" : "IPUSD-PERP",
      "m" : "4611686018428889823"
    }, {
      "d" : "1756460791419159334",
      "t" : 1756460791419,
      "tn" : 1756460791419159334,
      "q" : "1",
      "p" : "6.0290",
      "s" : "sell",
      "i" : "IPUSD-PERP",
      "m" : "4611686018428889822"
    }, {
      "d" : "1756460790237333795",
      "t" : 1756460790237,
      "tn" : 1756460790237333795,
      "q" : "1",
      "p" : "6.0279",
      "s" : "buy",
      "i" : "IPUSD-PERP",
      "m" : "4611686018428889821"
    }, {
      "d" : "1756460778190901878",
      "t" : 1756460778190,
      "tn" : 1756460778190901878,
      "q" : "1",
      "p" : "6.0289",
      "s" : "sell",
      "i" : "IPUSD-PERP",
      "m" : "4611686018428889820"
    }, {
      "d" : "1756460777864252017",
      "t" : 1756460777864,
      "tn" : 1756460777864252017,
      "q" : "1",
      "p" : "6.0278",
      "s" : "buy",
      "i" : "IPUSD-PERP",
      "m" : "4611686018428889819"
    }, {
      "d" : "1756460765480904170",
      "t" : 1756460765480,
      "tn" : 1756460765480904170,
      "q" : "1",
      "p" : "6.0262",
      "s" : "buy",
      "i" : "IPUSD-PERP",
      "m" : "4611686018428889818"
    }, {
      "d" : "1756460765361810663",
      "t" : 1756460765361,
      "tn" : 1756460765361810663,
      "q" : "1",
      "p" : "6.0275",
      "s" : "sell",
      "i" : "IPUSD-PERP",
      "m" : "4611686018428889817"
    }, {
      "d" : "1756460760597434533",
      "t" : 1756460760597,
      "tn" : 1756460760597434533,
      "q" : "1",
      "p" : "6.0289",
      "s" : "sell",
      "i" : "IPUSD-PERP",
      "m" : "4611686018428889816"
    }, {
      "d" : "1756460760489956751",
      "t" : 1756460760489,
      "tn" : 1756460760489956751,
      "q" : "1",
      "p" : "6.0273",
      "s" : "buy",
      "i" : "IPUSD-PERP",
      "m" : "4611686018428889815"
    }, {
      "d" : "1756460740489477340",
      "t" : 1756460740489,
      "tn" : 1756460740489477340,
      "q" : "1",
      "p" : "6.0260",
      "s" : "buy",
      "i" : "IPUSD-PERP",
      "m" : "4611686018428889814"
    }, {
      "d" : "1756460740359954709",
      "t" : 1756460740359,
      "tn" : 1756460740359954709,
      "q" : "1",
      "p" : "6.0275",
      "s" : "sell",
      "i" : "IPUSD-PERP",
      "m" : "4611686018428889813"
    }, {
      "d" : "1756460714786030553",
      "t" : 1756460714786,
      "tn" : 1756460714786030553,
      "q" : "1",
      "p" : "6.0264",
      "s" : "sell",
      "i" : "IPUSD-PERP",
      "m" : "4611686018428889812"
    }, {
      "d" : "1756460712967433281",
      "t" : 1756460712967,
      "tn" : 1756460712967433281,
      "q" : "1",
      "p" : "6.0246",
      "s" : "buy",
      "i" : "IPUSD-PERP",
      "m" : "4611686018428889811"
    }, {
      "d" : "1756460712962315676",
      "t" : 1756460712962,
      "tn" : 1756460712962315676,
      "q" : "1",
      "p" : "6.0238",
      "s" : "buy",
      "i" : "IPUSD-PERP",
      "m" : "4611686018428889810"
    }, {
      "d" : "1756460699350964828",
      "t" : 1756460699350,
      "tn" : 1756460699350964828,
      "q" : "1",
      "p" : "6.0250",
      "s" : "buy",
      "i" : "IPUSD-PERP",
      "m" : "4611686018428889809"
    }, {
      "d" : "1756460695369012076",
      "t" : 1756460695369,
      "tn" : 1756460695369012076,
      "q" : "1",
      "p" : "6.0268",
      "s" : "sell",
      "i" : "IPUSD-PERP",
      "m" : "4611686018428889808"
    }, {
      "d" : "1756460669433744310",
      "t" : 1756460669433,
      "tn" : 1756460669433744310,
      "q" : "1",
      "p" : "6.0288",
      "s" : "sell",
      "i" : "IPUSD-PERP",
      "m" : "4611686018428889807"
    }, {
      "d" : "1756460669313529654",
      "t" : 1756460669313,
      "tn" : 1756460669313529654,
      "q" : "1",
      "p" : "6.0275",
      "s" : "buy",
      "i" : "IPUSD-PERP",
      "m" : "4611686018428889806"
    }, {
      "d" : "1756460655467212208",
      "t" : 1756460655467,
      "tn" : 1756460655467212208,
      "q" : "1",
      "p" : "6.0250",
      "s" : "buy",
      "i" : "IPUSD-PERP",
      "m" : "4611686018428889805"
    }, {
      "d" : "1756460655361169499",
      "t" : 1756460655361,
      "tn" : 1756460655361169499,
      "q" : "1",
      "p" : "6.0257",
      "s" : "sell",
      "i" : "IPUSD-PERP",
      "m" : "4611686018428889804"
    }, {
      "d" : "1756460635491067762",
      "t" : 1756460635491,
      "tn" : 1756460635491067762,
      "q" : "1",
      "p" : "6.0272",
      "s" : "buy",
      "i" : "IPUSD-PERP",
      "m" : "4611686018428889803"
    }, {
      "d" : "1756460635360854361",
      "t" : 1756460635360,
      "tn" : 1756460635360854361,
      "q" : "1",
      "p" : "6.0294",
      "s" : "sell",
      "i" : "IPUSD-PERP",
      "m" : "4611686018428889802"
    }, {
      "d" : "1756460610517222422",
      "t" : 1756460610517,
      "tn" : 1756460610517222422,
      "q" : "1",
      "p" : "6.0283",
      "s" : "buy",
      "i" : "IPUSD-PERP",
      "m" : "4611686018428889801"
    }, {
      "d" : "1756460610360009539",
      "t" : 1756460610360,
      "tn" : 1756460610360009539,
      "q" : "1",
      "p" : "6.0299",
      "s" : "sell",
      "i" : "IPUSD-PERP",
      "m" : "4611686018428889800"
    }, {
      "d" : "1756460592459693206",
      "t" : 1756460592459,
      "tn" : 1756460592459693206,
      "q" : "1",
      "p" : "6.0290",
      "s" : "sell",
      "i" : "IPUSD-PERP",
      "m" : "4611686018428889799"
    }, {
      "d" : "1756460592142947887",
      "t" : 1756460592142,
      "tn" : 1756460592142947887,
      "q" : "1",
      "p" : "6.0282",
      "s" : "buy",
      "i" : "IPUSD-PERP",
      "m" : "4611686018428889798"
    }, {
      "d" : "1756460586687391556",
      "t" : 1756460586687,
      "tn" : 1756460586687391556,
      "q" : "1",
      "p" : "6.0272",
      "s" : "sell",
      "i" : "IPUSD-PERP",
      "m" : "4611686018428889797"
    }, {
      "d" : "1756460585552663638",
      "t" : 1756460585552,
      "tn" : 1756460585552663638,
      "q" : "1",
      "p" : "6.0262",
      "s" : "buy",
      "i" : "IPUSD-PERP",
      "m" : "4611686018428889796"
    }, {
      "d" : "1756460570503955689",
      "t" : 1756460570503,
      "tn" : 1756460570503955689,
      "q" : "1",
      "p" : "6.0275",
      "s" : "buy",
      "i" : "IPUSD-PERP",
      "m" : "4611686018428889795"
    }, {
      "d" : "1756460570360552835",
      "t" : 1756460570360,
      "tn" : 1756460570360552835,
      "q" : "1",
      "p" : "6.0282",
      "s" : "sell",
      "i" : "IPUSD-PERP",
      "m" : "4611686018428889794"
    }, {
      "d" : "1756460565479259888",
      "t" : 1756460565479,
      "tn" : 1756460565479259888,
      "q" : "1",
      "p" : "6.0262",
      "s" : "buy",
      "i" : "IPUSD-PERP",
      "m" : "4611686018428889793"
    }, {
      "d" : "1756460565362006047",
      "t" : 1756460565362,
      "tn" : 1756460565362006047,
      "q" : "1",
      "p" : "6.0280",
      "s" : "sell",
      "i" : "IPUSD-PERP",
      "m" : "4611686018428889792"
    }, {
      "d" : "1756460548171308288",
      "t" : 1756460548171,
      "tn" : 1756460548171308288,
      "q" : "1",
      "p" : "6.0293",
      "s" : "sell",
      "i" : "IPUSD-PERP",
      "m" : "4611686018428889791"
    }, {
      "d" : "1756460547995576818",
      "t" : 1756460547995,
      "tn" : 1756460547995576818,
      "q" : "1",
      "p" : "6.0284",
      "s" : "buy",
      "i" : "IPUSD-PERP",
      "m" : "4611686018428889790"
    }, {
      "d" : "1756460545487928180",
      "t" : 1756460545487,
      "tn" : 1756460545487928180,
      "q" : "1",
      "p" : "6.0279",
      "s" : "buy",
      "i" : "IPUSD-PERP",
      "m" : "4611686018428889789"
    }, {
      "d" : "1756460545359674100",
      "t" : 1756460545359,
      "tn" : 1756460545359674100,
      "q" : "1",
      "p" : "6.0286",
      "s" : "sell",
      "i" : "IPUSD-PERP",
      "m" : "4611686018428889788"
    }, {
      "d" : "1756460537709743403",
      "t" : 1756460537709,
      "tn" : 1756460537709743403,
      "q" : "1",
      "p" : "6.0285",
      "s" : "buy",
      "i" : "IPUSD-PERP",
      "m" : "4611686018428889787"
    }, {
      "d" : "1756460537476980498",
      "t" : 1756460537476,
      "tn" : 1756460537476980498,
      "q" : "1",
      "p" : "6.0300",
      "s" : "sell",
      "i" : "IPUSD-PERP",
      "m" : "4611686018428889786"
    }, {
      "d" : "1756460532697224099",
      "t" : 1756460532697,
      "tn" : 1756460532697224099,
      "q" : "1",
      "p" : "6.0310",
      "s" : "sell",
      "i" : "IPUSD-PERP",
      "m" : "4611686018428889785"
    } ]
  }
}