{
  "id" : -1,
  "method" : "public/get-trades",
  "code" : 0,
  "result" : {
    "data" : [ {
      "d" : "1756461386061280279",
      "t" : 1756461386061,
      "tn" : 1756461386061280279,
      "q" : "5000",
      "p" : "0.0145298",
      "s" : "sell",
      "i" : "JASMY_USD",
      "m" : "4611686018432347974"
    }, {
      "d" : "1756461012870367431",
      "t" : 1756461012870,
      "tn" : 1756461012870367431,
      "q" : "17620",
      "p" : "0.0145396",
      "s" : "sell",
      "i" : "JASMY_USD",
      "m" : "4611686018432347973"
    }, {
      "d" : "1756461000366979740",
      "t" : 1756461000366,
      "tn" : 1756461000366979740,
      "q" : "1210",
      "p" : "0.0145398",
      "s" : "sell",
      "i" : "JASMY_USD",
      "m" : "4611686018432347972"
    }, {
      "d" : "1756460950142328376",
      "t" : 1756460950142,
      "tn" : 1756460950142328376,
      "q" : "1490",
      "p" : "0.0145105",
      "s" : "sell",
      "i" : "JASMY_USD",
      "m" : "4611686018432347971"
    }, {
      "d" : "1756460950142326582",
      "t" : 1756460950142,
      "tn" : 1756460950142326582,
      "q" : "1210",
      "p" : "0.0145119",
      "s" : "sell",
      "i" : "JASMY_USD",
      "m" : "4611686018432347970"
    }, {
      "d" : "1756460950142323032",
      "t" : 1756460950142,
      "tn" : 1756460950142323032,
      "q" : "80",
      "p" : "0.0145345",
      "s" : "sell",
      "i" : "JASMY_USD",
      "m" : "4611686018432347969"
    }, {
      "d" : "1756460947525045269",
      "t" : 1756460947525,
      "tn" : 1756460947525045269,
      "q" : "80",
      "p" : "0.0145443",
      "s" : "sell",
      "i" : "JASMY_USD",
      "m" : "4611686018432347968"
    }, {
      "d" : "1756460947003565489",
      "t" : 1756460947003,
      "tn" : 1756460947003565489,
      "q" : "80",
      "p" : "0.0145443",
      "s" : "sell",
      "i" : "JASMY_USD",
      "m" : "4611686018432347967"
    }, {
      "d" : "1756460946963466525",
      "t" : 1756460946963,
      "tn" : 1756460946963466525,
      "q" : "80",
      "p" : "0.0145443",
      "s" : "sell",
      "i" : "JASMY_USD",
      "m" : "4611686018432347966"
    }, {
      "d" : "1756460946953485644",
      "t" : 1756460946953,
      "tn" : 1756460946953485644,
      "q" : "80",
      "p" : "0.0145443",
      "s" : "sell",
      "i" : "JASMY_USD",
      "m" : "4611686018432347965"
    }, {
      "d" : "1756460946903450780",
      "t" : 1756460946903,
      "tn" : 1756460946903450780,
      "q" : "80",
      "p" : "0.0145443",
      "s" : "sell",
      "i" : "JASMY_USD",
      "m" : "4611686018432347964"
    }, {
      "d" : "1756460946803288672",
      "t" : 1756460946803,
      "tn" : 1756460946803288672,
      "q" : "80",
      "p" : "0.0145443",
      "s" : "sell",
      "i" : "JASMY_USD",
      "m" : "4611686018432347963"
    }, {
      "d" : "1756460946723206282",
      "t" : 1756460946723,
      "tn" : 1756460946723206282,
      "q" : "80",
      "p" : "0.0145443",
      "s" : "sell",
      "i" : "JASMY_USD",
      "m" : "4611686018432347962"
    }, {
      "d" : "1756460946602747156",
      "t" : 1756460946602,
      "tn" : 1756460946602747156,
      "q" : "80",
      "p" : "0.0145443",
      "s" : "sell",
      "i" : "JASMY_USD",
      "m" : "4611686018432347961"
    }, {
      "d" : "1756460946522668526",
      "t" : 1756460946522,
      "tn" : 1756460946522668526,
      "q" : "80",
      "p" : "0.0145443",
      "s" : "sell",
      "i" : "JASMY_USD",
      "m" : "4611686018432347960"
    }, {
      "d" : "1756460946402516950",
      "t" : 1756460946402,
      "tn" : 1756460946402516950,
      "q" : "80",
      "p" : "0.0145443",
      "s" : "sell",
      "i" : "JASMY_USD",
      "m" : "4611686018432347959"
    }, {
      "d" : "1756460946127279619",
      "t" : 1756460946127,
      "tn" : 1756460946127279619,
      "q" : "80",
      "p" : "0.0145443",
      "s" : "sell",
      "i" : "JASMY_USD",
      "m" : "4611686018432347958"
    }, {
      "d" : "1756460945996197380",
      "t" : 1756460945996,
      "tn" : 1756460945996197380,
      "q" : "80",
      "p" : "0.0145443",
      "s" : "sell",
      "i" : "JASMY_USD",
      "m" : "4611686018432347957"
    }, {
      "d" : "1756460945900945443",
      "t" : 1756460945900,
      "tn" : 1756460945900945443,
      "q" : "80",
      "p" : "0.0145443",
      "s" : "sell",
      "i" : "JASMY_USD",
      "m" : "4611686018432347956"
    }, {
      "d" : "1756460945800791024",
      "t" : 1756460945800,
      "tn" : 1756460945800791024,
      "q" : "80",
      "p" : "0.0145443",
      "s" : "sell",
      "i" : "JASMY_USD",
      "m" : "4611686018432347955"
    }, {
      "d" : "1756460945710526969",
      "t" : 1756460945710,
      "tn" : 1756460945710526969,
      "q" : "80",
      "p" : "0.0145443",
      "s" : "sell",
      "i" : "JASMY_USD",
      "m" : "4611686018432347954"
    }, {
      "d" : "1756460945705473560",
      "t" : 1756460945705,
      "tn" : 1756460945705473560,
      "q" : "80",
      "p" : "0.0145443",
      "s" : "sell",
      "i" : "JASMY_USD",
      "m" : "4611686018432347953"
    }, {
      "d" : "1756460945700501692",
      "t" : 1756460945700,
      "tn" : 1756460945700501692,
      "q" : "80",
      "p" : "0.0145443",
      "s" : "sell",
      "i" : "JASMY_USD",
      "m" : "4611686018432347952"
    }, {
      "d" : "1756460945599971693",
      "t" : 1756460945599,
      "tn" : 1756460945599971693,
      "q" : "80",
      "p" : "0.0145443",
      "s" : "sell",
      "i" : "JASMY_USD",
      "m" : "4611686018432347951"
    }, {
      "d" : "1756460945580873120",
      "t" : 1756460945580,
      "tn" : 1756460945580873120,
      "q" : "34400",
      "p" : "0.0145443",
      "s" : "sell",
      "i" : "JASMY_USD",
      "m" : "4611686018432347950"
    }, {
      "d" : "1756460945579963384",
      "t" : 1756460945579,
      "tn" : 1756460945579963384,
      "q" : "80",
      "p" : "0.0145443",
      "s" : "sell",
      "i" : "JASMY_USD",
      "m" : "4611686018432347949"
    }, {
      "d" : "1756460945572036202",
      "t" : 1756460945572,
      "tn" : 1756460945572036202,
      "q" : "720",
      "p" : "0.0145443",
      "s" : "sell",
      "i" : "JASMY_USD",
      "m" : "4611686018432347948"
    }, {
      "d" : "1756460945524960642",
      "t" : 1756460945524,
      "tn" : 1756460945524960642,
      "q" : "80",
      "p" : "0.0145443",
      "s" : "sell",
      "i" : "JASMY_USD",
      "m" : "4611686018432347947"
    }, {
      "d" : "1756460945522581247",
      "t" : 1756460945522,
      "tn" : 1756460945522581247,
      "q" : "910",
      "p" : "0.0145443",
      "s" : "sell",
      "i" : "JASMY_USD",
      "m" : "4611686018432347946"
    }, {
      "d" : "1756460945359382129",
      "t" : 1756460945359,
      "tn" : 1756460945359382129,
      "q" : "80",
      "p" : "0.0145443",
      "s" : "sell",
      "i" : "JASMY_USD",
      "m" : "4611686018432347945"
    }, {
      "d" : "1756460945330197748",
      "t" : 1756460945330,
      "tn" : 1756460945330197748,
      "q" : "34400",
      "p" : "0.0145443",
      "s" : "sell",
      "i" : "JASMY_USD",
      "m" : "4611686018432347944"
    }, {
      "d" : "1756460945304308578",
      "t" : 1756460945304,
      "tn" : 1756460945304308578,
      "q" : "80",
      "p" : "0.0145443",
      "s" : "sell",
      "i" : "JASMY_USD",
      "m" : "4611686018432347943"
    }, {
      "d" : "1756460945284318773",
      "t" : 1756460945284,
      "tn" : 1756460945284318773,
      "q" : "80",
      "p" : "0.0145443",
      "s" : "sell",
      "i" : "JASMY_USD",
      "m" : "4611686018432347942"
    }, {
      "d" : "1756460945244210938",
      "t" : 1756460945244,
      "tn" : 1756460945244210938,
      "q" : "80",
      "p" : "0.0145443",
      "s" : "sell",
      "i" : "JASMY_USD",
      "m" : "4611686018432347941"
    }, {
      "d" : "1756460945204200477",
      "t" : 1756460945204,
      "tn" : 1756460945204200477,
      "q" : "80",
      "p" : "0.0145443",
      "s" : "sell",
      "i" : "JASMY_USD",
      "m" : "4611686018432347940"
    }, {
      "d" : "1756460945114012122",
      "t" : 1756460945114,
      "tn" : 1756460945114012122,
      "q" : "80",
      "p" : "0.0145443",
      "s" : "sell",
      "i" : "JASMY_USD",
      "m" : "4611686018432347939"
    }, {
      "d" : "1756460945103287221",
      "t" : 1756460945103,
      "tn" : 1756460945103287221,
      "q" : "80",
      "p" : "0.0145443",
      "s" : "sell",
      "i" : "JASMY_USD",
      "m" : "4611686018432347938"
    }, {
      "d" : "1756460945088249522",
      "t" : 1756460945088,
      "tn" : 1756460945088249522,
      "q" : "80",
      "p" : "0.0145443",
      "s" : "sell",
      "i" : "JASMY_USD",
      "m" : "4611686018432347937"
    }, {
      "d" : "1756460945079249051",
      "t" : 1756460945079,
      "tn" : 1756460945079249051,
      "q" : "34400",
      "p" : "0.0145443",
      "s" : "sell",
      "i" : "JASMY_USD",
      "m" : "4611686018432347936"
    }, {
      "d" : "1756460945053192157",
      "t" : 1756460945053,
      "tn" : 1756460945053192157,
      "q" : "80",
      "p" : "0.0145443",
      "s" : "sell",
      "i" : "JASMY_USD",
      "m" : "4611686018432347935"
    }, {
      "d" : "1756460945038182672",
      "t" : 1756460945038,
      "tn" : 1756460945038182672,
      "q" : "80",
      "p" : "0.0145443",
      "s" : "sell",
      "i" : "JASMY_USD",
      "m" : "4611686018432347934"
    }, {
      "d" : "1756460945018234553",
      "t" : 1756460945018,
      "tn" : 1756460945018234553,
      "q" : "80",
      "p" : "0.0145443",
      "s" : "sell",
      "i" : "JASMY_USD",
      "m" : "4611686018432347933"
    }, {
      "d" : "1756460945003225735",
      "t" : 1756460945003,
      "tn" : 1756460945003225735,
      "q" : "80",
      "p" : "0.0145443",
      "s" : "sell",
      "i" : "JASMY_USD",
      "m" : "4611686018432347932"
    }, {
      "d" : "1756460944903031607",
      "t" : 1756460944903,
      "tn" : 1756460944903031607,
      "q" : "80",
      "p" : "0.0145443",
      "s" : "sell",
      "i" : "JASMY_USD",
      "m" : "4611686018432347931"
    }, {
      "d" : "1756460944895364350",
      "t" : 1756460944895,
      "tn" : 1756460944895364350,
      "q" : "860",
      "p" : "0.0145443",
      "s" : "sell",
      "i" : "JASMY_USD",
      "m" : "4611686018432347930"
    }, {
      "d" : "1756460944892972821",
      "t" : 1756460944892,
      "tn" : 1756460944892972821,
      "q" : "80",
      "p" : "0.0145443",
      "s" : "sell",
      "i" : "JASMY_USD",
      "m" : "4611686018432347929"
    }, {
      "d" : "1756460944882968008",
      "t" : 1756460944882,
      "tn" : 1756460944882968008,
      "q" : "80",
      "p" : "0.0145443",
      "s" : "sell",
      "i" : "JASMY_USD",
      "m" : "4611686018432347928"
    }, {
      "d" : "1756460944872966985",
      "t" : 1756460944872,
      "tn" : 1756460944872966985,
      "q" : "80",
      "p" : "0.0145443",
      "s" : "sell",
      "i" : "JASMY_USD",
      "m" : "4611686018432347927"
    }, {
      "d" : "1756460944863107581",
      "t" : 1756460944863,
      "tn" : 1756460944863107581,
      "q" : "80",
      "p" : "0.0145443",
      "s" : "sell",
      "i" : "JASMY_USD",
      "m" : "4611686018432347926"
    }, {
      "d" : "1756460944852855334",
      "t" : 1756460944852,
      "tn" : 1756460944852855334,
      "q" : "80",
      "p" : "0.0145443",
      "s" : "sell",
      "i" : "JASMY_USD",
      "m" : "4611686018432347925"
    }, {
      "d" : "1756460944842877997",
      "t" : 1756460944842,
      "tn" : 1756460944842877997,
      "q" : "80",
      "p" : "0.0145443",
      "s" : "sell",
      "i" : "JASMY_USD",
      "m" : "4611686018432347924"
    }, {
      "d" : "1756460944830043423",
      "t" : 1756460944830,
      "tn" : 1756460944830043423,
      "q" : "2390",
      "p" : "0.0145443",
      "s" : "sell",
      "i" : "JASMY_USD",
      "m" : "4611686018432347923"
    }, {
      "d" : "1756460944829401987",
      "t" : 1756460944829,
      "tn" : 1756460944829401987,
      "q" : "80",
      "p" : "0.0145443",
      "s" : "sell",
      "i" : "JASMY_USD",
      "m" : "4611686018432347922"
    }, {
      "d" : "1756460944828501150",
      "t" : 1756460944828,
      "tn" : 1756460944828501150,
      "q" : "34400",
      "p" : "0.0145443",
      "s" : "sell",
      "i" : "JASMY_USD",
      "m" : "4611686018432347921"
    }, {
      "d" : "1756460944822212376",
      "t" : 1756460944822,
      "tn" : 1756460944822212376,
      "q" : "80",
      "p" : "0.0145399",
      "s" : "buy",
      "i" : "JASMY_USD",
      "m" : "4611686018432347920"
    }, {
      "d" : "1756460874404987210",
      "t" : 1756460874404,
      "tn" : 1756460874404987210,
      "q" : "80",
      "p" : "0.0145105",
      "s" : "buy",
      "i" : "JASMY_USD",
      "m" : "4611686018432347919"
    }, {
      "d" : "1756460808167956736",
      "t" : 1756460808167,
      "tn" : 1756460808167956736,
      "q" : "34450",
      "p" : "0.0145098",
      "s" : "sell",
      "i" : "JASMY_USD",
      "m" : "4611686018432347918"
    }, {
      "d" : "1756460792251043943",
      "t" : 1756460792251,
      "tn" : 1756460792251043943,
      "q" : "1660",
      "p" : "0.0145105",
      "s" : "buy",
      "i" : "JASMY_USD",
      "m" : "4611686018432347917"
    }, {
      "d" : "1756460792251041911",
      "t" : 1756460792251,
      "tn" : 1756460792251041911,
      "q" : "80",
      "p" : "0.0145099",
      "s" : "buy",
      "i" : "JASMY_USD",
      "m" : "4611686018432347916"
    }, {
      "d" : "1756460580262452367",
      "t" : 1756460580262,
      "tn" : 1756460580262452367,
      "q" : "80",
      "p" : "0.0144634",
      "s" : "sell",
      "i" : "JASMY_USD",
      "m" : "4611686018432347915"
    }, {
      "d" : "1756460580247518150",
      "t" : 1756460580247,
      "tn" : 1756460580247518150,
      "q" : "80",
      "p" : "0.0144634",
      "s" : "sell",
      "i" : "JASMY_USD",
      "m" : "4611686018432347914"
    }, {
      "d" : "1756460580202383777",
      "t" : 1756460580202,
      "tn" : 1756460580202383777,
      "q" : "80",
      "p" : "0.0144634",
      "s" : "sell",
      "i" : "JASMY_USD",
      "m" : "4611686018432347913"
    }, {
      "d" : "1756460580101714947",
      "t" : 1756460580101,
      "tn" : 1756460580101714947,
      "q" : "80",
      "p" : "0.0144634",
      "s" : "sell",
      "i" : "JASMY_USD",
      "m" : "4611686018432347912"
    }, {
      "d" : "1756460579765841026",
      "t" : 1756460579765,
      "tn" : 1756460579765841026,
      "q" : "80",
      "p" : "0.0144634",
      "s" : "sell",
      "i" : "JASMY_USD",
      "m" : "4611686018432347911"
    }, {
      "d" : "1756460579759119527",
      "t" : 1756460579759,
      "tn" : 1756460579759119527,
      "q" : "80",
      "p" : "0.0144598",
      "s" : "buy",
      "i" : "JASMY_USD",
      "m" : "4611686018432347910"
    }, {
      "d" : "1756460549254032312",
      "t" : 1756460549254,
      "tn" : 1756460549254032312,
      "q" : "1650",
      "p" : "0.0144697",
      "s" : "sell",
      "i" : "JASMY_USD",
      "m" : "4611686018432347909"
    }, {
      "d" : "1756460375087603248",
      "t" : 1756460375087,
      "tn" : 1756460375087603248,
      "q" : "2790",
      "p" : "0.0144397",
      "s" : "sell",
      "i" : "JASMY_USD",
      "m" : "4611686018432347908"
    }, {
      "d" : "1756460359435412772",
      "t" : 1756460359435,
      "tn" : 1756460359435412772,
      "q" : "4190",
      "p" : "0.0144397",
      "s" : "sell",
      "i" : "JASMY_USD",
      "m" : "4611686018432347907"
    }, {
      "d" : "1756460342560500854",
      "t" : 1756460342560,
      "tn" : 1756460342560500854,
      "q" : "290",
      "p" : "0.0144304",
      "s" : "sell",
      "i" : "JASMY_USD",
      "m" : "4611686018432347906"
    }, {
      "d" : "1756460342560498938",
      "t" : 1756460342560,
      "tn" : 1756460342560498937,
      "q" : "1210",
      "p" : "0.0144445",
      "s" : "sell",
      "i" : "JASMY_USD",
      "m" : "4611686018432347905"
    }, {
      "d" : "1756460342560498937",
      "t" : 1756460342560,
      "tn" : 1756460342560498937,
      "q" : "80",
      "p" : "0.0144445",
      "s" : "sell",
      "i" : "JASMY_USD",
      "m" : "4611686018432347905"
    }, {
      "d" : "1756460342560495630",
      "t" : 1756460342560,
      "tn" : 1756460342560495630,
      "q" : "1210",
      "p" : "0.0144451",
      "s" : "sell",
      "i" : "JASMY_USD",
      "m" : "4611686018432347904"
    }, {
      "d" : "1756459506916211461",
      "t" : 1756459506916,
      "tn" : 1756459506916211461,
      "q" : "10780",
      "p" : "0.0144434",
      "s" : "sell",
      "i" : "JASMY_USD",
      "m" : "4611686018432347903"
    }, {
      "d" : "1756459419378109986",
      "t" : 1756459419378,
      "tn" : 1756459419378109986,
      "q" : "4250",
      "p" : "0.0144595",
      "s" : "sell",
      "i" : "JASMY_USD",
      "m" : "4611686018432347902"
    }, {
      "d" : "1756459230799940839",
      "t" : 1756459230799,
      "tn" : 1756459230799940839,
      "q" : "26050",
      "p" : "0.0144793",
      "s" : "sell",
      "i" : "JASMY_USD",
      "m" : "4611686018432347901"
    }, {
      "d" : "1756459230599945555",
      "t" : 1756459230599,
      "tn" : 1756459230599945555,
      "q" : "2070",
      "p" : "0.0144793",
      "s" : "sell",
      "i" : "JASMY_USD",
      "m" : "4611686018432347900"
    }, {
      "d" : "1756459176743468741",
      "t" : 1756459176743,
      "tn" : 1756459176743468741,
      "q" : "34640",
      "p" : "0.0144522",
      "s" : "sell",
      "i" : "JASMY_USD",
      "m" : "4611686018432347899"
    }, {
      "d" : "1756459175790143539",
      "t" : 1756459175790,
      "tn" : 1756459175790143539,
      "q" : "80",
      "p" : "0.0144398",
      "s" : "buy",
      "i" : "JASMY_USD",
      "m" : "4611686018432347898"
    }, {
      "d" : "1756459110722402568",
      "t" : 1756459110722,
      "tn" : 1756459110722402568,
      "q" : "14450",
      "p" : "0.0144295",
      "s" : "sell",
      "i" : "JASMY_USD",
      "m" : "4611686018432347897"
    }, {
      "d" : "1756459110304292146",
      "t" : 1756459110304,
      "tn" : 1756459110304292146,
      "q" : "80",
      "p" : "0.0144246",
      "s" : "buy",
      "i" : "JASMY_USD",
      "m" : "4611686018432347896"
    }, {
      "d" : "1756459085695187652",
      "t" : 1756459085695,
      "tn" : 1756459085695187652,
      "q" : "80",
      "p" : "0.0144098",
      "s" : "buy",
      "i" : "JASMY_USD",
      "m" : "4611686018432347895"
    }, {
      "d" : "1756459080487241747",
      "t" : 1756459080487,
      "tn" : 1756459080487241747,
      "q" : "80",
      "p" : "0.0144098",
      "s" : "buy",
      "i" : "JASMY_USD",
      "m" : "4611686018432347894"
    }, {
      "d" : "1756459073675887793",
      "t" : 1756459073675,
      "tn" : 1756459073675887793,
      "q" : "34710",
      "p" : "0.0144090",
      "s" : "sell",
      "i" : "JASMY_USD",
      "m" : "4611686018432347893"
    }, {
      "d" : "1756458992776756607",
      "t" : 1756458992776,
      "tn" : 1756458992776756607,
      "q" : "80",
      "p" : "0.0143798",
      "s" : "buy",
      "i" : "JASMY_USD",
      "m" : "4611686018432347892"
    }, {
      "d" : "1756458782439126695",
      "t" : 1756458782439,
      "tn" : 1756458782439126695,
      "q" : "1520",
      "p" : "0.0143498",
      "s" : "sell",
      "i" : "JASMY_USD",
      "m" : "4611686018432347891"
    }, {
      "d" : "1756458782439125055",
      "t" : 1756458782439,
      "tn" : 1756458782439125055,
      "q" : "1210",
      "p" : "0.0143512",
      "s" : "sell",
      "i" : "JASMY_USD",
      "m" : "4611686018432347890"
    }, {
      "d" : "1756458782439121616",
      "t" : 1756458782439,
      "tn" : 1756458782439121616,
      "q" : "80",
      "p" : "0.0143745",
      "s" : "sell",
      "i" : "JASMY_USD",
      "m" : "4611686018432347889"
    }, {
      "d" : "1756458213802128993",
      "t" : 1756458213802,
      "tn" : 1756458213802128993,
      "q" : "2720",
      "p" : "0.0143195",
      "s" : "sell",
      "i" : "JASMY_USD",
      "m" : "4611686018432347888"
    }, {
      "d" : "1756458176310809840",
      "t" : 1756458176310,
      "tn" : 1756458176310809840,
      "q" : "1740",
      "p" : "0.0142977",
      "s" : "sell",
      "i" : "JASMY_USD",
      "m" : "4611686018432347887"
    }, {
      "d" : "1756458176310807053",
      "t" : 1756458176310,
      "tn" : 1756458176310807053,
      "q" : "5590",
      "p" : "0.0143000",
      "s" : "sell",
      "i" : "JASMY_USD",
      "m" : "4611686018432347886"
    }, {
      "d" : "1756458126193645839",
      "t" : 1756458126193,
      "tn" : 1756458126193645839,
      "q" : "28490",
      "p" : "0.0143486",
      "s" : "sell",
      "i" : "JASMY_USD",
      "m" : "4611686018432347885"
    }, {
      "d" : "1756458122619846056",
      "t" : 1756458122619,
      "tn" : 1756458122619846056,
      "q" : "34830",
      "p" : "0.0143495",
      "s" : "sell",
      "i" : "JASMY_USD",
      "m" : "4611686018432347884"
    }, {
      "d" : "1756458114108806441",
      "t" : 1756458114108,
      "tn" : 1756458114108806441,
      "q" : "2340",
      "p" : "0.0143487",
      "s" : "sell",
      "i" : "JASMY_USD",
      "m" : "4611686018432347883"
    }, {
      "d" : "1756458114108406183",
      "t" : 1756458114108,
      "tn" : 1756458114108406183,
      "q" : "80",
      "p" : "0.0143487",
      "s" : "sell",
      "i" : "JASMY_USD",
      "m" : "4611686018432347882"
    }, {
      "d" : "1756458114107775838",
      "t" : 1756458114107,
      "tn" : 1756458114107775838,
      "q" : "34830",
      "p" : "0.0143487",
      "s" : "sell",
      "i" : "JASMY_USD",
      "m" : "4611686018432347881"
    }, {
      "d" : "1756458078615412364",
      "t" : 1756458078615,
      "tn" : 1756458078615412364,
      "q" : "1520",
      "p" : "0.0143441",
      "s" : "sell",
      "i" : "JASMY_USD",
      "m" : "4611686018432347880"
    }, {
      "d" : "1756458078615409917",
      "t" : 1756458078615,
      "tn" : 1756458078615409917,
      "q" : "1210",
      "p" : "0.0143445",
      "s" : "sell",
      "i" : "JASMY_USD",
      "m" : "4611686018432347879"
    }, {
      "d" : "1756458078615406430",
      "t" : 1756458078615,
      "tn" : 1756458078615406430,
      "q" : "80",
      "p" : "0.0143645",
      "s" : "sell",
      "i" : "JASMY_USD",
      "m" : "4611686018432347878"
    }, {
      "d" : "1756458070027580500",
      "t" : 1756458070027,
      "tn" : 1756458070027580500,
      "q" : "2920",
      "p" : "0.0143441",
      "s" : "sell",
      "i" : "JASMY_USD",
      "m" : "4611686018432347877"
    }, {
      "d" : "1756458070027578874",
      "t" : 1756458070027,
      "tn" : 1756458070027578874,
      "q" : "1210",
      "p" : "0.0143455",
      "s" : "sell",
      "i" : "JASMY_USD",
      "m" : "4611686018432347876"
    }, {
      "d" : "1756458070027575946",
      "t" : 1756458070027,
      "tn" : 1756458070027575946,
      "q" : "80",
      "p" : "0.0143745",
      "s" : "sell",
      "i" : "JASMY_USD",
      "m" : "4611686018432347875"
    }, {
      "d" : "1756458046094884383",
      "t" : 1756458046094,
      "tn" : 1756458046094884383,
      "q" : "20300",
      "p" : "0.0143787",
      "s" : "sell",
      "i" : "JASMY_USD",
      "m" : "4611686018432347874"
    }, {
      "d" : "1756458023523970171",
      "t" : 1756458023523,
      "tn" : 1756458023523970171,
      "q" : "10850",
      "p" : "0.0143656",
      "s" : "buy",
      "i" : "JASMY_USD",
      "m" : "4611686018432347873"
    }, {
      "d" : "1756457973555545599",
      "t" : 1756457973555,
      "tn" : 1756457973555545599,
      "q" : "2730",
      "p" : "0.0143441",
      "s" : "sell",
      "i" : "JASMY_USD",
      "m" : "4611686018432347872"
    }, {
      "d" : "1756457973555543717",
      "t" : 1756457973555,
      "tn" : 1756457973555543717,
      "q" : "80",
      "p" : "0.0143645",
      "s" : "sell",
      "i" : "JASMY_USD",
      "m" : "4611686018432347871"
    }, {
      "d" : "1756457957221149919",
      "t" : 1756457957221,
      "tn" : 1756457957221149919,
      "q" : "2730",
      "p" : "0.0143441",
      "s" : "sell",
      "i" : "JASMY_USD",
      "m" : "4611686018432347870"
    }, {
      "d" : "1756457957221148229",
      "t" : 1756457957221,
      "tn" : 1756457957221148229,
      "q" : "80",
      "p" : "0.0143645",
      "s" : "sell",
      "i" : "JASMY_USD",
      "m" : "4611686018432347869"
    }, {
      "d" : "1756457915189194843",
      "t" : 1756457915189,
      "tn" : 1756457915189194843,
      "q" : "1510",
      "p" : "0.0143441",
      "s" : "sell",
      "i" : "JASMY_USD",
      "m" : "4611686018432347868"
    }, {
      "d" : "1756457915189193068",
      "t" : 1756457915189,
      "tn" : 1756457915189193068,
      "q" : "1210",
      "p" : "0.0143455",
      "s" : "sell",
      "i" : "JASMY_USD",
      "m" : "4611686018432347867"
    }, {
      "d" : "1756457915189190117",
      "t" : 1756457915189,
      "tn" : 1756457915189190117,
      "q" : "80",
      "p" : "0.0143645",
      "s" : "sell",
      "i" : "JASMY_USD",
      "m" : "4611686018432347866"
    }, {
      "d" : "1756457862972588656",
      "t" : 1756457862972,
      "tn" : 1756457862972588656,
      "q" : "80",
      "p" : "0.0143545",
      "s" : "sell",
      "i" : "JASMY_USD",
      "m" : "4611686018432347865"
    }, {
      "d" : "1756457856043455578",
      "t" : 1756457856043,
      "tn" : 1756457856043455578,
      "q" : "80",
      "p" : "0.0143645",
      "s" : "sell",
      "i" : "JASMY_USD",
      "m" : "4611686018432347864"
    }, {
      "d" : "1756457853601888048",
      "t" : 1756457853601,
      "tn" : 1756457853601888048,
      "q" : "80",
      "p" : "0.0143645",
      "s" : "sell",
      "i" : "JASMY_USD",
      "m" : "4611686018432347863"
    }, {
      "d" : "1756457853351095881",
      "t" : 1756457853351,
      "tn" : 1756457853351095881,
      "q" : "80",
      "p" : "0.0143645",
      "s" : "sell",
      "i" : "JASMY_USD",
      "m" : "4611686018432347862"
    }, {
      "d" : "1756457621141779444",
      "t" : 1756457621141,
      "tn" : 1756457621141779444,
      "q" : "150",
      "p" : "0.0143846",
      "s" : "sell",
      "i" : "JASMY_USD",
      "m" : "4611686018432347861"
    }, {
      "d" : "1756457621141777134",
      "t" : 1756457621141,
      "tn" : 1756457621141777134,
      "q" : "80",
      "p" : "0.0143945",
      "s" : "sell",
      "i" : "JASMY_USD",
      "m" : "4611686018432347860"
    }, {
      "d" : "1756457578237511464",
      "t" : 1756457578237,
      "tn" : 1756457578237511464,
      "q" : "33200",
      "p" : "0.0143894",
      "s" : "sell",
      "i" : "JASMY_USD",
      "m" : "4611686018432347859"
    }, {
      "d" : "1756457577325653824",
      "t" : 1756457577325,
      "tn" : 1756457577325653824,
      "q" : "1200",
      "p" : "0.0143894",
      "s" : "sell",
      "i" : "JASMY_USD",
      "m" : "4611686018432347858"
    }, {
      "d" : "1756457577325074632",
      "t" : 1756457577325,
      "tn" : 1756457577325074632,
      "q" : "34780",
      "p" : "0.0143894",
      "s" : "sell",
      "i" : "JASMY_USD",
      "m" : "4611686018432347857"
    }, {
      "d" : "1756457575927980252",
      "t" : 1756457575927,
      "tn" : 1756457575927980252,
      "q" : "80",
      "p" : "0.0143945",
      "s" : "sell",
      "i" : "JASMY_USD",
      "m" : "4611686018432347856"
    }, {
      "d" : "1756457575310766502",
      "t" : 1756457575310,
      "tn" : 1756457575310766502,
      "q" : "80",
      "p" : "0.0144045",
      "s" : "sell",
      "i" : "JASMY_USD",
      "m" : "4611686018432347855"
    }, {
      "d" : "1756457574691158315",
      "t" : 1756457574691,
      "tn" : 1756457574691158315,
      "q" : "1210",
      "p" : "0.0144059",
      "s" : "sell",
      "i" : "JASMY_USD",
      "m" : "4611686018432347854"
    }, {
      "d" : "1756457574142393602",
      "t" : 1756457574142,
      "tn" : 1756457574142393602,
      "q" : "34660",
      "p" : "0.0144363",
      "s" : "sell",
      "i" : "JASMY_USD",
      "m" : "4611686018432347853"
    }, {
      "d" : "1756457573996421540",
      "t" : 1756457573996,
      "tn" : 1756457573996421540,
      "q" : "70",
      "p" : "0.0144363",
      "s" : "sell",
      "i" : "JASMY_USD",
      "m" : "4611686018432347852"
    }, {
      "d" : "1756457573981488712",
      "t" : 1756457573981,
      "tn" : 1756457573981488712,
      "q" : "70",
      "p" : "0.0144363",
      "s" : "sell",
      "i" : "JASMY_USD",
      "m" : "4611686018432347851"
    }, {
      "d" : "1756457573901157318",
      "t" : 1756457573901,
      "tn" : 1756457573901157318,
      "q" : "70",
      "p" : "0.0144363",
      "s" : "sell",
      "i" : "JASMY_USD",
      "m" : "4611686018432347850"
    }, {
      "d" : "1756457573891535935",
      "t" : 1756457573891,
      "tn" : 1756457573891535935,
      "q" : "34660",
      "p" : "0.0144363",
      "s" : "sell",
      "i" : "JASMY_USD",
      "m" : "4611686018432347849"
    }, {
      "d" : "1756457573836619895",
      "t" : 1756457573836,
      "tn" : 1756457573836619895,
      "q" : "80",
      "p" : "0.0144363",
      "s" : "sell",
      "i" : "JASMY_USD",
      "m" : "4611686018432347848"
    }, {
      "d" : "1756457573821621600",
      "t" : 1756457573821,
      "tn" : 1756457573821621600,
      "q" : "80",
      "p" : "0.0144363",
      "s" : "sell",
      "i" : "JASMY_USD",
      "m" : "4611686018432347847"
    }, {
      "d" : "1756457573640866669",
      "t" : 1756457573640,
      "tn" : 1756457573640866669,
      "q" : "34690",
      "p" : "0.0144363",
      "s" : "sell",
      "i" : "JASMY_USD",
      "m" : "4611686018432347846"
    }, {
      "d" : "1756457573604788157",
      "t" : 1756457573604,
      "tn" : 1756457573604788157,
      "q" : "70",
      "p" : "0.0144363",
      "s" : "sell",
      "i" : "JASMY_USD",
      "m" : "4611686018432347845"
    }, {
      "d" : "1756457573524827332",
      "t" : 1756457573524,
      "tn" : 1756457573524827332,
      "q" : "70",
      "p" : "0.0144363",
      "s" : "sell",
      "i" : "JASMY_USD",
      "m" : "4611686018432347844"
    }, {
      "d" : "1756457573390090649",
      "t" : 1756457573390,
      "tn" : 1756457573390090649,
      "q" : "34690",
      "p" : "0.0144363",
      "s" : "sell",
      "i" : "JASMY_USD",
      "m" : "4611686018432347843"
    }, {
      "d" : "1756457573304451293",
      "t" : 1756457573304,
      "tn" : 1756457573304451293,
      "q" : "70",
      "p" : "0.0144363",
      "s" : "sell",
      "i" : "JASMY_USD",
      "m" : "4611686018432347842"
    }, {
      "d" : "1756457573199232715",
      "t" : 1756457573199,
      "tn" : 1756457573199232715,
      "q" : "70",
      "p" : "0.0144363",
      "s" : "sell",
      "i" : "JASMY_USD",
      "m" : "4611686018432347841"
    }, {
      "d" : "1756457573169022452",
      "t" : 1756457573169,
      "tn" : 1756457573169022452,
      "q" : "70",
      "p" : "0.0144363",
      "s" : "sell",
      "i" : "JASMY_USD",
      "m" : "4611686018432347840"
    }, {
      "d" : "1756457573158888549",
      "t" : 1756457573158,
      "tn" : 1756457573158888549,
      "q" : "70",
      "p" : "0.0144363",
      "s" : "sell",
      "i" : "JASMY_USD",
      "m" : "4611686018432347839"
    }, {
      "d" : "1756457573148816766",
      "t" : 1756457573148,
      "tn" : 1756457573148816766,
      "q" : "70",
      "p" : "0.0144363",
      "s" : "sell",
      "i" : "JASMY_USD",
      "m" : "4611686018432347838"
    }, {
      "d" : "1756457573138815223",
      "t" : 1756457573138,
      "tn" : 1756457573138815223,
      "q" : "70",
      "p" : "0.0144363",
      "s" : "sell",
      "i" : "JASMY_USD",
      "m" : "4611686018432347837"
    }, {
      "d" : "1756457573128721136",
      "t" : 1756457573128,
      "tn" : 1756457573128721136,
      "q" : "70",
      "p" : "0.0144363",
      "s" : "sell",
      "i" : "JASMY_USD",
      "m" : "4611686018432347836"
    }, {
      "d" : "1756457573118885285",
      "t" : 1756457573118,
      "tn" : 1756457573118885285,
      "q" : "70",
      "p" : "0.0144363",
      "s" : "sell",
      "i" : "JASMY_USD",
      "m" : "4611686018432347835"
    }, {
      "d" : "1756457573104008691",
      "t" : 1756457573104,
      "tn" : 1756457573104008691,
      "q" : "70",
      "p" : "0.0144363",
      "s" : "sell",
      "i" : "JASMY_USD",
      "m" : "4611686018432347834"
    }, {
      "d" : "1756457573058815877",
      "t" : 1756457573058,
      "tn" : 1756457573058815877,
      "q" : "70",
      "p" : "0.0144363",
      "s" : "sell",
      "i" : "JASMY_USD",
      "m" : "4611686018432347833"
    }, {
      "d" : "1756457572903112454",
      "t" : 1756457572903,
      "tn" : 1756457572903112454,
      "q" : "80",
      "p" : "0.0144363",
      "s" : "sell",
      "i" : "JASMY_USD",
      "m" : "4611686018432347832"
    }, {
      "d" : "1756457572601709679",
      "t" : 1756457572601,
      "tn" : 1756457572601709679,
      "q" : "70",
      "p" : "0.0144363",
      "s" : "sell",
      "i" : "JASMY_USD",
      "m" : "4611686018432347831"
    }, {
      "d" : "1756457572522074667",
      "t" : 1756457572522,
      "tn" : 1756457572522074667,
      "q" : "80",
      "p" : "0.0144363",
      "s" : "sell",
      "i" : "JASMY_USD",
      "m" : "4611686018432347830"
    }, {
      "d" : "1756457572201268220",
      "t" : 1756457572201,
      "tn" : 1756457572201268220,
      "q" : "80",
      "p" : "0.0144363",
      "s" : "sell",
      "i" : "JASMY_USD",
      "m" : "4611686018432347829"
    }, {
      "d" : "1756457572186273635",
      "t" : 1756457572186,
      "tn" : 1756457572186273635,
      "q" : "70",
      "p" : "0.0144363",
      "s" : "sell",
      "i" : "JASMY_USD",
      "m" : "4611686018432347828"
    }, {
      "d" : "1756457571599260161",
      "t" : 1756457571599,
      "tn" : 1756457571599260161,
      "q" : "80",
      "p" : "0.0144363",
      "s" : "sell",
      "i" : "JASMY_USD",
      "m" : "4611686018432347827"
    }, {
      "d" : "1756457571524206872",
      "t" : 1756457571524,
      "tn" : 1756457571524206872,
      "q" : "80",
      "p" : "0.0144363",
      "s" : "sell",
      "i" : "JASMY_USD",
      "m" : "4611686018432347826"
    } ]
  }
}