{
  "id" : -1,
  "method" : "public/get-trades",
  "code" : 0,
  "result" : {
    "data" : [ {
      "d" : "1756460987695688721",
      "t" : 1756460987695,
      "tn" : 1756460987695688721,
      "q" : "80",
      "p" : "0.0145323",
      "s" : "sell",
      "i" : "JASMY_USDT",
      "m" : "4611686018431378077"
    }, {
      "d" : "1756460987675667636",
      "t" : 1756460987675,
      "tn" : 1756460987675667636,
      "q" : "80",
      "p" : "0.0145323",
      "s" : "sell",
      "i" : "JASMY_USDT",
      "m" : "4611686018431378076"
    }, {
      "d" : "1756460987665258312",
      "t" : 1756460987665,
      "tn" : 1756460987665258312,
      "q" : "80",
      "p" : "0.0145323",
      "s" : "sell",
      "i" : "JASMY_USDT",
      "m" : "4611686018431378075"
    }, {
      "d" : "1756460971012209393",
      "t" : 1756460971012,
      "tn" : 1756460971012209393,
      "q" : "80",
      "p" : "0.0145323",
      "s" : "sell",
      "i" : "JASMY_USDT",
      "m" : "4611686018431378074"
    }, {
      "d" : "1756460947525015950",
      "t" : 1756460947525,
      "tn" : 1756460947525015950,
      "q" : "80",
      "p" : "0.0145277",
      "s" : "buy",
      "i" : "JASMY_USDT",
      "m" : "4611686018431378073"
    }, {
      "d" : "1756460947003563012",
      "t" : 1756460947003,
      "tn" : 1756460947003563012,
      "q" : "80",
      "p" : "0.0145277",
      "s" : "buy",
      "i" : "JASMY_USDT",
      "m" : "4611686018431378072"
    }, {
      "d" : "1756460946963460772",
      "t" : 1756460946963,
      "tn" : 1756460946963460772,
      "q" : "80",
      "p" : "0.0145277",
      "s" : "buy",
      "i" : "JASMY_USDT",
      "m" : "4611686018431378071"
    }, {
      "d" : "1756460946953483246",
      "t" : 1756460946953,
      "tn" : 1756460946953483246,
      "q" : "80",
      "p" : "0.0145277",
      "s" : "buy",
      "i" : "JASMY_USDT",
      "m" : "4611686018431378070"
    }, {
      "d" : "1756460946903448042",
      "t" : 1756460946903,
      "tn" : 1756460946903448042,
      "q" : "80",
      "p" : "0.0145277",
      "s" : "buy",
      "i" : "JASMY_USDT",
      "m" : "4611686018431378069"
    }, {
      "d" : "1756460946803285858",
      "t" : 1756460946803,
      "tn" : 1756460946803285858,
      "q" : "80",
      "p" : "0.0145277",
      "s" : "buy",
      "i" : "JASMY_USDT",
      "m" : "4611686018431378068"
    }, {
      "d" : "1756460946723131774",
      "t" : 1756460946723,
      "tn" : 1756460946723131774,
      "q" : "80",
      "p" : "0.0145277",
      "s" : "buy",
      "i" : "JASMY_USDT",
      "m" : "4611686018431378067"
    }, {
      "d" : "1756460946602744857",
      "t" : 1756460946602,
      "tn" : 1756460946602744857,
      "q" : "80",
      "p" : "0.0145277",
      "s" : "buy",
      "i" : "JASMY_USDT",
      "m" : "4611686018431378066"
    }, {
      "d" : "1756460946522666237",
      "t" : 1756460946522,
      "tn" : 1756460946522666237,
      "q" : "80",
      "p" : "0.0145277",
      "s" : "buy",
      "i" : "JASMY_USDT",
      "m" : "4611686018431378065"
    }, {
      "d" : "1756460946402476286",
      "t" : 1756460946402,
      "tn" : 1756460946402476286,
      "q" : "80",
      "p" : "0.0145277",
      "s" : "buy",
      "i" : "JASMY_USDT",
      "m" : "4611686018431378064"
    }, {
      "d" : "1756460946127202147",
      "t" : 1756460946127,
      "tn" : 1756460946127202147,
      "q" : "80",
      "p" : "0.0145277",
      "s" : "buy",
      "i" : "JASMY_USDT",
      "m" : "4611686018431378063"
    }, {
      "d" : "1756460945996171217",
      "t" : 1756460945996,
      "tn" : 1756460945996171217,
      "q" : "80",
      "p" : "0.0145277",
      "s" : "buy",
      "i" : "JASMY_USDT",
      "m" : "4611686018431378062"
    }, {
      "d" : "1756460945900931087",
      "t" : 1756460945900,
      "tn" : 1756460945900931087,
      "q" : "80",
      "p" : "0.0145277",
      "s" : "buy",
      "i" : "JASMY_USDT",
      "m" : "4611686018431378061"
    }, {
      "d" : "1756460945800708353",
      "t" : 1756460945800,
      "tn" : 1756460945800708353,
      "q" : "80",
      "p" : "0.0145277",
      "s" : "buy",
      "i" : "JASMY_USDT",
      "m" : "4611686018431378060"
    }, {
      "d" : "1756460945710522483",
      "t" : 1756460945710,
      "tn" : 1756460945710522483,
      "q" : "80",
      "p" : "0.0145277",
      "s" : "buy",
      "i" : "JASMY_USDT",
      "m" : "4611686018431378059"
    }, {
      "d" : "1756460945705454353",
      "t" : 1756460945705,
      "tn" : 1756460945705454353,
      "q" : "80",
      "p" : "0.0145277",
      "s" : "buy",
      "i" : "JASMY_USDT",
      "m" : "4611686018431378058"
    }, {
      "d" : "1756460945700485312",
      "t" : 1756460945700,
      "tn" : 1756460945700485312,
      "q" : "80",
      "p" : "0.0145277",
      "s" : "buy",
      "i" : "JASMY_USDT",
      "m" : "4611686018431378057"
    }, {
      "d" : "1756460945599952939",
      "t" : 1756460945599,
      "tn" : 1756460945599952939,
      "q" : "80",
      "p" : "0.0145277",
      "s" : "buy",
      "i" : "JASMY_USDT",
      "m" : "4611686018431378056"
    }, {
      "d" : "1756460945579961142",
      "t" : 1756460945579,
      "tn" : 1756460945579961142,
      "q" : "80",
      "p" : "0.0145277",
      "s" : "buy",
      "i" : "JASMY_USDT",
      "m" : "4611686018431378055"
    }, {
      "d" : "1756460945524946508",
      "t" : 1756460945524,
      "tn" : 1756460945524946508,
      "q" : "80",
      "p" : "0.0145277",
      "s" : "buy",
      "i" : "JASMY_USDT",
      "m" : "4611686018431378054"
    }, {
      "d" : "1756460945359379729",
      "t" : 1756460945359,
      "tn" : 1756460945359379729,
      "q" : "80",
      "p" : "0.0145277",
      "s" : "buy",
      "i" : "JASMY_USDT",
      "m" : "4611686018431378053"
    }, {
      "d" : "1756460945304241201",
      "t" : 1756460945304,
      "tn" : 1756460945304241201,
      "q" : "80",
      "p" : "0.0145277",
      "s" : "buy",
      "i" : "JASMY_USDT",
      "m" : "4611686018431378052"
    }, {
      "d" : "1756460945284312439",
      "t" : 1756460945284,
      "tn" : 1756460945284312439,
      "q" : "80",
      "p" : "0.0145277",
      "s" : "buy",
      "i" : "JASMY_USDT",
      "m" : "4611686018431378051"
    }, {
      "d" : "1756460945244205549",
      "t" : 1756460945244,
      "tn" : 1756460945244205549,
      "q" : "80",
      "p" : "0.0145277",
      "s" : "buy",
      "i" : "JASMY_USDT",
      "m" : "4611686018431378050"
    }, {
      "d" : "1756460945204197074",
      "t" : 1756460945204,
      "tn" : 1756460945204197074,
      "q" : "80",
      "p" : "0.0145277",
      "s" : "buy",
      "i" : "JASMY_USDT",
      "m" : "4611686018431378049"
    }, {
      "d" : "1756460945114009705",
      "t" : 1756460945114,
      "tn" : 1756460945114009705,
      "q" : "80",
      "p" : "0.0145277",
      "s" : "buy",
      "i" : "JASMY_USDT",
      "m" : "4611686018431378048"
    }, {
      "d" : "1756460945103284974",
      "t" : 1756460945103,
      "tn" : 1756460945103284974,
      "q" : "80",
      "p" : "0.0145277",
      "s" : "buy",
      "i" : "JASMY_USDT",
      "m" : "4611686018431378047"
    }, {
      "d" : "1756460945088247304",
      "t" : 1756460945088,
      "tn" : 1756460945088247304,
      "q" : "80",
      "p" : "0.0145277",
      "s" : "buy",
      "i" : "JASMY_USDT",
      "m" : "4611686018431378046"
    }, {
      "d" : "1756460945053187843",
      "t" : 1756460945053,
      "tn" : 1756460945053187843,
      "q" : "80",
      "p" : "0.0145277",
      "s" : "buy",
      "i" : "JASMY_USDT",
      "m" : "4611686018431378045"
    }, {
      "d" : "1756460945038180620",
      "t" : 1756460945038,
      "tn" : 1756460945038180620,
      "q" : "80",
      "p" : "0.0145277",
      "s" : "buy",
      "i" : "JASMY_USDT",
      "m" : "4611686018431378044"
    }, {
      "d" : "1756460945018192625",
      "t" : 1756460945018,
      "tn" : 1756460945018192625,
      "q" : "80",
      "p" : "0.0145277",
      "s" : "buy",
      "i" : "JASMY_USDT",
      "m" : "4611686018431378043"
    }, {
      "d" : "1756460945003203664",
      "t" : 1756460945003,
      "tn" : 1756460945003203664,
      "q" : "80",
      "p" : "0.0145277",
      "s" : "buy",
      "i" : "JASMY_USDT",
      "m" : "4611686018431378042"
    }, {
      "d" : "1756460944903029288",
      "t" : 1756460944903,
      "tn" : 1756460944903029288,
      "q" : "80",
      "p" : "0.0145277",
      "s" : "buy",
      "i" : "JASMY_USDT",
      "m" : "4611686018431378041"
    }, {
      "d" : "1756460944892966755",
      "t" : 1756460944892,
      "tn" : 1756460944892966755,
      "q" : "80",
      "p" : "0.0145277",
      "s" : "buy",
      "i" : "JASMY_USDT",
      "m" : "4611686018431378040"
    }, {
      "d" : "1756460944882959325",
      "t" : 1756460944882,
      "tn" : 1756460944882959325,
      "q" : "80",
      "p" : "0.0145277",
      "s" : "buy",
      "i" : "JASMY_USDT",
      "m" : "4611686018431378039"
    }, {
      "d" : "1756460944872961196",
      "t" : 1756460944872,
      "tn" : 1756460944872961196,
      "q" : "80",
      "p" : "0.0145277",
      "s" : "buy",
      "i" : "JASMY_USDT",
      "m" : "4611686018431378038"
    }, {
      "d" : "1756460944863105441",
      "t" : 1756460944863,
      "tn" : 1756460944863105441,
      "q" : "80",
      "p" : "0.0145277",
      "s" : "buy",
      "i" : "JASMY_USDT",
      "m" : "4611686018431378037"
    }, {
      "d" : "1756460944852844948",
      "t" : 1756460944852,
      "tn" : 1756460944852844948,
      "q" : "80",
      "p" : "0.0145277",
      "s" : "buy",
      "i" : "JASMY_USDT",
      "m" : "4611686018431378036"
    }, {
      "d" : "1756460944842864685",
      "t" : 1756460944842,
      "tn" : 1756460944842864685,
      "q" : "80",
      "p" : "0.0145277",
      "s" : "buy",
      "i" : "JASMY_USDT",
      "m" : "4611686018431378035"
    }, {
      "d" : "1756460944829374384",
      "t" : 1756460944829,
      "tn" : 1756460944829374384,
      "q" : "80",
      "p" : "0.0145277",
      "s" : "buy",
      "i" : "JASMY_USDT",
      "m" : "4611686018431378034"
    }, {
      "d" : "1756460580303629138",
      "t" : 1756460580303,
      "tn" : 1756460580303629138,
      "q" : "80",
      "p" : "0.0144523",
      "s" : "sell",
      "i" : "JASMY_USDT",
      "m" : "4611686018431378033"
    }, {
      "d" : "1756460580262473612",
      "t" : 1756460580262,
      "tn" : 1756460580262473612,
      "q" : "80",
      "p" : "0.0144477",
      "s" : "buy",
      "i" : "JASMY_USDT",
      "m" : "4611686018431378032"
    }, {
      "d" : "1756460580247527983",
      "t" : 1756460580247,
      "tn" : 1756460580247527983,
      "q" : "80",
      "p" : "0.0144477",
      "s" : "buy",
      "i" : "JASMY_USDT",
      "m" : "4611686018431378031"
    }, {
      "d" : "1756460580202404922",
      "t" : 1756460580202,
      "tn" : 1756460580202404922,
      "q" : "80",
      "p" : "0.0144477",
      "s" : "buy",
      "i" : "JASMY_USDT",
      "m" : "4611686018431378030"
    }, {
      "d" : "1756460580101762555",
      "t" : 1756460580101,
      "tn" : 1756460580101762555,
      "q" : "80",
      "p" : "0.0144477",
      "s" : "buy",
      "i" : "JASMY_USDT",
      "m" : "4611686018431378029"
    }, {
      "d" : "1756460579765906512",
      "t" : 1756460579765,
      "tn" : 1756460579765906512,
      "q" : "80",
      "p" : "0.0144477",
      "s" : "buy",
      "i" : "JASMY_USDT",
      "m" : "4611686018431378028"
    }, {
      "d" : "1756459906522513400",
      "t" : 1756459906522,
      "tn" : 1756459906522513400,
      "q" : "80",
      "p" : "0.0144323",
      "s" : "sell",
      "i" : "JASMY_USDT",
      "m" : "4611686018431378027"
    }, {
      "d" : "1756459905805688067",
      "t" : 1756459905805,
      "tn" : 1756459905805688067,
      "q" : "710",
      "p" : "0.0144500",
      "s" : "sell",
      "i" : "JASMY_USDT",
      "m" : "4611686018431378026"
    }, {
      "d" : "1756459905801916351",
      "t" : 1756459905801,
      "tn" : 1756459905801916351,
      "q" : "80",
      "p" : "0.0144377",
      "s" : "buy",
      "i" : "JASMY_USDT",
      "m" : "4611686018431378025"
    }, {
      "d" : "1756459244801887537",
      "t" : 1756459244801,
      "tn" : 1756459244801887537,
      "q" : "80",
      "p" : "0.0144623",
      "s" : "sell",
      "i" : "JASMY_USDT",
      "m" : "4611686018431378024"
    }, {
      "d" : "1756459244745730803",
      "t" : 1756459244745,
      "tn" : 1756459244745730803,
      "q" : "80",
      "p" : "0.0144623",
      "s" : "sell",
      "i" : "JASMY_USDT",
      "m" : "4611686018431378023"
    }, {
      "d" : "1756459244701701260",
      "t" : 1756459244701,
      "tn" : 1756459244701701260,
      "q" : "80",
      "p" : "0.0144623",
      "s" : "sell",
      "i" : "JASMY_USDT",
      "m" : "4611686018431378022"
    }, {
      "d" : "1756459244681086335",
      "t" : 1756459244681,
      "tn" : 1756459244681086335,
      "q" : "80",
      "p" : "0.0144623",
      "s" : "sell",
      "i" : "JASMY_USDT",
      "m" : "4611686018431378021"
    }, {
      "d" : "1756459244520643502",
      "t" : 1756459244520,
      "tn" : 1756459244520643502,
      "q" : "80",
      "p" : "0.0144623",
      "s" : "sell",
      "i" : "JASMY_USDT",
      "m" : "4611686018431378020"
    }, {
      "d" : "1756459244300884587",
      "t" : 1756459244300,
      "tn" : 1756459244300884587,
      "q" : "80",
      "p" : "0.0144623",
      "s" : "sell",
      "i" : "JASMY_USDT",
      "m" : "4611686018431378019"
    }, {
      "d" : "1756459244270042791",
      "t" : 1756459244270,
      "tn" : 1756459244270042791,
      "q" : "80",
      "p" : "0.0144623",
      "s" : "sell",
      "i" : "JASMY_USDT",
      "m" : "4611686018431378018"
    }, {
      "d" : "1756459244099915098",
      "t" : 1756459244099,
      "tn" : 1756459244099915098,
      "q" : "80",
      "p" : "0.0144623",
      "s" : "sell",
      "i" : "JASMY_USDT",
      "m" : "4611686018431378017"
    }, {
      "d" : "1756459244060704515",
      "t" : 1756459244060,
      "tn" : 1756459244060704515,
      "q" : "80",
      "p" : "0.0144623",
      "s" : "sell",
      "i" : "JASMY_USDT",
      "m" : "4611686018431378016"
    }, {
      "d" : "1756459243521517157",
      "t" : 1756459243521,
      "tn" : 1756459243521517157,
      "q" : "80",
      "p" : "0.0144623",
      "s" : "sell",
      "i" : "JASMY_USDT",
      "m" : "4611686018431378015"
    }, {
      "d" : "1756459243407002447",
      "t" : 1756459243407,
      "tn" : 1756459243407002447,
      "q" : "80",
      "p" : "0.0144623",
      "s" : "sell",
      "i" : "JASMY_USDT",
      "m" : "4611686018431378014"
    }, {
      "d" : "1756459242599901754",
      "t" : 1756459242599,
      "tn" : 1756459242599901754,
      "q" : "80",
      "p" : "0.0144623",
      "s" : "sell",
      "i" : "JASMY_USDT",
      "m" : "4611686018431378013"
    }, {
      "d" : "1756459242522565210",
      "t" : 1756459242522,
      "tn" : 1756459242522565210,
      "q" : "80",
      "p" : "0.0144623",
      "s" : "sell",
      "i" : "JASMY_USDT",
      "m" : "4611686018431378012"
    }, {
      "d" : "1756459242437308783",
      "t" : 1756459242437,
      "tn" : 1756459242437308783,
      "q" : "80",
      "p" : "0.0144623",
      "s" : "sell",
      "i" : "JASMY_USDT",
      "m" : "4611686018431378011"
    }, {
      "d" : "1756459242402289094",
      "t" : 1756459242402,
      "tn" : 1756459242402289094,
      "q" : "80",
      "p" : "0.0144623",
      "s" : "sell",
      "i" : "JASMY_USDT",
      "m" : "4611686018431378010"
    }, {
      "d" : "1756459242377316934",
      "t" : 1756459242377,
      "tn" : 1756459242377316934,
      "q" : "80",
      "p" : "0.0144623",
      "s" : "sell",
      "i" : "JASMY_USDT",
      "m" : "4611686018431378009"
    }, {
      "d" : "1756459241800054948",
      "t" : 1756459241800,
      "tn" : 1756459241800054948,
      "q" : "80",
      "p" : "0.0144623",
      "s" : "sell",
      "i" : "JASMY_USDT",
      "m" : "4611686018431378008"
    }, {
      "d" : "1756459241770094768",
      "t" : 1756459241770,
      "tn" : 1756459241770094768,
      "q" : "80",
      "p" : "0.0144623",
      "s" : "sell",
      "i" : "JASMY_USDT",
      "m" : "4611686018431378007"
    }, {
      "d" : "1756459241521975097",
      "t" : 1756459241521,
      "tn" : 1756459241521975097,
      "q" : "80",
      "p" : "0.0144623",
      "s" : "sell",
      "i" : "JASMY_USDT",
      "m" : "4611686018431378006"
    }, {
      "d" : "1756459240885932557",
      "t" : 1756459240885,
      "tn" : 1756459240885932557,
      "q" : "80",
      "p" : "0.0144623",
      "s" : "sell",
      "i" : "JASMY_USDT",
      "m" : "4611686018431378005"
    }, {
      "d" : "1756459240601987879",
      "t" : 1756459240601,
      "tn" : 1756459240601987879,
      "q" : "80",
      "p" : "0.0144623",
      "s" : "sell",
      "i" : "JASMY_USDT",
      "m" : "4611686018431378004"
    }, {
      "d" : "1756459240521403780",
      "t" : 1756459240521,
      "tn" : 1756459240521403780,
      "q" : "80",
      "p" : "0.0144623",
      "s" : "sell",
      "i" : "JASMY_USDT",
      "m" : "4611686018431378003"
    }, {
      "d" : "1756459240200767808",
      "t" : 1756459240200,
      "tn" : 1756459240200767808,
      "q" : "80",
      "p" : "0.0144623",
      "s" : "sell",
      "i" : "JASMY_USDT",
      "m" : "4611686018431378002"
    }, {
      "d" : "1756459239602022844",
      "t" : 1756459239602,
      "tn" : 1756459239602022844,
      "q" : "80",
      "p" : "0.0144623",
      "s" : "sell",
      "i" : "JASMY_USDT",
      "m" : "4611686018431378001"
    }, {
      "d" : "1756459239521656827",
      "t" : 1756459239521,
      "tn" : 1756459239521656827,
      "q" : "80",
      "p" : "0.0144623",
      "s" : "sell",
      "i" : "JASMY_USDT",
      "m" : "4611686018431378000"
    }, {
      "d" : "1756459239100732816",
      "t" : 1756459239100,
      "tn" : 1756459239100732816,
      "q" : "80",
      "p" : "0.0144623",
      "s" : "sell",
      "i" : "JASMY_USDT",
      "m" : "4611686018431377999"
    }, {
      "d" : "1756459239000688681",
      "t" : 1756459239000,
      "tn" : 1756459239000688681,
      "q" : "80",
      "p" : "0.0144623",
      "s" : "sell",
      "i" : "JASMY_USDT",
      "m" : "4611686018431377998"
    }, {
      "d" : "1756459238985439815",
      "t" : 1756459238985,
      "tn" : 1756459238985439815,
      "q" : "80",
      "p" : "0.0144623",
      "s" : "sell",
      "i" : "JASMY_USDT",
      "m" : "4611686018431377997"
    }, {
      "d" : "1756459238960604158",
      "t" : 1756459238960,
      "tn" : 1756459238960604158,
      "q" : "80",
      "p" : "0.0144623",
      "s" : "sell",
      "i" : "JASMY_USDT",
      "m" : "4611686018431377996"
    }, {
      "d" : "1756459238900400832",
      "t" : 1756459238900,
      "tn" : 1756459238900400832,
      "q" : "80",
      "p" : "0.0144623",
      "s" : "sell",
      "i" : "JASMY_USDT",
      "m" : "4611686018431377995"
    }, {
      "d" : "1756459238825158031",
      "t" : 1756459238825,
      "tn" : 1756459238825158031,
      "q" : "80",
      "p" : "0.0144623",
      "s" : "sell",
      "i" : "JASMY_USDT",
      "m" : "4611686018431377994"
    }, {
      "d" : "1756459238815401231",
      "t" : 1756459238815,
      "tn" : 1756459238815401231,
      "q" : "80",
      "p" : "0.0144623",
      "s" : "sell",
      "i" : "JASMY_USDT",
      "m" : "4611686018431377993"
    }, {
      "d" : "1756459238800125523",
      "t" : 1756459238800,
      "tn" : 1756459238800125523,
      "q" : "80",
      "p" : "0.0144623",
      "s" : "sell",
      "i" : "JASMY_USDT",
      "m" : "4611686018431377992"
    }, {
      "d" : "1756459238702292861",
      "t" : 1756459238702,
      "tn" : 1756459238702292861,
      "q" : "80",
      "p" : "0.0144623",
      "s" : "sell",
      "i" : "JASMY_USDT",
      "m" : "4611686018431377991"
    }, {
      "d" : "1756459238516999222",
      "t" : 1756459238516,
      "tn" : 1756459238516999222,
      "q" : "80",
      "p" : "0.0144623",
      "s" : "sell",
      "i" : "JASMY_USDT",
      "m" : "4611686018431377990"
    }, {
      "d" : "1756459237702384240",
      "t" : 1756459237702,
      "tn" : 1756459237702384240,
      "q" : "80",
      "p" : "0.0144623",
      "s" : "sell",
      "i" : "JASMY_USDT",
      "m" : "4611686018431377989"
    }, {
      "d" : "1756459237521122063",
      "t" : 1756459237521,
      "tn" : 1756459237521122063,
      "q" : "80",
      "p" : "0.0144623",
      "s" : "sell",
      "i" : "JASMY_USDT",
      "m" : "4611686018431377988"
    }, {
      "d" : "1756459237400897189",
      "t" : 1756459237400,
      "tn" : 1756459237400897189,
      "q" : "80",
      "p" : "0.0144623",
      "s" : "sell",
      "i" : "JASMY_USDT",
      "m" : "4611686018431377987"
    }, {
      "d" : "1756459237315734228",
      "t" : 1756459237315,
      "tn" : 1756459237315734228,
      "q" : "80",
      "p" : "0.0144623",
      "s" : "sell",
      "i" : "JASMY_USDT",
      "m" : "4611686018431377986"
    }, {
      "d" : "1756459237100438835",
      "t" : 1756459237100,
      "tn" : 1756459237100438835,
      "q" : "80",
      "p" : "0.0144623",
      "s" : "sell",
      "i" : "JASMY_USDT",
      "m" : "4611686018431377985"
    }, {
      "d" : "1756459237085493707",
      "t" : 1756459237085,
      "tn" : 1756459237085493707,
      "q" : "80",
      "p" : "0.0144623",
      "s" : "sell",
      "i" : "JASMY_USDT",
      "m" : "4611686018431377984"
    }, {
      "d" : "1756459237000358454",
      "t" : 1756459237000,
      "tn" : 1756459237000358454,
      "q" : "80",
      "p" : "0.0144623",
      "s" : "sell",
      "i" : "JASMY_USDT",
      "m" : "4611686018431377983"
    }, {
      "d" : "1756459236975274030",
      "t" : 1756459236975,
      "tn" : 1756459236975274030,
      "q" : "80",
      "p" : "0.0144623",
      "s" : "sell",
      "i" : "JASMY_USDT",
      "m" : "4611686018431377982"
    }, {
      "d" : "1756459236955282903",
      "t" : 1756459236955,
      "tn" : 1756459236955282903,
      "q" : "80",
      "p" : "0.0144623",
      "s" : "sell",
      "i" : "JASMY_USDT",
      "m" : "4611686018431377981"
    }, {
      "d" : "1756459236925224535",
      "t" : 1756459236925,
      "tn" : 1756459236925224535,
      "q" : "80",
      "p" : "0.0144623",
      "s" : "sell",
      "i" : "JASMY_USDT",
      "m" : "4611686018431377980"
    }, {
      "d" : "1756459236915230371",
      "t" : 1756459236915,
      "tn" : 1756459236915230371,
      "q" : "80",
      "p" : "0.0144623",
      "s" : "sell",
      "i" : "JASMY_USDT",
      "m" : "4611686018431377979"
    }, {
      "d" : "1756459236521352053",
      "t" : 1756459236521,
      "tn" : 1756459236521352053,
      "q" : "80",
      "p" : "0.0144623",
      "s" : "sell",
      "i" : "JASMY_USDT",
      "m" : "4611686018431377978"
    }, {
      "d" : "1756459236300231706",
      "t" : 1756459236300,
      "tn" : 1756459236300231706,
      "q" : "80",
      "p" : "0.0144623",
      "s" : "sell",
      "i" : "JASMY_USDT",
      "m" : "4611686018431377977"
    }, {
      "d" : "1756459236235164002",
      "t" : 1756459236235,
      "tn" : 1756459236235164002,
      "q" : "80",
      "p" : "0.0144623",
      "s" : "sell",
      "i" : "JASMY_USDT",
      "m" : "4611686018431377976"
    }, {
      "d" : "1756459236102155414",
      "t" : 1756459236102,
      "tn" : 1756459236102155414,
      "q" : "80",
      "p" : "0.0144623",
      "s" : "sell",
      "i" : "JASMY_USDT",
      "m" : "4611686018431377975"
    }, {
      "d" : "1756459236002969520",
      "t" : 1756459236002,
      "tn" : 1756459236002969520,
      "q" : "80",
      "p" : "0.0144623",
      "s" : "sell",
      "i" : "JASMY_USDT",
      "m" : "4611686018431377974"
    }, {
      "d" : "1756459235972276465",
      "t" : 1756459235972,
      "tn" : 1756459235972276465,
      "q" : "80",
      "p" : "0.0144576",
      "s" : "sell",
      "i" : "JASMY_USDT",
      "m" : "4611686018431377973"
    }, {
      "d" : "1756459231521727445",
      "t" : 1756459231521,
      "tn" : 1756459231521727445,
      "q" : "80",
      "p" : "0.0144623",
      "s" : "sell",
      "i" : "JASMY_USDT",
      "m" : "4611686018431377972"
    }, {
      "d" : "1756459230800803582",
      "t" : 1756459230800,
      "tn" : 1756459230800803582,
      "q" : "80",
      "p" : "0.0144623",
      "s" : "sell",
      "i" : "JASMY_USDT",
      "m" : "4611686018431377971"
    }, {
      "d" : "1756459230611116351",
      "t" : 1756459230611,
      "tn" : 1756459230611116351,
      "q" : "80",
      "p" : "0.0144623",
      "s" : "sell",
      "i" : "JASMY_USDT",
      "m" : "4611686018431377970"
    }, {
      "d" : "1756459229355263337",
      "t" : 1756459229355,
      "tn" : 1756459229355263337,
      "q" : "80",
      "p" : "0.0144577",
      "s" : "buy",
      "i" : "JASMY_USDT",
      "m" : "4611686018431377969"
    }, {
      "d" : "1756459229355260822",
      "t" : 1756459229355,
      "tn" : 1756459229355260822,
      "q" : "43100",
      "p" : "0.0144573",
      "s" : "buy",
      "i" : "JASMY_USDT",
      "m" : "4611686018431377968"
    }, {
      "d" : "1756457856122399217",
      "t" : 1756457856122,
      "tn" : 1756457856122399217,
      "q" : "80",
      "p" : "0.0143623",
      "s" : "sell",
      "i" : "JASMY_USDT",
      "m" : "4611686018431377967"
    }, {
      "d" : "1756457853601903783",
      "t" : 1756457853601,
      "tn" : 1756457853601903783,
      "q" : "80",
      "p" : "0.0143623",
      "s" : "sell",
      "i" : "JASMY_USDT",
      "m" : "4611686018431377966"
    }, {
      "d" : "1756457853351072443",
      "t" : 1756457853351,
      "tn" : 1756457853351072443,
      "q" : "80",
      "p" : "0.0143623",
      "s" : "sell",
      "i" : "JASMY_USDT",
      "m" : "4611686018431377965"
    }, {
      "d" : "1756457576849682635",
      "t" : 1756457576849,
      "tn" : 1756457576849682635,
      "q" : "1220",
      "p" : "0.0143760",
      "s" : "sell",
      "i" : "JASMY_USDT",
      "m" : "4611686018431377964"
    }, {
      "d" : "1756457576038688271",
      "t" : 1756457576038,
      "tn" : 1756457576038688271,
      "q" : "80",
      "p" : "0.0143923",
      "s" : "sell",
      "i" : "JASMY_USDT",
      "m" : "4611686018431377963"
    }, {
      "d" : "1756457573995559537",
      "t" : 1756457573995,
      "tn" : 1756457573995559537,
      "q" : "80",
      "p" : "0.0144177",
      "s" : "buy",
      "i" : "JASMY_USDT",
      "m" : "4611686018431377962"
    }, {
      "d" : "1756457573980623809",
      "t" : 1756457573980,
      "tn" : 1756457573980623809,
      "q" : "80",
      "p" : "0.0144177",
      "s" : "buy",
      "i" : "JASMY_USDT",
      "m" : "4611686018431377961"
    }, {
      "d" : "1756457573900252817",
      "t" : 1756457573900,
      "tn" : 1756457573900252817,
      "q" : "80",
      "p" : "0.0144177",
      "s" : "buy",
      "i" : "JASMY_USDT",
      "m" : "4611686018431377960"
    }, {
      "d" : "1756457573835837792",
      "t" : 1756457573835,
      "tn" : 1756457573835837792,
      "q" : "80",
      "p" : "0.0144177",
      "s" : "buy",
      "i" : "JASMY_USDT",
      "m" : "4611686018431377959"
    }, {
      "d" : "1756457573820754502",
      "t" : 1756457573820,
      "tn" : 1756457573820754502,
      "q" : "80",
      "p" : "0.0144177",
      "s" : "buy",
      "i" : "JASMY_USDT",
      "m" : "4611686018431377958"
    }, {
      "d" : "1756457573604120424",
      "t" : 1756457573604,
      "tn" : 1756457573604120424,
      "q" : "80",
      "p" : "0.0144177",
      "s" : "buy",
      "i" : "JASMY_USDT",
      "m" : "4611686018431377957"
    }, {
      "d" : "1756457573523992378",
      "t" : 1756457573523,
      "tn" : 1756457573523992378,
      "q" : "80",
      "p" : "0.0144177",
      "s" : "buy",
      "i" : "JASMY_USDT",
      "m" : "4611686018431377956"
    }, {
      "d" : "1756457573303667563",
      "t" : 1756457573303,
      "tn" : 1756457573303667563,
      "q" : "80",
      "p" : "0.0144177",
      "s" : "buy",
      "i" : "JASMY_USDT",
      "m" : "4611686018431377955"
    }, {
      "d" : "1756457573198405017",
      "t" : 1756457573198,
      "tn" : 1756457573198405017,
      "q" : "80",
      "p" : "0.0144177",
      "s" : "buy",
      "i" : "JASMY_USDT",
      "m" : "4611686018431377954"
    }, {
      "d" : "1756457573168191598",
      "t" : 1756457573168,
      "tn" : 1756457573168191598,
      "q" : "80",
      "p" : "0.0144177",
      "s" : "buy",
      "i" : "JASMY_USDT",
      "m" : "4611686018431377953"
    }, {
      "d" : "1756457573158111244",
      "t" : 1756457573158,
      "tn" : 1756457573158111244,
      "q" : "80",
      "p" : "0.0144177",
      "s" : "buy",
      "i" : "JASMY_USDT",
      "m" : "4611686018431377952"
    }, {
      "d" : "1756457573148097449",
      "t" : 1756457573148,
      "tn" : 1756457573148097449,
      "q" : "80",
      "p" : "0.0144177",
      "s" : "buy",
      "i" : "JASMY_USDT",
      "m" : "4611686018431377951"
    }, {
      "d" : "1756457573138004959",
      "t" : 1756457573138,
      "tn" : 1756457573138004959,
      "q" : "80",
      "p" : "0.0144177",
      "s" : "buy",
      "i" : "JASMY_USDT",
      "m" : "4611686018431377950"
    }, {
      "d" : "1756457573128008183",
      "t" : 1756457573128,
      "tn" : 1756457573128008183,
      "q" : "80",
      "p" : "0.0144177",
      "s" : "buy",
      "i" : "JASMY_USDT",
      "m" : "4611686018431377949"
    }, {
      "d" : "1756457573118089774",
      "t" : 1756457573118,
      "tn" : 1756457573118089774,
      "q" : "80",
      "p" : "0.0144177",
      "s" : "buy",
      "i" : "JASMY_USDT",
      "m" : "4611686018431377948"
    }, {
      "d" : "1756457573103073282",
      "t" : 1756457573103,
      "tn" : 1756457573103073282,
      "q" : "80",
      "p" : "0.0144177",
      "s" : "buy",
      "i" : "JASMY_USDT",
      "m" : "4611686018431377947"
    }, {
      "d" : "1756457573057931219",
      "t" : 1756457573057,
      "tn" : 1756457573057931219,
      "q" : "80",
      "p" : "0.0144177",
      "s" : "buy",
      "i" : "JASMY_USDT",
      "m" : "4611686018431377946"
    }, {
      "d" : "1756457572902176711",
      "t" : 1756457572902,
      "tn" : 1756457572902176711,
      "q" : "80",
      "p" : "0.0144177",
      "s" : "buy",
      "i" : "JASMY_USDT",
      "m" : "4611686018431377945"
    }, {
      "d" : "1756457572600935628",
      "t" : 1756457572600,
      "tn" : 1756457572600935628,
      "q" : "80",
      "p" : "0.0144177",
      "s" : "buy",
      "i" : "JASMY_USDT",
      "m" : "4611686018431377944"
    }, {
      "d" : "1756457572521009517",
      "t" : 1756457572521,
      "tn" : 1756457572521009517,
      "q" : "80",
      "p" : "0.0144177",
      "s" : "buy",
      "i" : "JASMY_USDT",
      "m" : "4611686018431377943"
    }, {
      "d" : "1756457572200383199",
      "t" : 1756457572200,
      "tn" : 1756457572200383199,
      "q" : "80",
      "p" : "0.0144177",
      "s" : "buy",
      "i" : "JASMY_USDT",
      "m" : "4611686018431377942"
    }, {
      "d" : "1756457572185393741",
      "t" : 1756457572185,
      "tn" : 1756457572185393741,
      "q" : "80",
      "p" : "0.0144177",
      "s" : "buy",
      "i" : "JASMY_USDT",
      "m" : "4611686018431377941"
    }, {
      "d" : "1756457571598469920",
      "t" : 1756457571598,
      "tn" : 1756457571598469920,
      "q" : "80",
      "p" : "0.0144177",
      "s" : "buy",
      "i" : "JASMY_USDT",
      "m" : "4611686018431377940"
    }, {
      "d" : "1756457571523367936",
      "t" : 1756457571523,
      "tn" : 1756457571523367936,
      "q" : "80",
      "p" : "0.0144177",
      "s" : "buy",
      "i" : "JASMY_USDT",
      "m" : "4611686018431377939"
    }, {
      "d" : "1756457571403197567",
      "t" : 1756457571403,
      "tn" : 1756457571403197567,
      "q" : "80",
      "p" : "0.0144177",
      "s" : "buy",
      "i" : "JASMY_USDT",
      "m" : "4611686018431377938"
    }, {
      "d" : "1756457571388178003",
      "t" : 1756457571388,
      "tn" : 1756457571388178003,
      "q" : "80",
      "p" : "0.0144177",
      "s" : "buy",
      "i" : "JASMY_USDT",
      "m" : "4611686018431377937"
    }, {
      "d" : "1756457571365176676",
      "t" : 1756457571365,
      "tn" : 1756457571365176676,
      "q" : "80",
      "p" : "0.0144177",
      "s" : "buy",
      "i" : "JASMY_USDT",
      "m" : "4611686018431377936"
    }, {
      "d" : "1756457569524026261",
      "t" : 1756457569524,
      "tn" : 1756457569524026261,
      "q" : "80",
      "p" : "0.0144177",
      "s" : "buy",
      "i" : "JASMY_USDT",
      "m" : "4611686018431377935"
    }, {
      "d" : "1756457569448899034",
      "t" : 1756457569448,
      "tn" : 1756457569448899034,
      "q" : "80",
      "p" : "0.0144177",
      "s" : "buy",
      "i" : "JASMY_USDT",
      "m" : "4611686018431377934"
    }, {
      "d" : "1756457569203695065",
      "t" : 1756457569203,
      "tn" : 1756457569203695065,
      "q" : "80",
      "p" : "0.0144177",
      "s" : "buy",
      "i" : "JASMY_USDT",
      "m" : "4611686018431377933"
    }, {
      "d" : "1756457569103607853",
      "t" : 1756457569103,
      "tn" : 1756457569103607853,
      "q" : "80",
      "p" : "0.0144177",
      "s" : "buy",
      "i" : "JASMY_USDT",
      "m" : "4611686018431377932"
    }, {
      "d" : "1756457568902680705",
      "t" : 1756457568902,
      "tn" : 1756457568902680705,
      "q" : "80",
      "p" : "0.0144177",
      "s" : "buy",
      "i" : "JASMY_USDT",
      "m" : "4611686018431377931"
    }, {
      "d" : "1756457568802655401",
      "t" : 1756457568802,
      "tn" : 1756457568802655401,
      "q" : "80",
      "p" : "0.0144177",
      "s" : "buy",
      "i" : "JASMY_USDT",
      "m" : "4611686018431377930"
    }, {
      "d" : "1756457568602014767",
      "t" : 1756457568602,
      "tn" : 1756457568602014767,
      "q" : "80",
      "p" : "0.0144177",
      "s" : "buy",
      "i" : "JASMY_USDT",
      "m" : "4611686018431377929"
    }, {
      "d" : "1756457568521863048",
      "t" : 1756457568521,
      "tn" : 1756457568521863048,
      "q" : "80",
      "p" : "0.0144177",
      "s" : "buy",
      "i" : "JASMY_USDT",
      "m" : "4611686018431377928"
    } ]
  }
}