{
  "id" : -1,
  "method" : "public/get-trades",
  "code" : 0,
  "result" : {
    "data" : [ {
      "d" : "1756444512942856483",
      "t" : 1756444512942,
      "tn" : 1756444512942856483,
      "q" : "1340",
      "p" : "0.014536",
      "s" : "buy",
      "i" : "JELLYJELLY_USD",
      "m" : "4611686018427395643"
    }, {
      "d" : "1756444087007078732",
      "t" : 1756444087007,
      "tn" : 1756444087007078732,
      "q" : "1880",
      "p" : "0.014938",
      "s" : "buy",
      "i" : "JELLYJELLY_USD",
      "m" : "4611686018427395642"
    }, {
      "d" : "1756443070925223635",
      "t" : 1756443070925,
      "tn" : 1756443070925223635,
      "q" : "1330",
      "p" : "0.014659",
      "s" : "buy",
      "i" : "JELLYJELLY_USD",
      "m" : "4611686018427395641"
    }, {
      "d" : "1756443070922711023",
      "t" : 1756443070922,
      "tn" : 1756443070922711023,
      "q" : "890",
      "p" : "0.014659",
      "s" : "buy",
      "i" : "JELLYJELLY_USD",
      "m" : "4611686018427395640"
    }, {
      "d" : "1756443070922708970",
      "t" : 1756443070922,
      "tn" : 1756443070922708970,
      "q" : "5250",
      "p" : "0.014658",
      "s" : "buy",
      "i" : "JELLYJELLY_USD",
      "m" : "4611686018427395639"
    }, {
      "d" : "1756442897800411708",
      "t" : 1756442897800,
      "tn" : 1756442897800411708,
      "q" : "1400",
      "p" : "0.014276",
      "s" : "buy",
      "i" : "JELLYJELLY_USD",
      "m" : "4611686018427395638"
    }, {
      "d" : "1756442897684562133",
      "t" : 1756442897684,
      "tn" : 1756442897684562133,
      "q" : "2400",
      "p" : "0.014276",
      "s" : "buy",
      "i" : "JELLYJELLY_USD",
      "m" : "4611686018427395637"
    }, {
      "d" : "1756442897270389094",
      "t" : 1756442897270,
      "tn" : 1756442897270389094,
      "q" : "4100",
      "p" : "0.014276",
      "s" : "buy",
      "i" : "JELLYJELLY_USD",
      "m" : "4611686018427395636"
    }, {
      "d" : "1756442836481290336",
      "t" : 1756442836481,
      "tn" : 1756442836481290336,
      "q" : "1000",
      "p" : "0.013908",
      "s" : "sell",
      "i" : "JELLYJELLY_USD",
      "m" : "4611686018427395635"
    }, {
      "d" : "1756442836452643537",
      "t" : 1756442836452,
      "tn" : 1756442836452643537,
      "q" : "1000",
      "p" : "0.013908",
      "s" : "sell",
      "i" : "JELLYJELLY_USD",
      "m" : "4611686018427395634"
    }, {
      "d" : "1756442836433409371",
      "t" : 1756442836433,
      "tn" : 1756442836433409371,
      "q" : "1500",
      "p" : "0.013908",
      "s" : "sell",
      "i" : "JELLYJELLY_USD",
      "m" : "4611686018427395633"
    }, {
      "d" : "1756442833621309035",
      "t" : 1756442833621,
      "tn" : 1756442833621309035,
      "q" : "1000",
      "p" : "0.014081",
      "s" : "sell",
      "i" : "JELLYJELLY_USD",
      "m" : "4611686018427395632"
    }, {
      "d" : "1756442833258907824",
      "t" : 1756442833258,
      "tn" : 1756442833258907824,
      "q" : "1500",
      "p" : "0.014081",
      "s" : "sell",
      "i" : "JELLYJELLY_USD",
      "m" : "4611686018427395631"
    }, {
      "d" : "1756442833231192947",
      "t" : 1756442833231,
      "tn" : 1756442833231192947,
      "q" : "2700",
      "p" : "0.014081",
      "s" : "sell",
      "i" : "JELLYJELLY_USD",
      "m" : "4611686018427395630"
    }, {
      "d" : "1756442712121792528",
      "t" : 1756442712121,
      "tn" : 1756442712121792528,
      "q" : "1000",
      "p" : "0.014756",
      "s" : "sell",
      "i" : "JELLYJELLY_USD",
      "m" : "4611686018427395629"
    }, {
      "d" : "1756442712083099173",
      "t" : 1756442712083,
      "tn" : 1756442712083099172,
      "q" : "450",
      "p" : "0.014756",
      "s" : "sell",
      "i" : "JELLYJELLY_USD",
      "m" : "4611686018427395628"
    }, {
      "d" : "1756442712083099172",
      "t" : 1756442712083,
      "tn" : 1756442712083099172,
      "q" : "550",
      "p" : "0.014756",
      "s" : "sell",
      "i" : "JELLYJELLY_USD",
      "m" : "4611686018427395628"
    }, {
      "d" : "1756442712055275969",
      "t" : 1756442712055,
      "tn" : 1756442712055275969,
      "q" : "1700",
      "p" : "0.014756",
      "s" : "sell",
      "i" : "JELLYJELLY_USD",
      "m" : "4611686018427395627"
    }, {
      "d" : "1756442711982664517",
      "t" : 1756442711982,
      "tn" : 1756442711982664517,
      "q" : "3000",
      "p" : "0.014756",
      "s" : "sell",
      "i" : "JELLYJELLY_USD",
      "m" : "4611686018427395626"
    }, {
      "d" : "1756442162087926726",
      "t" : 1756442162087,
      "tn" : 1756442162087926726,
      "q" : "400",
      "p" : "0.015897",
      "s" : "buy",
      "i" : "JELLYJELLY_USD",
      "m" : "4611686018427395625"
    }, {
      "d" : "1756442162084347143",
      "t" : 1756442162084,
      "tn" : 1756442162084347143,
      "q" : "3770",
      "p" : "0.015897",
      "s" : "buy",
      "i" : "JELLYJELLY_USD",
      "m" : "4611686018427395624"
    }, {
      "d" : "1756441853834724401",
      "t" : 1756441853834,
      "tn" : 1756441853834724401,
      "q" : "1000",
      "p" : "0.015636",
      "s" : "sell",
      "i" : "JELLYJELLY_USD",
      "m" : "4611686018427395623"
    }, {
      "d" : "1756441853803547844",
      "t" : 1756441853803,
      "tn" : 1756441853803547844,
      "q" : "1000",
      "p" : "0.015636",
      "s" : "sell",
      "i" : "JELLYJELLY_USD",
      "m" : "4611686018427395622"
    }, {
      "d" : "1756441215117810427",
      "t" : 1756441215117,
      "tn" : 1756441215117810427,
      "q" : "1200",
      "p" : "0.015934",
      "s" : "buy",
      "i" : "JELLYJELLY_USD",
      "m" : "4611686018427395621"
    }, {
      "d" : "1756440745601289036",
      "t" : 1756440745601,
      "tn" : 1756440745601289036,
      "q" : "1000",
      "p" : "0.015310",
      "s" : "buy",
      "i" : "JELLYJELLY_USD",
      "m" : "4611686018427395620"
    }, {
      "d" : "1756437853064285950",
      "t" : 1756437853064,
      "tn" : 1756437853064285950,
      "q" : "800",
      "p" : "0.017481",
      "s" : "sell",
      "i" : "JELLYJELLY_USD",
      "m" : "4611686018427395619"
    }, {
      "d" : "1756437852973209184",
      "t" : 1756437852973,
      "tn" : 1756437852973209184,
      "q" : "800",
      "p" : "0.017481",
      "s" : "sell",
      "i" : "JELLYJELLY_USD",
      "m" : "4611686018427395618"
    }, {
      "d" : "1756437735527965924",
      "t" : 1756437735527,
      "tn" : 1756437735527965924,
      "q" : "1000",
      "p" : "0.018412",
      "s" : "sell",
      "i" : "JELLYJELLY_USD",
      "m" : "4611686018427395617"
    }, {
      "d" : "1756437735503592866",
      "t" : 1756437735503,
      "tn" : 1756437735503592866,
      "q" : "1400",
      "p" : "0.018412",
      "s" : "sell",
      "i" : "JELLYJELLY_USD",
      "m" : "4611686018427395616"
    } ]
  }
}