{
  "id" : -1,
  "method" : "public/get-trades",
  "code" : 0,
  "result" : {
    "data" : [ {
      "d" : "1756458986073738687",
      "t" : 1756458986073,
      "tn" : 1756458986073738687,
      "q" : "100",
      "p" : "0.014829",
      "s" : "sell",
      "i" : "JELLYJELLYUSD-PERP",
      "m" : "4611686018427421706"
    }, {
      "d" : "1756458960448757836",
      "t" : 1756458960448,
      "tn" : 1756458960448757836,
      "q" : "100",
      "p" : "0.014800",
      "s" : "sell",
      "i" : "JELLYJELLYUSD-PERP",
      "m" : "4611686018427421705"
    }, {
      "d" : "1756458060376665904",
      "t" : 1756458060376,
      "tn" : 1756458060376665904,
      "q" : "100",
      "p" : "0.014996",
      "s" : "sell",
      "i" : "JELLYJELLYUSD-PERP",
      "m" : "4611686018427421704"
    }, {
      "d" : "1756457443923196702",
      "t" : 1756457443923,
      "tn" : 1756457443923196702,
      "q" : "6400",
      "p" : "0.015203",
      "s" : "buy",
      "i" : "JELLYJELLYUSD-PERP",
      "m" : "4611686018427421703"
    }, {
      "d" : "1756457443923194597",
      "t" : 1756457443923,
      "tn" : 1756457443923194597,
      "q" : "100",
      "p" : "0.015181",
      "s" : "buy",
      "i" : "JELLYJELLYUSD-PERP",
      "m" : "4611686018427421702"
    }, {
      "d" : "1756455511770834026",
      "t" : 1756455511770,
      "tn" : 1756455511770834025,
      "q" : "6500",
      "p" : "0.015059",
      "s" : "buy",
      "i" : "JELLYJELLYUSD-PERP",
      "m" : "4611686018427421701"
    }, {
      "d" : "1756455511770834025",
      "t" : 1756455511770,
      "tn" : 1756455511770834025,
      "q" : "100",
      "p" : "0.015059",
      "s" : "buy",
      "i" : "JELLYJELLYUSD-PERP",
      "m" : "4611686018427421701"
    }, {
      "d" : "1756455504463902452",
      "t" : 1756455504463,
      "tn" : 1756455504463902452,
      "q" : "9800",
      "p" : "0.015120",
      "s" : "buy",
      "i" : "JELLYJELLYUSD-PERP",
      "m" : "4611686018427421700"
    }, {
      "d" : "1756455504459359906",
      "t" : 1756455504459,
      "tn" : 1756455504459359906,
      "q" : "3200",
      "p" : "0.015115",
      "s" : "buy",
      "i" : "JELLYJELLYUSD-PERP",
      "m" : "4611686018427421699"
    }, {
      "d" : "1756455504447007529",
      "t" : 1756455504447,
      "tn" : 1756455504447007529,
      "q" : "3200",
      "p" : "0.015006",
      "s" : "buy",
      "i" : "JELLYJELLYUSD-PERP",
      "m" : "4611686018427421698"
    }, {
      "d" : "1756455504447005069",
      "t" : 1756455504447,
      "tn" : 1756455504447005069,
      "q" : "3300",
      "p" : "0.015003",
      "s" : "buy",
      "i" : "JELLYJELLYUSD-PERP",
      "m" : "4611686018427421697"
    }, {
      "d" : "1756455504447002885",
      "t" : 1756455504447,
      "tn" : 1756455504447002885,
      "q" : "3300",
      "p" : "0.015000",
      "s" : "buy",
      "i" : "JELLYJELLYUSD-PERP",
      "m" : "4611686018427421696"
    }, {
      "d" : "1756455504447000307",
      "t" : 1756455504447,
      "tn" : 1756455504447000307,
      "q" : "3200",
      "p" : "0.014997",
      "s" : "buy",
      "i" : "JELLYJELLYUSD-PERP",
      "m" : "4611686018427421695"
    }, {
      "d" : "1756455504446997830",
      "t" : 1756455504446,
      "tn" : 1756455504446997829,
      "q" : "100",
      "p" : "0.014948",
      "s" : "buy",
      "i" : "JELLYJELLYUSD-PERP",
      "m" : "4611686018427421694"
    }, {
      "d" : "1756455504446997829",
      "t" : 1756455504446,
      "tn" : 1756455504446997829,
      "q" : "100",
      "p" : "0.014948",
      "s" : "buy",
      "i" : "JELLYJELLYUSD-PERP",
      "m" : "4611686018427421694"
    }, {
      "d" : "1756454175761331252",
      "t" : 1756454175761,
      "tn" : 1756454175761331252,
      "q" : "6400",
      "p" : "0.015389",
      "s" : "buy",
      "i" : "JELLYJELLYUSD-PERP",
      "m" : "4611686018427421693"
    }, {
      "d" : "1756452015170057654",
      "t" : 1756452015170,
      "tn" : 1756452015170057654,
      "q" : "100",
      "p" : "0.015126",
      "s" : "sell",
      "i" : "JELLYJELLYUSD-PERP",
      "m" : "4611686018427421692"
    }, {
      "d" : "1756452014656470513",
      "t" : 1756452014656,
      "tn" : 1756452014656470513,
      "q" : "100",
      "p" : "0.015117",
      "s" : "sell",
      "i" : "JELLYJELLYUSD-PERP",
      "m" : "4611686018427421691"
    }, {
      "d" : "1756452014380235606",
      "t" : 1756452014380,
      "tn" : 1756452014380235606,
      "q" : "6400",
      "p" : "0.015093",
      "s" : "sell",
      "i" : "JELLYJELLYUSD-PERP",
      "m" : "4611686018427421690"
    }, {
      "d" : "1756452014380233696",
      "t" : 1756452014380,
      "tn" : 1756452014380233696,
      "q" : "100",
      "p" : "0.015096",
      "s" : "sell",
      "i" : "JELLYJELLYUSD-PERP",
      "m" : "4611686018427421689"
    }, {
      "d" : "1756452014380231901",
      "t" : 1756452014380,
      "tn" : 1756452014380231901,
      "q" : "100",
      "p" : "0.015109",
      "s" : "sell",
      "i" : "JELLYJELLYUSD-PERP",
      "m" : "4611686018427421688"
    }, {
      "d" : "1756444408011887291",
      "t" : 1756444408011,
      "tn" : 1756444408011887291,
      "q" : "900",
      "p" : "0.014370",
      "s" : "sell",
      "i" : "JELLYJELLYUSD-PERP",
      "m" : "4611686018427421687"
    }, {
      "d" : "1756444252422262801",
      "t" : 1756444252422,
      "tn" : 1756444252422262801,
      "q" : "100",
      "p" : "0.014190",
      "s" : "sell",
      "i" : "JELLYJELLYUSD-PERP",
      "m" : "4611686018427421686"
    }, {
      "d" : "1756444054357460345",
      "t" : 1756444054357,
      "tn" : 1756444054357460345,
      "q" : "6700",
      "p" : "0.014738",
      "s" : "buy",
      "i" : "JELLYJELLYUSD-PERP",
      "m" : "4611686018427421685"
    }, {
      "d" : "1756444045559884261",
      "t" : 1756444045559,
      "tn" : 1756444045559884261,
      "q" : "6700",
      "p" : "0.014748",
      "s" : "buy",
      "i" : "JELLYJELLYUSD-PERP",
      "m" : "4611686018427421684"
    }, {
      "d" : "1756444028872458457",
      "t" : 1756444028872,
      "tn" : 1756444028872458457,
      "q" : "6700",
      "p" : "0.014748",
      "s" : "buy",
      "i" : "JELLYJELLYUSD-PERP",
      "m" : "4611686018427421683"
    }, {
      "d" : "1756444028559087602",
      "t" : 1756444028559,
      "tn" : 1756444028559087602,
      "q" : "6700",
      "p" : "0.014758",
      "s" : "buy",
      "i" : "JELLYJELLYUSD-PERP",
      "m" : "4611686018427421682"
    }, {
      "d" : "1756444012392677957",
      "t" : 1756444012392,
      "tn" : 1756444012392677957,
      "q" : "6800",
      "p" : "0.014688",
      "s" : "buy",
      "i" : "JELLYJELLYUSD-PERP",
      "m" : "4611686018427421681"
    }, {
      "d" : "1756444009981995265",
      "t" : 1756444009981,
      "tn" : 1756444009981995265,
      "q" : "6800",
      "p" : "0.014678",
      "s" : "buy",
      "i" : "JELLYJELLYUSD-PERP",
      "m" : "4611686018427421680"
    }, {
      "d" : "1756444002059262864",
      "t" : 1756444002059,
      "tn" : 1756444002059262864,
      "q" : "3100",
      "p" : "0.014648",
      "s" : "buy",
      "i" : "JELLYJELLYUSD-PERP",
      "m" : "4611686018427421679"
    }, {
      "d" : "1756443996215853416",
      "t" : 1756443996215,
      "tn" : 1756443996215853416,
      "q" : "6800",
      "p" : "0.014648",
      "s" : "buy",
      "i" : "JELLYJELLYUSD-PERP",
      "m" : "4611686018427421678"
    }, {
      "d" : "1756443982505761498",
      "t" : 1756443982505,
      "tn" : 1756443982505761498,
      "q" : "6800",
      "p" : "0.014598",
      "s" : "buy",
      "i" : "JELLYJELLYUSD-PERP",
      "m" : "4611686018427421677"
    }, {
      "d" : "1756443974830579166",
      "t" : 1756443974830,
      "tn" : 1756443974830579166,
      "q" : "6700",
      "p" : "0.014708",
      "s" : "buy",
      "i" : "JELLYJELLYUSD-PERP",
      "m" : "4611686018427421676"
    }, {
      "d" : "1756443960143727618",
      "t" : 1756443960143,
      "tn" : 1756443960143727618,
      "q" : "6700",
      "p" : "0.014798",
      "s" : "buy",
      "i" : "JELLYJELLYUSD-PERP",
      "m" : "4611686018427421675"
    }, {
      "d" : "1756443956171586090",
      "t" : 1756443956171,
      "tn" : 1756443956171586090,
      "q" : "6700",
      "p" : "0.014788",
      "s" : "buy",
      "i" : "JELLYJELLYUSD-PERP",
      "m" : "4611686018427421674"
    }, {
      "d" : "1756443943455829081",
      "t" : 1756443943455,
      "tn" : 1756443943455829081,
      "q" : "100",
      "p" : "0.014791",
      "s" : "sell",
      "i" : "JELLYJELLYUSD-PERP",
      "m" : "4611686018427421673"
    }, {
      "d" : "1756443933348251382",
      "t" : 1756443933348,
      "tn" : 1756443933348251381,
      "q" : "2600",
      "p" : "0.014810",
      "s" : "buy",
      "i" : "JELLYJELLYUSD-PERP",
      "m" : "4611686018427421672"
    }, {
      "d" : "1756443933348251381",
      "t" : 1756443933348,
      "tn" : 1756443933348251381,
      "q" : "100",
      "p" : "0.014810",
      "s" : "buy",
      "i" : "JELLYJELLYUSD-PERP",
      "m" : "4611686018427421672"
    }, {
      "d" : "1756443926724549552",
      "t" : 1756443926724,
      "tn" : 1756443926724549552,
      "q" : "1300",
      "p" : "0.014840",
      "s" : "buy",
      "i" : "JELLYJELLYUSD-PERP",
      "m" : "4611686018427421671"
    }, {
      "d" : "1756443923454244082",
      "t" : 1756443923454,
      "tn" : 1756443923454244082,
      "q" : "100",
      "p" : "0.014902",
      "s" : "sell",
      "i" : "JELLYJELLYUSD-PERP",
      "m" : "4611686018427421670"
    }, {
      "d" : "1756443923307111104",
      "t" : 1756443923307,
      "tn" : 1756443923307111104,
      "q" : "5300",
      "p" : "0.015336",
      "s" : "buy",
      "i" : "JELLYJELLYUSD-PERP",
      "m" : "4611686018427421669"
    }, {
      "d" : "1756443923305895333",
      "t" : 1756443923305,
      "tn" : 1756443923305895333,
      "q" : "3500",
      "p" : "0.015264",
      "s" : "buy",
      "i" : "JELLYJELLYUSD-PERP",
      "m" : "4611686018427421668"
    }, {
      "d" : "1756443923305893734",
      "t" : 1756443923305,
      "tn" : 1756443923305893734,
      "q" : "100",
      "p" : "0.014953",
      "s" : "buy",
      "i" : "JELLYJELLYUSD-PERP",
      "m" : "4611686018427421667"
    }, {
      "d" : "1756443923304673575",
      "t" : 1756443923304,
      "tn" : 1756443923304673575,
      "q" : "3400",
      "p" : "0.015192",
      "s" : "buy",
      "i" : "JELLYJELLYUSD-PERP",
      "m" : "4611686018427421666"
    }, {
      "d" : "1756443923304672154",
      "t" : 1756443923304,
      "tn" : 1756443923304672154,
      "q" : "25100",
      "p" : "0.015182",
      "s" : "buy",
      "i" : "JELLYJELLYUSD-PERP",
      "m" : "4611686018427421665"
    }, {
      "d" : "1756443923147102546",
      "t" : 1756443923147,
      "tn" : 1756443923147102545,
      "q" : "100",
      "p" : "0.015048",
      "s" : "buy",
      "i" : "JELLYJELLYUSD-PERP",
      "m" : "4611686018427421664"
    }, {
      "d" : "1756443923147102545",
      "t" : 1756443923147,
      "tn" : 1756443923147102545,
      "q" : "1700",
      "p" : "0.015048",
      "s" : "buy",
      "i" : "JELLYJELLYUSD-PERP",
      "m" : "4611686018427421664"
    }, {
      "d" : "1756443923146830408",
      "t" : 1756443923146,
      "tn" : 1756443923146830408,
      "q" : "1700",
      "p" : "0.015048",
      "s" : "buy",
      "i" : "JELLYJELLYUSD-PERP",
      "m" : "4611686018427421663"
    }, {
      "d" : "1756443923144715838",
      "t" : 1756443923144,
      "tn" : 1756443923144715838,
      "q" : "3400",
      "p" : "0.014976",
      "s" : "buy",
      "i" : "JELLYJELLYUSD-PERP",
      "m" : "4611686018427421662"
    }, {
      "d" : "1756443923144713307",
      "t" : 1756443923144,
      "tn" : 1756443923144713307,
      "q" : "100",
      "p" : "0.014972",
      "s" : "buy",
      "i" : "JELLYJELLYUSD-PERP",
      "m" : "4611686018427421661"
    }, {
      "d" : "1756443923136892788",
      "t" : 1756443923136,
      "tn" : 1756443923136892788,
      "q" : "25100",
      "p" : "0.014915",
      "s" : "buy",
      "i" : "JELLYJELLYUSD-PERP",
      "m" : "4611686018427421660"
    }, {
      "d" : "1756443923135069011",
      "t" : 1756443923135,
      "tn" : 1756443923135069011,
      "q" : "19700",
      "p" : "0.014809",
      "s" : "buy",
      "i" : "JELLYJELLYUSD-PERP",
      "m" : "4611686018427421659"
    }, {
      "d" : "1756443923135068432",
      "t" : 1756443923135,
      "tn" : 1756443923135068432,
      "q" : "8400",
      "p" : "0.014804",
      "s" : "buy",
      "i" : "JELLYJELLYUSD-PERP",
      "m" : "4611686018427421658"
    }, {
      "d" : "1756443923135064338",
      "t" : 1756443923135,
      "tn" : 1756443923135064338,
      "q" : "8400",
      "p" : "0.014800",
      "s" : "buy",
      "i" : "JELLYJELLYUSD-PERP",
      "m" : "4611686018427421657"
    }, {
      "d" : "1756443923135061958",
      "t" : 1756443923135,
      "tn" : 1756443923135061958,
      "q" : "8400",
      "p" : "0.014796",
      "s" : "buy",
      "i" : "JELLYJELLYUSD-PERP",
      "m" : "4611686018427421656"
    }, {
      "d" : "1756443923135059728",
      "t" : 1756443923135,
      "tn" : 1756443923135059728,
      "q" : "8400",
      "p" : "0.014792",
      "s" : "buy",
      "i" : "JELLYJELLYUSD-PERP",
      "m" : "4611686018427421655"
    }, {
      "d" : "1756443923135057035",
      "t" : 1756443923135,
      "tn" : 1756443923135057035,
      "q" : "3300",
      "p" : "0.014727",
      "s" : "buy",
      "i" : "JELLYJELLYUSD-PERP",
      "m" : "4611686018427421654"
    }, {
      "d" : "1756443923135055361",
      "t" : 1756443923135,
      "tn" : 1756443923135055361,
      "q" : "3300",
      "p" : "0.014724",
      "s" : "buy",
      "i" : "JELLYJELLYUSD-PERP",
      "m" : "4611686018427421653"
    }, {
      "d" : "1756443923135052371",
      "t" : 1756443923135,
      "tn" : 1756443923135052371,
      "q" : "3300",
      "p" : "0.014721",
      "s" : "buy",
      "i" : "JELLYJELLYUSD-PERP",
      "m" : "4611686018427421652"
    }, {
      "d" : "1756443923135049878",
      "t" : 1756443923135,
      "tn" : 1756443923135049878,
      "q" : "3300",
      "p" : "0.014718",
      "s" : "buy",
      "i" : "JELLYJELLYUSD-PERP",
      "m" : "4611686018427421651"
    }, {
      "d" : "1756443923135046919",
      "t" : 1756443923135,
      "tn" : 1756443923135046919,
      "q" : "100",
      "p" : "0.014678",
      "s" : "buy",
      "i" : "JELLYJELLYUSD-PERP",
      "m" : "4611686018427421650"
    }, {
      "d" : "1756443582271365852",
      "t" : 1756443582271,
      "tn" : 1756443582271365852,
      "q" : "100",
      "p" : "0.014786",
      "s" : "buy",
      "i" : "JELLYJELLYUSD-PERP",
      "m" : "4611686018427421649"
    }, {
      "d" : "1756443567437229028",
      "t" : 1756443567437,
      "tn" : 1756443567437229028,
      "q" : "100",
      "p" : "0.014776",
      "s" : "buy",
      "i" : "JELLYJELLYUSD-PERP",
      "m" : "4611686018427421648"
    }, {
      "d" : "1756443566440097448",
      "t" : 1756443566440,
      "tn" : 1756443566440097448,
      "q" : "100",
      "p" : "0.014776",
      "s" : "buy",
      "i" : "JELLYJELLYUSD-PERP",
      "m" : "4611686018427421647"
    }, {
      "d" : "1756443565427916252",
      "t" : 1756443565427,
      "tn" : 1756443565427916252,
      "q" : "100",
      "p" : "0.014776",
      "s" : "buy",
      "i" : "JELLYJELLYUSD-PERP",
      "m" : "4611686018427421646"
    }, {
      "d" : "1756443564431755104",
      "t" : 1756443564431,
      "tn" : 1756443564431755104,
      "q" : "100",
      "p" : "0.014776",
      "s" : "buy",
      "i" : "JELLYJELLYUSD-PERP",
      "m" : "4611686018427421645"
    }, {
      "d" : "1756443558862823330",
      "t" : 1756443558862,
      "tn" : 1756443558862823330,
      "q" : "100",
      "p" : "0.014786",
      "s" : "buy",
      "i" : "JELLYJELLYUSD-PERP",
      "m" : "4611686018427421644"
    }, {
      "d" : "1756443548459076297",
      "t" : 1756443548459,
      "tn" : 1756443548459076297,
      "q" : "100",
      "p" : "0.014776",
      "s" : "buy",
      "i" : "JELLYJELLYUSD-PERP",
      "m" : "4611686018427421643"
    }, {
      "d" : "1756443547528854473",
      "t" : 1756443547528,
      "tn" : 1756443547528854473,
      "q" : "100",
      "p" : "0.014776",
      "s" : "buy",
      "i" : "JELLYJELLYUSD-PERP",
      "m" : "4611686018427421642"
    }, {
      "d" : "1756443540352104216",
      "t" : 1756443540352,
      "tn" : 1756443540352104216,
      "q" : "100",
      "p" : "0.014776",
      "s" : "buy",
      "i" : "JELLYJELLYUSD-PERP",
      "m" : "4611686018427421641"
    }, {
      "d" : "1756443537959686656",
      "t" : 1756443537959,
      "tn" : 1756443537959686656,
      "q" : "100",
      "p" : "0.014786",
      "s" : "buy",
      "i" : "JELLYJELLYUSD-PERP",
      "m" : "4611686018427421640"
    }, {
      "d" : "1756443531510416479",
      "t" : 1756443531510,
      "tn" : 1756443531510416479,
      "q" : "100",
      "p" : "0.014796",
      "s" : "buy",
      "i" : "JELLYJELLYUSD-PERP",
      "m" : "4611686018427421639"
    }, {
      "d" : "1756443531445338643",
      "t" : 1756443531445,
      "tn" : 1756443531445338643,
      "q" : "100",
      "p" : "0.014796",
      "s" : "buy",
      "i" : "JELLYJELLYUSD-PERP",
      "m" : "4611686018427421638"
    }, {
      "d" : "1756443530312872734",
      "t" : 1756443530312,
      "tn" : 1756443530312872734,
      "q" : "100",
      "p" : "0.014796",
      "s" : "buy",
      "i" : "JELLYJELLYUSD-PERP",
      "m" : "4611686018427421637"
    }, {
      "d" : "1756443527260436277",
      "t" : 1756443527260,
      "tn" : 1756443527260436277,
      "q" : "100",
      "p" : "0.014786",
      "s" : "buy",
      "i" : "JELLYJELLYUSD-PERP",
      "m" : "4611686018427421636"
    }, {
      "d" : "1756443526258102668",
      "t" : 1756443526258,
      "tn" : 1756443526258102668,
      "q" : "100",
      "p" : "0.014786",
      "s" : "buy",
      "i" : "JELLYJELLYUSD-PERP",
      "m" : "4611686018427421635"
    }, {
      "d" : "1756443526203090275",
      "t" : 1756443526203,
      "tn" : 1756443526203090275,
      "q" : "100",
      "p" : "0.014786",
      "s" : "buy",
      "i" : "JELLYJELLYUSD-PERP",
      "m" : "4611686018427421634"
    }, {
      "d" : "1756443515673096860",
      "t" : 1756443515673,
      "tn" : 1756443515673096860,
      "q" : "100",
      "p" : "0.014786",
      "s" : "buy",
      "i" : "JELLYJELLYUSD-PERP",
      "m" : "4611686018427421633"
    }, {
      "d" : "1756443509091858240",
      "t" : 1756443509091,
      "tn" : 1756443509091858240,
      "q" : "100",
      "p" : "0.014776",
      "s" : "buy",
      "i" : "JELLYJELLYUSD-PERP",
      "m" : "4611686018427421632"
    }, {
      "d" : "1756443507069275991",
      "t" : 1756443507069,
      "tn" : 1756443507069275991,
      "q" : "100",
      "p" : "0.014776",
      "s" : "buy",
      "i" : "JELLYJELLYUSD-PERP",
      "m" : "4611686018427421631"
    }, {
      "d" : "1756443502927855422",
      "t" : 1756443502927,
      "tn" : 1756443502927855422,
      "q" : "100",
      "p" : "0.014776",
      "s" : "buy",
      "i" : "JELLYJELLYUSD-PERP",
      "m" : "4611686018427421630"
    }, {
      "d" : "1756443498559946291",
      "t" : 1756443498559,
      "tn" : 1756443498559946291,
      "q" : "100",
      "p" : "0.014786",
      "s" : "buy",
      "i" : "JELLYJELLYUSD-PERP",
      "m" : "4611686018427421629"
    }, {
      "d" : "1756443497557021805",
      "t" : 1756443497557,
      "tn" : 1756443497557021805,
      "q" : "100",
      "p" : "0.014786",
      "s" : "buy",
      "i" : "JELLYJELLYUSD-PERP",
      "m" : "4611686018427421628"
    }, {
      "d" : "1756443496549662638",
      "t" : 1756443496549,
      "tn" : 1756443496549662638,
      "q" : "100",
      "p" : "0.014786",
      "s" : "buy",
      "i" : "JELLYJELLYUSD-PERP",
      "m" : "4611686018427421627"
    }, {
      "d" : "1756443496484557920",
      "t" : 1756443496484,
      "tn" : 1756443496484557920,
      "q" : "100",
      "p" : "0.014786",
      "s" : "buy",
      "i" : "JELLYJELLYUSD-PERP",
      "m" : "4611686018427421626"
    }, {
      "d" : "1756443491999323957",
      "t" : 1756443491999,
      "tn" : 1756443491999323957,
      "q" : "100",
      "p" : "0.014786",
      "s" : "buy",
      "i" : "JELLYJELLYUSD-PERP",
      "m" : "4611686018427421625"
    }, {
      "d" : "1756443490987698531",
      "t" : 1756443490987,
      "tn" : 1756443490987698531,
      "q" : "100",
      "p" : "0.014786",
      "s" : "buy",
      "i" : "JELLYJELLYUSD-PERP",
      "m" : "4611686018427421624"
    }, {
      "d" : "1756443490677166024",
      "t" : 1756443490677,
      "tn" : 1756443490677166024,
      "q" : "100",
      "p" : "0.014776",
      "s" : "buy",
      "i" : "JELLYJELLYUSD-PERP",
      "m" : "4611686018427421623"
    }, {
      "d" : "1756443474423863170",
      "t" : 1756443474423,
      "tn" : 1756443474423863170,
      "q" : "100",
      "p" : "0.014736",
      "s" : "buy",
      "i" : "JELLYJELLYUSD-PERP",
      "m" : "4611686018427421622"
    }, {
      "d" : "1756443466133851223",
      "t" : 1756443466133,
      "tn" : 1756443466133851223,
      "q" : "100",
      "p" : "0.014726",
      "s" : "buy",
      "i" : "JELLYJELLYUSD-PERP",
      "m" : "4611686018427421621"
    }, {
      "d" : "1756443462073816594",
      "t" : 1756443462073,
      "tn" : 1756443462073816594,
      "q" : "100",
      "p" : "0.014726",
      "s" : "buy",
      "i" : "JELLYJELLYUSD-PERP",
      "m" : "4611686018427421620"
    }, {
      "d" : "1756443461131472453",
      "t" : 1756443461131,
      "tn" : 1756443461131472453,
      "q" : "100",
      "p" : "0.014736",
      "s" : "buy",
      "i" : "JELLYJELLYUSD-PERP",
      "m" : "4611686018427421619"
    }, {
      "d" : "1756443458153423803",
      "t" : 1756443458153,
      "tn" : 1756443458153423803,
      "q" : "100",
      "p" : "0.014736",
      "s" : "buy",
      "i" : "JELLYJELLYUSD-PERP",
      "m" : "4611686018427421618"
    }, {
      "d" : "1756443449048270262",
      "t" : 1756443449048,
      "tn" : 1756443449048270262,
      "q" : "100",
      "p" : "0.014736",
      "s" : "buy",
      "i" : "JELLYJELLYUSD-PERP",
      "m" : "4611686018427421617"
    }, {
      "d" : "1756443447621059093",
      "t" : 1756443447621,
      "tn" : 1756443447621059093,
      "q" : "100",
      "p" : "0.014746",
      "s" : "buy",
      "i" : "JELLYJELLYUSD-PERP",
      "m" : "4611686018427421616"
    }, {
      "d" : "1756443446607282669",
      "t" : 1756443446607,
      "tn" : 1756443446607282669,
      "q" : "100",
      "p" : "0.014746",
      "s" : "buy",
      "i" : "JELLYJELLYUSD-PERP",
      "m" : "4611686018427421615"
    }, {
      "d" : "1756443445609993854",
      "t" : 1756443445609,
      "tn" : 1756443445609993854,
      "q" : "100",
      "p" : "0.014746",
      "s" : "buy",
      "i" : "JELLYJELLYUSD-PERP",
      "m" : "4611686018427421614"
    }, {
      "d" : "1756443444607418653",
      "t" : 1756443444607,
      "tn" : 1756443444607418653,
      "q" : "100",
      "p" : "0.014746",
      "s" : "buy",
      "i" : "JELLYJELLYUSD-PERP",
      "m" : "4611686018427421613"
    }, {
      "d" : "1756443443599762502",
      "t" : 1756443443599,
      "tn" : 1756443443599762502,
      "q" : "100",
      "p" : "0.014746",
      "s" : "buy",
      "i" : "JELLYJELLYUSD-PERP",
      "m" : "4611686018427421612"
    }, {
      "d" : "1756443441968146528",
      "t" : 1756443441968,
      "tn" : 1756443441968146528,
      "q" : "100",
      "p" : "0.014736",
      "s" : "buy",
      "i" : "JELLYJELLYUSD-PERP",
      "m" : "4611686018427421611"
    }, {
      "d" : "1756443441179434736",
      "t" : 1756443441179,
      "tn" : 1756443441179434736,
      "q" : "100",
      "p" : "0.014736",
      "s" : "buy",
      "i" : "JELLYJELLYUSD-PERP",
      "m" : "4611686018427421610"
    }, {
      "d" : "1756443440607820268",
      "t" : 1756443440607,
      "tn" : 1756443440607820268,
      "q" : "100",
      "p" : "0.014726",
      "s" : "buy",
      "i" : "JELLYJELLYUSD-PERP",
      "m" : "4611686018427421609"
    }, {
      "d" : "1756443440398906662",
      "t" : 1756443440398,
      "tn" : 1756443440398906662,
      "q" : "100",
      "p" : "0.014726",
      "s" : "buy",
      "i" : "JELLYJELLYUSD-PERP",
      "m" : "4611686018427421608"
    }, {
      "d" : "1756443433808660752",
      "t" : 1756443433808,
      "tn" : 1756443433808660752,
      "q" : "100",
      "p" : "0.014716",
      "s" : "buy",
      "i" : "JELLYJELLYUSD-PERP",
      "m" : "4611686018427421607"
    }, {
      "d" : "1756443410247378235",
      "t" : 1756443410247,
      "tn" : 1756443410247378235,
      "q" : "100",
      "p" : "0.014766",
      "s" : "buy",
      "i" : "JELLYJELLYUSD-PERP",
      "m" : "4611686018427421606"
    }, {
      "d" : "1756443408447354303",
      "t" : 1756443408447,
      "tn" : 1756443408447354303,
      "q" : "100",
      "p" : "0.014766",
      "s" : "buy",
      "i" : "JELLYJELLYUSD-PERP",
      "m" : "4611686018427421605"
    }, {
      "d" : "1756443407448857549",
      "t" : 1756443407448,
      "tn" : 1756443407448857549,
      "q" : "100",
      "p" : "0.014766",
      "s" : "buy",
      "i" : "JELLYJELLYUSD-PERP",
      "m" : "4611686018427421604"
    }, {
      "d" : "1756443406437455337",
      "t" : 1756443406437,
      "tn" : 1756443406437455337,
      "q" : "100",
      "p" : "0.014766",
      "s" : "buy",
      "i" : "JELLYJELLYUSD-PERP",
      "m" : "4611686018427421603"
    }, {
      "d" : "1756443405428724984",
      "t" : 1756443405428,
      "tn" : 1756443405428724984,
      "q" : "100",
      "p" : "0.014766",
      "s" : "buy",
      "i" : "JELLYJELLYUSD-PERP",
      "m" : "4611686018427421602"
    }, {
      "d" : "1756443404417424659",
      "t" : 1756443404417,
      "tn" : 1756443404417424659,
      "q" : "100",
      "p" : "0.014766",
      "s" : "buy",
      "i" : "JELLYJELLYUSD-PERP",
      "m" : "4611686018427421601"
    }, {
      "d" : "1756443404231103760",
      "t" : 1756443404231,
      "tn" : 1756443404231103760,
      "q" : "100",
      "p" : "0.014764",
      "s" : "buy",
      "i" : "JELLYJELLYUSD-PERP",
      "m" : "4611686018427421600"
    }, {
      "d" : "1756443403253511063",
      "t" : 1756443403253,
      "tn" : 1756443403253511063,
      "q" : "100",
      "p" : "0.014764",
      "s" : "buy",
      "i" : "JELLYJELLYUSD-PERP",
      "m" : "4611686018427421599"
    }, {
      "d" : "1756443395118607576",
      "t" : 1756443395118,
      "tn" : 1756443395118607576,
      "q" : "100",
      "p" : "0.014794",
      "s" : "buy",
      "i" : "JELLYJELLYUSD-PERP",
      "m" : "4611686018427421598"
    }, {
      "d" : "1756443395063294936",
      "t" : 1756443395063,
      "tn" : 1756443395063294936,
      "q" : "100",
      "p" : "0.014794",
      "s" : "buy",
      "i" : "JELLYJELLYUSD-PERP",
      "m" : "4611686018427421597"
    }, {
      "d" : "1756443370750447685",
      "t" : 1756443370750,
      "tn" : 1756443370750447685,
      "q" : "100",
      "p" : "0.014824",
      "s" : "buy",
      "i" : "JELLYJELLYUSD-PERP",
      "m" : "4611686018427421596"
    }, {
      "d" : "1756443370685754816",
      "t" : 1756443370685,
      "tn" : 1756443370685754816,
      "q" : "100",
      "p" : "0.014824",
      "s" : "buy",
      "i" : "JELLYJELLYUSD-PERP",
      "m" : "4611686018427421595"
    }, {
      "d" : "1756443368289233677",
      "t" : 1756443368289,
      "tn" : 1756443368289233677,
      "q" : "100",
      "p" : "0.014814",
      "s" : "buy",
      "i" : "JELLYJELLYUSD-PERP",
      "m" : "4611686018427421594"
    }, {
      "d" : "1756443368189153439",
      "t" : 1756443368189,
      "tn" : 1756443368189153439,
      "q" : "100",
      "p" : "0.014824",
      "s" : "buy",
      "i" : "JELLYJELLYUSD-PERP",
      "m" : "4611686018427421593"
    }, {
      "d" : "1756443363715894698",
      "t" : 1756443363715,
      "tn" : 1756443363715894698,
      "q" : "100",
      "p" : "0.014844",
      "s" : "buy",
      "i" : "JELLYJELLYUSD-PERP",
      "m" : "4611686018427421592"
    }, {
      "d" : "1756443360497468351",
      "t" : 1756443360497,
      "tn" : 1756443360497468351,
      "q" : "100",
      "p" : "0.014844",
      "s" : "buy",
      "i" : "JELLYJELLYUSD-PERP",
      "m" : "4611686018427421591"
    }, {
      "d" : "1756443360372408025",
      "t" : 1756443360372,
      "tn" : 1756443360372408025,
      "q" : "100",
      "p" : "0.014834",
      "s" : "buy",
      "i" : "JELLYJELLYUSD-PERP",
      "m" : "4611686018427421590"
    }, {
      "d" : "1756443356486618968",
      "t" : 1756443356486,
      "tn" : 1756443356486618968,
      "q" : "100",
      "p" : "0.014794",
      "s" : "buy",
      "i" : "JELLYJELLYUSD-PERP",
      "m" : "4611686018427421589"
    }, {
      "d" : "1756443351409176592",
      "t" : 1756443351409,
      "tn" : 1756443351409176592,
      "q" : "100",
      "p" : "0.014804",
      "s" : "buy",
      "i" : "JELLYJELLYUSD-PERP",
      "m" : "4611686018427421588"
    }, {
      "d" : "1756443350396974299",
      "t" : 1756443350396,
      "tn" : 1756443350396974299,
      "q" : "100",
      "p" : "0.014804",
      "s" : "buy",
      "i" : "JELLYJELLYUSD-PERP",
      "m" : "4611686018427421587"
    }, {
      "d" : "1756443350291513583",
      "t" : 1756443350291,
      "tn" : 1756443350291513583,
      "q" : "100",
      "p" : "0.014794",
      "s" : "buy",
      "i" : "JELLYJELLYUSD-PERP",
      "m" : "4611686018427421586"
    }, {
      "d" : "1756443319447274784",
      "t" : 1756443319447,
      "tn" : 1756443319447274784,
      "q" : "100",
      "p" : "0.014804",
      "s" : "buy",
      "i" : "JELLYJELLYUSD-PERP",
      "m" : "4611686018427421585"
    }, {
      "d" : "1756443318438590010",
      "t" : 1756443318438,
      "tn" : 1756443318438590010,
      "q" : "100",
      "p" : "0.014804",
      "s" : "buy",
      "i" : "JELLYJELLYUSD-PERP",
      "m" : "4611686018427421584"
    }, {
      "d" : "1756443317427704760",
      "t" : 1756443317427,
      "tn" : 1756443317427704760,
      "q" : "100",
      "p" : "0.014804",
      "s" : "buy",
      "i" : "JELLYJELLYUSD-PERP",
      "m" : "4611686018427421583"
    }, {
      "d" : "1756443317260935504",
      "t" : 1756443317260,
      "tn" : 1756443317260935504,
      "q" : "100",
      "p" : "0.014804",
      "s" : "buy",
      "i" : "JELLYJELLYUSD-PERP",
      "m" : "4611686018427421582"
    }, {
      "d" : "1756443297343123123",
      "t" : 1756443297343,
      "tn" : 1756443297343123123,
      "q" : "100",
      "p" : "0.014854",
      "s" : "buy",
      "i" : "JELLYJELLYUSD-PERP",
      "m" : "4611686018427421581"
    }, {
      "d" : "1756443284388106062",
      "t" : 1756443284388,
      "tn" : 1756443284388106062,
      "q" : "6600",
      "p" : "0.014903",
      "s" : "buy",
      "i" : "JELLYJELLYUSD-PERP",
      "m" : "4611686018427421580"
    }, {
      "d" : "1756443284382510883",
      "t" : 1756443284382,
      "tn" : 1756443284382510883,
      "q" : "100",
      "p" : "0.014711",
      "s" : "buy",
      "i" : "JELLYJELLYUSD-PERP",
      "m" : "4611686018427421579"
    }, {
      "d" : "1756443283769962878",
      "t" : 1756443283769,
      "tn" : 1756443283769962878,
      "q" : "100",
      "p" : "0.014694",
      "s" : "buy",
      "i" : "JELLYJELLYUSD-PERP",
      "m" : "4611686018427421578"
    }, {
      "d" : "1756443282431299851",
      "t" : 1756443282431,
      "tn" : 1756443282431299851,
      "q" : "100",
      "p" : "0.014684",
      "s" : "buy",
      "i" : "JELLYJELLYUSD-PERP",
      "m" : "4611686018427421577"
    }, {
      "d" : "1756443273224347603",
      "t" : 1756443273224,
      "tn" : 1756443273224347603,
      "q" : "100",
      "p" : "0.014684",
      "s" : "buy",
      "i" : "JELLYJELLYUSD-PERP",
      "m" : "4611686018427421576"
    }, {
      "d" : "1756443272111710261",
      "t" : 1756443272111,
      "tn" : 1756443272111710261,
      "q" : "100",
      "p" : "0.014684",
      "s" : "buy",
      "i" : "JELLYJELLYUSD-PERP",
      "m" : "4611686018427421575"
    }, {
      "d" : "1756443271113965174",
      "t" : 1756443271113,
      "tn" : 1756443271113965174,
      "q" : "100",
      "p" : "0.014674",
      "s" : "buy",
      "i" : "JELLYJELLYUSD-PERP",
      "m" : "4611686018427421574"
    }, {
      "d" : "1756443270091317770",
      "t" : 1756443270091,
      "tn" : 1756443270091317770,
      "q" : "100",
      "p" : "0.014674",
      "s" : "buy",
      "i" : "JELLYJELLYUSD-PERP",
      "m" : "4611686018427421573"
    }, {
      "d" : "1756443262068468888",
      "t" : 1756443262068,
      "tn" : 1756443262068468888,
      "q" : "100",
      "p" : "0.014664",
      "s" : "buy",
      "i" : "JELLYJELLYUSD-PERP",
      "m" : "4611686018427421572"
    }, {
      "d" : "1756443261058002589",
      "t" : 1756443261058,
      "tn" : 1756443261058002589,
      "q" : "100",
      "p" : "0.014664",
      "s" : "buy",
      "i" : "JELLYJELLYUSD-PERP",
      "m" : "4611686018427421571"
    }, {
      "d" : "1756443260481047194",
      "t" : 1756443260481,
      "tn" : 1756443260481047194,
      "q" : "100",
      "p" : "0.014664",
      "s" : "buy",
      "i" : "JELLYJELLYUSD-PERP",
      "m" : "4611686018427421570"
    }, {
      "d" : "1756443246096632509",
      "t" : 1756443246096,
      "tn" : 1756443246096632509,
      "q" : "100",
      "p" : "0.014674",
      "s" : "buy",
      "i" : "JELLYJELLYUSD-PERP",
      "m" : "4611686018427421569"
    }, {
      "d" : "1756443245004079270",
      "t" : 1756443245004,
      "tn" : 1756443245004079270,
      "q" : "100",
      "p" : "0.014664",
      "s" : "buy",
      "i" : "JELLYJELLYUSD-PERP",
      "m" : "4611686018427421568"
    }, {
      "d" : "1756443243524798616",
      "t" : 1756443243524,
      "tn" : 1756443243524798616,
      "q" : "100",
      "p" : "0.014674",
      "s" : "buy",
      "i" : "JELLYJELLYUSD-PERP",
      "m" : "4611686018427421567"
    }, {
      "d" : "1756443242588006367",
      "t" : 1756443242588,
      "tn" : 1756443242588006367,
      "q" : "100",
      "p" : "0.014664",
      "s" : "buy",
      "i" : "JELLYJELLYUSD-PERP",
      "m" : "4611686018427421566"
    }, {
      "d" : "1756443222860521096",
      "t" : 1756443222860,
      "tn" : 1756443222860521096,
      "q" : "100",
      "p" : "0.014754",
      "s" : "buy",
      "i" : "JELLYJELLYUSD-PERP",
      "m" : "4611686018427421565"
    }, {
      "d" : "1756443213956593860",
      "t" : 1756443213956,
      "tn" : 1756443213956593860,
      "q" : "100",
      "p" : "0.014744",
      "s" : "buy",
      "i" : "JELLYJELLYUSD-PERP",
      "m" : "4611686018427421564"
    }, {
      "d" : "1756443213846750590",
      "t" : 1756443213846,
      "tn" : 1756443213846750590,
      "q" : "100",
      "p" : "0.014734",
      "s" : "buy",
      "i" : "JELLYJELLYUSD-PERP",
      "m" : "4611686018427421563"
    }, {
      "d" : "1756443205293046235",
      "t" : 1756443205293,
      "tn" : 1756443205293046235,
      "q" : "100",
      "p" : "0.014744",
      "s" : "buy",
      "i" : "JELLYJELLYUSD-PERP",
      "m" : "4611686018427421562"
    }, {
      "d" : "1756443204280739847",
      "t" : 1756443204280,
      "tn" : 1756443204280739847,
      "q" : "100",
      "p" : "0.014744",
      "s" : "buy",
      "i" : "JELLYJELLYUSD-PERP",
      "m" : "4611686018427421561"
    } ]
  }
}