{
  "id" : -1,
  "method" : "public/get-trades",
  "code" : 0,
  "result" : {
    "data" : [ {
      "d" : "1756457473839294517",
      "t" : 1756457473839,
      "tn" : 1756457473839294517,
      "q" : "129",
      "p" : "0.15414",
      "s" : "buy",
      "i" : "JOE_USD",
      "m" : "4611686018430055781"
    }, {
      "d" : "1756457470961546806",
      "t" : 1756457470961,
      "tn" : 1756457470961546806,
      "q" : "129",
      "p" : "0.15414",
      "s" : "buy",
      "i" : "JOE_USD",
      "m" : "4611686018430055780"
    }, {
      "d" : "1756457465136027483",
      "t" : 1756457465136,
      "tn" : 1756457465136027483,
      "q" : "130",
      "p" : "0.15413",
      "s" : "buy",
      "i" : "JOE_USD",
      "m" : "4611686018430055779"
    }, {
      "d" : "1756457461292211997",
      "t" : 1756457461292,
      "tn" : 1756457461292211997,
      "q" : "117",
      "p" : "0.15413",
      "s" : "buy",
      "i" : "JOE_USD",
      "m" : "4611686018430055778"
    }, {
      "d" : "1756457455345503824",
      "t" : 1756457455345,
      "tn" : 1756457455345503824,
      "q" : "115",
      "p" : "0.15413",
      "s" : "buy",
      "i" : "JOE_USD",
      "m" : "4611686018430055777"
    }, {
      "d" : "1756457453247365703",
      "t" : 1756457453247,
      "tn" : 1756457453247365703,
      "q" : "103",
      "p" : "0.15409",
      "s" : "buy",
      "i" : "JOE_USD",
      "m" : "4611686018430055776"
    }, {
      "d" : "1756455451479713989",
      "t" : 1756455451479,
      "tn" : 1756455451479713989,
      "q" : "47",
      "p" : "0.15304",
      "s" : "sell",
      "i" : "JOE_USD",
      "m" : "4611686018430055775"
    }, {
      "d" : "1756443701291191004",
      "t" : 1756443701291,
      "tn" : 1756443701291191004,
      "q" : "500",
      "p" : "0.16088",
      "s" : "buy",
      "i" : "JOE_USD",
      "m" : "4611686018430055774"
    }, {
      "d" : "1756441893689738020",
      "t" : 1756441893689,
      "tn" : 1756441893689738020,
      "q" : "40",
      "p" : "0.16207",
      "s" : "buy",
      "i" : "JOE_USD",
      "m" : "4611686018430055773"
    }, {
      "d" : "1756439546526681275",
      "t" : 1756439546526,
      "tn" : 1756439546526681275,
      "q" : "41",
      "p" : "0.16247",
      "s" : "buy",
      "i" : "JOE_USD",
      "m" : "4611686018430055772"
    }, {
      "d" : "1756439344620235906",
      "t" : 1756439344620,
      "tn" : 1756439344620235906,
      "q" : "122",
      "p" : "0.16257",
      "s" : "buy",
      "i" : "JOE_USD",
      "m" : "4611686018430055771"
    }, {
      "d" : "1756439344608846355",
      "t" : 1756439344608,
      "tn" : 1756439344608846355,
      "q" : "60",
      "p" : "0.16257",
      "s" : "buy",
      "i" : "JOE_USD",
      "m" : "4611686018430055770"
    }, {
      "d" : "1756439340105886469",
      "t" : 1756439340105,
      "tn" : 1756439340105886469,
      "q" : "31",
      "p" : "0.16259",
      "s" : "buy",
      "i" : "JOE_USD",
      "m" : "4611686018430055769"
    }, {
      "d" : "1756439335854703245",
      "t" : 1756439335854,
      "tn" : 1756439335854703245,
      "q" : "141",
      "p" : "0.16260",
      "s" : "buy",
      "i" : "JOE_USD",
      "m" : "4611686018430055768"
    }, {
      "d" : "1756439335605675279",
      "t" : 1756439335605,
      "tn" : 1756439335605675279,
      "q" : "105",
      "p" : "0.16260",
      "s" : "buy",
      "i" : "JOE_USD",
      "m" : "4611686018430055767"
    }, {
      "d" : "1756434233019546336",
      "t" : 1756434233019,
      "tn" : 1756434233019546335,
      "q" : "59",
      "p" : "0.16308",
      "s" : "buy",
      "i" : "JOE_USD",
      "m" : "4611686018430055766"
    }, {
      "d" : "1756434233019546335",
      "t" : 1756434233019,
      "tn" : 1756434233019546335,
      "q" : "233",
      "p" : "0.16308",
      "s" : "buy",
      "i" : "JOE_USD",
      "m" : "4611686018430055766"
    }, {
      "d" : "1756432870857555783",
      "t" : 1756432870857,
      "tn" : 1756432870857555783,
      "q" : "80",
      "p" : "0.16067",
      "s" : "buy",
      "i" : "JOE_USD",
      "m" : "4611686018430055765"
    }, {
      "d" : "1756432865645425866",
      "t" : 1756432865645,
      "tn" : 1756432865645425866,
      "q" : "123",
      "p" : "0.16067",
      "s" : "buy",
      "i" : "JOE_USD",
      "m" : "4611686018430055764"
    }, {
      "d" : "1756432776793010867",
      "t" : 1756432776793,
      "tn" : 1756432776793010867,
      "q" : "24",
      "p" : "0.16087",
      "s" : "buy",
      "i" : "JOE_USD",
      "m" : "4611686018430055763"
    }, {
      "d" : "1756430478329646166",
      "t" : 1756430478329,
      "tn" : 1756430478329646166,
      "q" : "37",
      "p" : "0.16057",
      "s" : "buy",
      "i" : "JOE_USD",
      "m" : "4611686018430055762"
    }, {
      "d" : "1756430475196528089",
      "t" : 1756430475196,
      "tn" : 1756430475196528089,
      "q" : "163",
      "p" : "0.16049",
      "s" : "buy",
      "i" : "JOE_USD",
      "m" : "4611686018430055761"
    }, {
      "d" : "1756415151125366640",
      "t" : 1756415151125,
      "tn" : 1756415151125366640,
      "q" : "576",
      "p" : "0.16070",
      "s" : "sell",
      "i" : "JOE_USD",
      "m" : "4611686018430055760"
    }, {
      "d" : "1756415151124460968",
      "t" : 1756415151124,
      "tn" : 1756415151124460968,
      "q" : "65",
      "p" : "0.16127",
      "s" : "sell",
      "i" : "JOE_USD",
      "m" : "4611686018430055759"
    }, {
      "d" : "1756414960300828818",
      "t" : 1756414960300,
      "tn" : 1756414960300828818,
      "q" : "494",
      "p" : "0.16178",
      "s" : "sell",
      "i" : "JOE_USD",
      "m" : "4611686018430055758"
    }, {
      "d" : "1756414869279256468",
      "t" : 1756414869279,
      "tn" : 1756414869279256468,
      "q" : "154",
      "p" : "0.16217",
      "s" : "sell",
      "i" : "JOE_USD",
      "m" : "4611686018430055757"
    }, {
      "d" : "1756414869262146826",
      "t" : 1756414869262,
      "tn" : 1756414869262146826,
      "q" : "1665",
      "p" : "0.16217",
      "s" : "sell",
      "i" : "JOE_USD",
      "m" : "4611686018430055756"
    }, {
      "d" : "1756414869242816205",
      "t" : 1756414869242,
      "tn" : 1756414869242816205,
      "q" : "1723",
      "p" : "0.16217",
      "s" : "sell",
      "i" : "JOE_USD",
      "m" : "4611686018430055755"
    }, {
      "d" : "1756414869226149350",
      "t" : 1756414869226,
      "tn" : 1756414869226149350,
      "q" : "285",
      "p" : "0.16217",
      "s" : "sell",
      "i" : "JOE_USD",
      "m" : "4611686018430055754"
    }, {
      "d" : "1756414869166998476",
      "t" : 1756414869166,
      "tn" : 1756414869166998476,
      "q" : "20",
      "p" : "0.16217",
      "s" : "sell",
      "i" : "JOE_USD",
      "m" : "4611686018430055753"
    }, {
      "d" : "1756414869166608711",
      "t" : 1756414869166,
      "tn" : 1756414869166608711,
      "q" : "2895",
      "p" : "0.16217",
      "s" : "sell",
      "i" : "JOE_USD",
      "m" : "4611686018430055752"
    }, {
      "d" : "1756414869162753191",
      "t" : 1756414869162,
      "tn" : 1756414869162753191,
      "q" : "86",
      "p" : "0.16217",
      "s" : "sell",
      "i" : "JOE_USD",
      "m" : "4611686018430055751"
    }, {
      "d" : "1756414815013555622",
      "t" : 1756414815013,
      "tn" : 1756414815013555622,
      "q" : "1230",
      "p" : "0.16227",
      "s" : "sell",
      "i" : "JOE_USD",
      "m" : "4611686018430055750"
    }, {
      "d" : "1756414805844609838",
      "t" : 1756414805844,
      "tn" : 1756414805844609838,
      "q" : "37",
      "p" : "0.16258",
      "s" : "sell",
      "i" : "JOE_USD",
      "m" : "4611686018430055749"
    }, {
      "d" : "1756414805826725817",
      "t" : 1756414805826,
      "tn" : 1756414805826725817,
      "q" : "2460",
      "p" : "0.16258",
      "s" : "sell",
      "i" : "JOE_USD",
      "m" : "4611686018430055748"
    }, {
      "d" : "1756414805822233439",
      "t" : 1756414805822,
      "tn" : 1756414805822233439,
      "q" : "4336",
      "p" : "0.16258",
      "s" : "buy",
      "i" : "JOE_USD",
      "m" : "4611686018430055747"
    }, {
      "d" : "1756401384451706672",
      "t" : 1756401384451,
      "tn" : 1756401384451706672,
      "q" : "42",
      "p" : "0.16191",
      "s" : "buy",
      "i" : "JOE_USD",
      "m" : "4611686018430055746"
    }, {
      "d" : "1756401328695111483",
      "t" : 1756401328695,
      "tn" : 1756401328695111483,
      "q" : "102",
      "p" : "0.16211",
      "s" : "buy",
      "i" : "JOE_USD",
      "m" : "4611686018430055745"
    }, {
      "d" : "1756395317976250391",
      "t" : 1756395317976,
      "tn" : 1756395317976250391,
      "q" : "2735",
      "p" : "0.16609",
      "s" : "buy",
      "i" : "JOE_USD",
      "m" : "4611686018430055744"
    }, {
      "d" : "1756395200477879059",
      "t" : 1756395200477,
      "tn" : 1756395200477879059,
      "q" : "59",
      "p" : "0.16609",
      "s" : "buy",
      "i" : "JOE_USD",
      "m" : "4611686018430055743"
    }, {
      "d" : "1756394752330140626",
      "t" : 1756394752330,
      "tn" : 1756394752330140626,
      "q" : "50",
      "p" : "0.16640",
      "s" : "buy",
      "i" : "JOE_USD",
      "m" : "4611686018430055742"
    }, {
      "d" : "1756394751548857412",
      "t" : 1756394751548,
      "tn" : 1756394751548857412,
      "q" : "98",
      "p" : "0.16609",
      "s" : "sell",
      "i" : "JOE_USD",
      "m" : "4611686018430055741"
    }, {
      "d" : "1756394751431712725",
      "t" : 1756394751431,
      "tn" : 1756394751431712725,
      "q" : "98",
      "p" : "0.16609",
      "s" : "sell",
      "i" : "JOE_USD",
      "m" : "4611686018430055740"
    }, {
      "d" : "1756394751232518750",
      "t" : 1756394751232,
      "tn" : 1756394751232518750,
      "q" : "13",
      "p" : "0.16609",
      "s" : "sell",
      "i" : "JOE_USD",
      "m" : "4611686018430055739"
    }, {
      "d" : "1756394751229030408",
      "t" : 1756394751229,
      "tn" : 1756394751229030408,
      "q" : "4336",
      "p" : "0.16609",
      "s" : "buy",
      "i" : "JOE_USD",
      "m" : "4611686018430055738"
    }, {
      "d" : "1756394433604466661",
      "t" : 1756394433604,
      "tn" : 1756394433604466661,
      "q" : "1220",
      "p" : "0.16648",
      "s" : "sell",
      "i" : "JOE_USD",
      "m" : "4611686018430055737"
    }, {
      "d" : "1756393947941302050",
      "t" : 1756393947941,
      "tn" : 1756393947941302050,
      "q" : "142",
      "p" : "0.16666",
      "s" : "sell",
      "i" : "JOE_USD",
      "m" : "4611686018430055736"
    }, {
      "d" : "1756393655592262725",
      "t" : 1756393655592,
      "tn" : 1756393655592262725,
      "q" : "229",
      "p" : "0.16668",
      "s" : "sell",
      "i" : "JOE_USD",
      "m" : "4611686018430055735"
    }, {
      "d" : "1756393609922942550",
      "t" : 1756393609922,
      "tn" : 1756393609922942550,
      "q" : "298",
      "p" : "0.16711",
      "s" : "sell",
      "i" : "JOE_USD",
      "m" : "4611686018430055734"
    }, {
      "d" : "1756393556090960207",
      "t" : 1756393556090,
      "tn" : 1756393556090960207,
      "q" : "1199",
      "p" : "0.16668",
      "s" : "sell",
      "i" : "JOE_USD",
      "m" : "4611686018430055733"
    }, {
      "d" : "1756393552925954219",
      "t" : 1756393552925,
      "tn" : 1756393552925954219,
      "q" : "1209",
      "p" : "0.16668",
      "s" : "sell",
      "i" : "JOE_USD",
      "m" : "4611686018430055732"
    }, {
      "d" : "1756390843843838660",
      "t" : 1756390843843,
      "tn" : 1756390843843838660,
      "q" : "33",
      "p" : "0.16648",
      "s" : "sell",
      "i" : "JOE_USD",
      "m" : "4611686018430055731"
    }, {
      "d" : "1756387274969872884",
      "t" : 1756387274969,
      "tn" : 1756387274969872884,
      "q" : "30",
      "p" : "0.16438",
      "s" : "sell",
      "i" : "JOE_USD",
      "m" : "4611686018430055730"
    }, {
      "d" : "1756387208192278746",
      "t" : 1756387208192,
      "tn" : 1756387208192278746,
      "q" : "122",
      "p" : "0.16438",
      "s" : "sell",
      "i" : "JOE_USD",
      "m" : "4611686018430055729"
    }, {
      "d" : "1756387208176182426",
      "t" : 1756387208176,
      "tn" : 1756387208176182426,
      "q" : "243",
      "p" : "0.16438",
      "s" : "sell",
      "i" : "JOE_USD",
      "m" : "4611686018430055728"
    }, {
      "d" : "1756387208157864678",
      "t" : 1756387208157,
      "tn" : 1756387208157864678,
      "q" : "1217",
      "p" : "0.16438",
      "s" : "sell",
      "i" : "JOE_USD",
      "m" : "4611686018430055727"
    }, {
      "d" : "1756387208157857055",
      "t" : 1756387208157,
      "tn" : 1756387208157857055,
      "q" : "3042",
      "p" : "0.16438",
      "s" : "sell",
      "i" : "JOE_USD",
      "m" : "4611686018430055726"
    }, {
      "d" : "1756383613584917095",
      "t" : 1756383613584,
      "tn" : 1756383613584917095,
      "q" : "8",
      "p" : "0.16300",
      "s" : "sell",
      "i" : "JOE_USD",
      "m" : "4611686018430055725"
    }, {
      "d" : "1756382165128913047",
      "t" : 1756382165128,
      "tn" : 1756382165128913047,
      "q" : "100",
      "p" : "0.16358",
      "s" : "buy",
      "i" : "JOE_USD",
      "m" : "4611686018430055724"
    }, {
      "d" : "1756381341440282105",
      "t" : 1756381341440,
      "tn" : 1756381341440282105,
      "q" : "41",
      "p" : "0.16260",
      "s" : "buy",
      "i" : "JOE_USD",
      "m" : "4611686018430055723"
    } ]
  }
}