{
  "id" : -1,
  "method" : "public/get-trades",
  "code" : 0,
  "result" : {
    "data" : [ {
      "d" : "1756443700590671351",
      "t" : 1756443700590,
      "tn" : 1756443700590671351,
      "q" : "1",
      "p" : "0.16102",
      "s" : "sell",
      "i" : "JOEUSD-PERP",
      "m" : "4611686018429356329"
    }, {
      "d" : "1756439344619419785",
      "t" : 1756439344619,
      "tn" : 1756439344619419785,
      "q" : "61",
      "p" : "0.16263",
      "s" : "buy",
      "i" : "JOEUSD-PERP",
      "m" : "4611686018429356328"
    }, {
      "d" : "1756439335926168285",
      "t" : 1756439335926,
      "tn" : 1756439335926168285,
      "q" : "1",
      "p" : "0.16268",
      "s" : "buy",
      "i" : "JOEUSD-PERP",
      "m" : "4611686018429356327"
    }, {
      "d" : "1756439335922247012",
      "t" : 1756439335922,
      "tn" : 1756439335922247012,
      "q" : "61",
      "p" : "0.16263",
      "s" : "buy",
      "i" : "JOEUSD-PERP",
      "m" : "4611686018429356326"
    }, {
      "d" : "1756439335604585401",
      "t" : 1756439335604,
      "tn" : 1756439335604585401,
      "q" : "61",
      "p" : "0.16263",
      "s" : "buy",
      "i" : "JOEUSD-PERP",
      "m" : "4611686018429356325"
    }, {
      "d" : "1756432870860482426",
      "t" : 1756432870860,
      "tn" : 1756432870860482426,
      "q" : "1",
      "p" : "0.16076",
      "s" : "buy",
      "i" : "JOEUSD-PERP",
      "m" : "4611686018429356324"
    }, {
      "d" : "1756432870856562913",
      "t" : 1756432870856,
      "tn" : 1756432870856562913,
      "q" : "62",
      "p" : "0.16074",
      "s" : "buy",
      "i" : "JOEUSD-PERP",
      "m" : "4611686018429356323"
    }, {
      "d" : "1756432869373528561",
      "t" : 1756432869373,
      "tn" : 1756432869373528561,
      "q" : "1",
      "p" : "0.16077",
      "s" : "buy",
      "i" : "JOEUSD-PERP",
      "m" : "4611686018429356322"
    }, {
      "d" : "1756432869368028230",
      "t" : 1756432869368,
      "tn" : 1756432869368028230,
      "q" : "62",
      "p" : "0.16074",
      "s" : "buy",
      "i" : "JOEUSD-PERP",
      "m" : "4611686018429356321"
    }, {
      "d" : "1756432865643568939",
      "t" : 1756432865643,
      "tn" : 1756432865643568939,
      "q" : "62",
      "p" : "0.16074",
      "s" : "buy",
      "i" : "JOEUSD-PERP",
      "m" : "4611686018429356320"
    }, {
      "d" : "1756432865296658815",
      "t" : 1756432865296,
      "tn" : 1756432865296658815,
      "q" : "1",
      "p" : "0.16074",
      "s" : "buy",
      "i" : "JOEUSD-PERP",
      "m" : "4611686018429356319"
    }, {
      "d" : "1756432865292668056",
      "t" : 1756432865292,
      "tn" : 1756432865292668056,
      "q" : "62",
      "p" : "0.16074",
      "s" : "buy",
      "i" : "JOEUSD-PERP",
      "m" : "4611686018429356318"
    }, {
      "d" : "1756415151119008637",
      "t" : 1756415151119,
      "tn" : 1756415151119008637,
      "q" : "1233",
      "p" : "0.16098",
      "s" : "sell",
      "i" : "JOEUSD-PERP",
      "m" : "4611686018429356317"
    }, {
      "d" : "1756415151119006914",
      "t" : 1756415151119,
      "tn" : 1756415151119006914,
      "q" : "1",
      "p" : "0.16118",
      "s" : "sell",
      "i" : "JOEUSD-PERP",
      "m" : "4611686018429356316"
    }, {
      "d" : "1756415151119004349",
      "t" : 1756415151119,
      "tn" : 1756415151119004349,
      "q" : "1",
      "p" : "0.16120",
      "s" : "sell",
      "i" : "JOEUSD-PERP",
      "m" : "4611686018429356315"
    }, {
      "d" : "1756414869167057405",
      "t" : 1756414869167,
      "tn" : 1756414869167057405,
      "q" : "567",
      "p" : "0.16191",
      "s" : "sell",
      "i" : "JOEUSD-PERP",
      "m" : "4611686018429356314"
    }, {
      "d" : "1756414869166956820",
      "t" : 1756414869166,
      "tn" : 1756414869166956820,
      "q" : "1",
      "p" : "0.16210",
      "s" : "sell",
      "i" : "JOEUSD-PERP",
      "m" : "4611686018429356313"
    }, {
      "d" : "1756414823713454762",
      "t" : 1756414823713,
      "tn" : 1756414823713454762,
      "q" : "1",
      "p" : "0.16212",
      "s" : "buy",
      "i" : "JOEUSD-PERP",
      "m" : "4611686018429356312"
    }, {
      "d" : "1756414823133326507",
      "t" : 1756414823133,
      "tn" : 1756414823133326507,
      "q" : "1",
      "p" : "0.16214",
      "s" : "buy",
      "i" : "JOEUSD-PERP",
      "m" : "4611686018429356311"
    }, {
      "d" : "1756414820653349593",
      "t" : 1756414820653,
      "tn" : 1756414820653349593,
      "q" : "1",
      "p" : "0.16215",
      "s" : "buy",
      "i" : "JOEUSD-PERP",
      "m" : "4611686018429356310"
    }, {
      "d" : "1756414819813375995",
      "t" : 1756414819813,
      "tn" : 1756414819813375995,
      "q" : "1",
      "p" : "0.16218",
      "s" : "buy",
      "i" : "JOEUSD-PERP",
      "m" : "4611686018429356309"
    }, {
      "d" : "1756414818783717467",
      "t" : 1756414818783,
      "tn" : 1756414818783717467,
      "q" : "1",
      "p" : "0.16218",
      "s" : "buy",
      "i" : "JOEUSD-PERP",
      "m" : "4611686018429356308"
    }, {
      "d" : "1756414818273381425",
      "t" : 1756414818273,
      "tn" : 1756414818273381425,
      "q" : "1",
      "p" : "0.16218",
      "s" : "buy",
      "i" : "JOEUSD-PERP",
      "m" : "4611686018429356307"
    }, {
      "d" : "1756414815012512806",
      "t" : 1756414815012,
      "tn" : 1756414815012512806,
      "q" : "1231",
      "p" : "0.16221",
      "s" : "sell",
      "i" : "JOEUSD-PERP",
      "m" : "4611686018429356306"
    }, {
      "d" : "1756412663360185822",
      "t" : 1756412663360,
      "tn" : 1756412663360185822,
      "q" : "1232",
      "p" : "0.16227",
      "s" : "buy",
      "i" : "JOEUSD-PERP",
      "m" : "4611686018429356305"
    }, {
      "d" : "1756412663360182945",
      "t" : 1756412663360,
      "tn" : 1756412663360182945,
      "q" : "1",
      "p" : "0.16220",
      "s" : "buy",
      "i" : "JOEUSD-PERP",
      "m" : "4611686018429356304"
    }, {
      "d" : "1756400371243335356",
      "t" : 1756400371243,
      "tn" : 1756400371243335356,
      "q" : "1",
      "p" : "0.16256",
      "s" : "sell",
      "i" : "JOEUSD-PERP",
      "m" : "4611686018429356303"
    }, {
      "d" : "1756394433603377732",
      "t" : 1756394433603,
      "tn" : 1756394433603377732,
      "q" : "1203",
      "p" : "0.16614",
      "s" : "sell",
      "i" : "JOEUSD-PERP",
      "m" : "4611686018429356302"
    }, {
      "d" : "1756393947953339210",
      "t" : 1756393947953,
      "tn" : 1756393947953339210,
      "q" : "1",
      "p" : "0.16617",
      "s" : "buy",
      "i" : "JOEUSD-PERP",
      "m" : "4611686018429356301"
    }, {
      "d" : "1756393878313336241",
      "t" : 1756393878313,
      "tn" : 1756393878313336241,
      "q" : "1",
      "p" : "0.16588",
      "s" : "buy",
      "i" : "JOEUSD-PERP",
      "m" : "4611686018429356300"
    }, {
      "d" : "1756393808733338035",
      "t" : 1756393808733,
      "tn" : 1756393808733338035,
      "q" : "1",
      "p" : "0.16602",
      "s" : "buy",
      "i" : "JOEUSD-PERP",
      "m" : "4611686018429356299"
    }, {
      "d" : "1756393655233334657",
      "t" : 1756393655233,
      "tn" : 1756393655233334657,
      "q" : "1",
      "p" : "0.16644",
      "s" : "buy",
      "i" : "JOEUSD-PERP",
      "m" : "4611686018429356298"
    }, {
      "d" : "1756393627243362519",
      "t" : 1756393627243,
      "tn" : 1756393627243362519,
      "q" : "1",
      "p" : "0.16658",
      "s" : "buy",
      "i" : "JOEUSD-PERP",
      "m" : "4611686018429356297"
    }, {
      "d" : "1756393610363400142",
      "t" : 1756393610363,
      "tn" : 1756393610363400142,
      "q" : "1",
      "p" : "0.16662",
      "s" : "buy",
      "i" : "JOEUSD-PERP",
      "m" : "4611686018429356296"
    }, {
      "d" : "1756393610363397788",
      "t" : 1756393610363,
      "tn" : 1756393610363397788,
      "q" : "1",
      "p" : "0.16655",
      "s" : "buy",
      "i" : "JOEUSD-PERP",
      "m" : "4611686018429356295"
    }, {
      "d" : "1756393609921595796",
      "t" : 1756393609921,
      "tn" : 1756393609921595796,
      "q" : "298",
      "p" : "0.16668",
      "s" : "sell",
      "i" : "JOEUSD-PERP",
      "m" : "4611686018429356294"
    }, {
      "d" : "1756393609853376461",
      "t" : 1756393609853,
      "tn" : 1756393609853376461,
      "q" : "1",
      "p" : "0.16662",
      "s" : "buy",
      "i" : "JOEUSD-PERP",
      "m" : "4611686018429356293"
    }, {
      "d" : "1756393609853374010",
      "t" : 1756393609853,
      "tn" : 1756393609853374010,
      "q" : "1",
      "p" : "0.16655",
      "s" : "buy",
      "i" : "JOEUSD-PERP",
      "m" : "4611686018429356292"
    }, {
      "d" : "1756393605033394745",
      "t" : 1756393605033,
      "tn" : 1756393605033394745,
      "q" : "1",
      "p" : "0.16653",
      "s" : "buy",
      "i" : "JOEUSD-PERP",
      "m" : "4611686018429356291"
    }, {
      "d" : "1756393604523325355",
      "t" : 1756393604523,
      "tn" : 1756393604523325355,
      "q" : "1",
      "p" : "0.16653",
      "s" : "buy",
      "i" : "JOEUSD-PERP",
      "m" : "4611686018429356290"
    }, {
      "d" : "1756393595673316465",
      "t" : 1756393595673,
      "tn" : 1756393595673316465,
      "q" : "1",
      "p" : "0.16662",
      "s" : "buy",
      "i" : "JOEUSD-PERP",
      "m" : "4611686018429356289"
    }, {
      "d" : "1756393592973347145",
      "t" : 1756393592973,
      "tn" : 1756393592973347145,
      "q" : "1",
      "p" : "0.16665",
      "s" : "buy",
      "i" : "JOEUSD-PERP",
      "m" : "4611686018429356288"
    }, {
      "d" : "1756393592203345856",
      "t" : 1756393592203,
      "tn" : 1756393592203345856,
      "q" : "1",
      "p" : "0.16663",
      "s" : "buy",
      "i" : "JOEUSD-PERP",
      "m" : "4611686018429356287"
    }, {
      "d" : "1756393581303338572",
      "t" : 1756393581303,
      "tn" : 1756393581303338572,
      "q" : "1",
      "p" : "0.16669",
      "s" : "buy",
      "i" : "JOEUSD-PERP",
      "m" : "4611686018429356286"
    }, {
      "d" : "1756393579083303864",
      "t" : 1756393579083,
      "tn" : 1756393579083303864,
      "q" : "1",
      "p" : "0.16669",
      "s" : "buy",
      "i" : "JOEUSD-PERP",
      "m" : "4611686018429356285"
    }, {
      "d" : "1756393576163353250",
      "t" : 1756393576163,
      "tn" : 1756393576163353250,
      "q" : "1",
      "p" : "0.16671",
      "s" : "buy",
      "i" : "JOEUSD-PERP",
      "m" : "4611686018429356284"
    }, {
      "d" : "1756393556089912676",
      "t" : 1756393556089,
      "tn" : 1756393556089912676,
      "q" : "1199",
      "p" : "0.16653",
      "s" : "sell",
      "i" : "JOEUSD-PERP",
      "m" : "4611686018429356283"
    }, {
      "d" : "1756393552924890177",
      "t" : 1756393552924,
      "tn" : 1756393552924890177,
      "q" : "1199",
      "p" : "0.16653",
      "s" : "sell",
      "i" : "JOEUSD-PERP",
      "m" : "4611686018429356282"
    }, {
      "d" : "1756387208153419542",
      "t" : 1756387208153,
      "tn" : 1756387208153419542,
      "q" : "1",
      "p" : "0.16394",
      "s" : "buy",
      "i" : "JOEUSD-PERP",
      "m" : "4611686018429356281"
    }, {
      "d" : "1756387208153417331",
      "t" : 1756387208153,
      "tn" : 1756387208153417331,
      "q" : "1",
      "p" : "0.16387",
      "s" : "buy",
      "i" : "JOEUSD-PERP",
      "m" : "4611686018429356280"
    } ]
  }
}