{
  "id" : -1,
  "method" : "public/get-trades",
  "code" : 0,
  "result" : {
    "data" : [ {
      "d" : "1756458204956065379",
      "t" : 1756458204956,
      "tn" : 1756458204956065379,
      "q" : "5.6",
      "p" : "1.9537",
      "s" : "sell",
      "i" : "JTO_USD",
      "m" : "4611686018428655169"
    }, {
      "d" : "1756456870592676176",
      "t" : 1756456870592,
      "tn" : 1756456870592676176,
      "q" : "6.8",
      "p" : "1.9843",
      "s" : "buy",
      "i" : "JTO_USD",
      "m" : "4611686018428655168"
    }, {
      "d" : "1756455220093470577",
      "t" : 1756455220093,
      "tn" : 1756455220093470577,
      "q" : "6.8",
      "p" : "1.9761",
      "s" : "sell",
      "i" : "JTO_USD",
      "m" : "4611686018428655167"
    }, {
      "d" : "1756453135621463234",
      "t" : 1756453135621,
      "tn" : 1756453135621463234,
      "q" : "69.5",
      "p" : "1.9968",
      "s" : "buy",
      "i" : "JTO_USD",
      "m" : "4611686018428655166"
    }, {
      "d" : "1756452415477005703",
      "t" : 1756452415477,
      "tn" : 1756452415477005703,
      "q" : "14.4",
      "p" : "1.9800",
      "s" : "sell",
      "i" : "JTO_USD",
      "m" : "4611686018428655165"
    }, {
      "d" : "1756452403467857797",
      "t" : 1756452403467,
      "tn" : 1756452403467857797,
      "q" : "50.3",
      "p" : "1.9800",
      "s" : "sell",
      "i" : "JTO_USD",
      "m" : "4611686018428655164"
    }, {
      "d" : "1756452397035904503",
      "t" : 1756452397035,
      "tn" : 1756452397035904503,
      "q" : "55.3",
      "p" : "1.9800",
      "s" : "sell",
      "i" : "JTO_USD",
      "m" : "4611686018428655163"
    }, {
      "d" : "1756451778016350790",
      "t" : 1756451778016,
      "tn" : 1756451778016350790,
      "q" : "49.0",
      "p" : "1.9840",
      "s" : "sell",
      "i" : "JTO_USD",
      "m" : "4611686018428655162"
    }, {
      "d" : "1756451778013010528",
      "t" : 1756451778013,
      "tn" : 1756451778013010528,
      "q" : "50.9",
      "p" : "1.9845",
      "s" : "sell",
      "i" : "JTO_USD",
      "m" : "4611686018428655161"
    }, {
      "d" : "1756451778012145369",
      "t" : 1756451778012,
      "tn" : 1756451778012145369,
      "q" : "50.3",
      "p" : "1.9878",
      "s" : "sell",
      "i" : "JTO_USD",
      "m" : "4611686018428655160"
    }, {
      "d" : "1756449011948875102",
      "t" : 1756449011948,
      "tn" : 1756449011948875102,
      "q" : "49.5",
      "p" : "2.0177",
      "s" : "sell",
      "i" : "JTO_USD",
      "m" : "4611686018428655159"
    }, {
      "d" : "1756447912536787646",
      "t" : 1756447912536,
      "tn" : 1756447912536787646,
      "q" : "5.4",
      "p" : "2.0291",
      "s" : "buy",
      "i" : "JTO_USD",
      "m" : "4611686018428655158"
    }, {
      "d" : "1756447681519674296",
      "t" : 1756447681519,
      "tn" : 1756447681519674296,
      "q" : "54.1",
      "p" : "2.0408",
      "s" : "buy",
      "i" : "JTO_USD",
      "m" : "4611686018428655157"
    }, {
      "d" : "1756447043036606759",
      "t" : 1756447043036,
      "tn" : 1756447043036606759,
      "q" : "5.4",
      "p" : "2.0452",
      "s" : "buy",
      "i" : "JTO_USD",
      "m" : "4611686018428655156"
    }, {
      "d" : "1756446492651788658",
      "t" : 1756446492651,
      "tn" : 1756446492651788658,
      "q" : "122.4",
      "p" : "2.0504",
      "s" : "sell",
      "i" : "JTO_USD",
      "m" : "4611686018428655155"
    }, {
      "d" : "1756446492648198384",
      "t" : 1756446492648,
      "tn" : 1756446492648198384,
      "q" : "60.9",
      "p" : "2.0504",
      "s" : "buy",
      "i" : "JTO_USD",
      "m" : "4611686018428655154"
    }, {
      "d" : "1756445247273332275",
      "t" : 1756445247273,
      "tn" : 1756445247273332275,
      "q" : "315.5",
      "p" : "2.0357",
      "s" : "buy",
      "i" : "JTO_USD",
      "m" : "4611686018428655153"
    }, {
      "d" : "1756445247268708285",
      "t" : 1756445247268,
      "tn" : 1756445247268708285,
      "q" : "49.1",
      "p" : "2.0357",
      "s" : "sell",
      "i" : "JTO_USD",
      "m" : "4611686018428655152"
    }, {
      "d" : "1756445205315349477",
      "t" : 1756445205315,
      "tn" : 1756445205315349477,
      "q" : "8.5",
      "p" : "2.0408",
      "s" : "buy",
      "i" : "JTO_USD",
      "m" : "4611686018428655151"
    }, {
      "d" : "1756443345917369810",
      "t" : 1756443345917,
      "tn" : 1756443345917369810,
      "q" : "5.3",
      "p" : "2.0539",
      "s" : "buy",
      "i" : "JTO_USD",
      "m" : "4611686018428655150"
    }, {
      "d" : "1756443054134568834",
      "t" : 1756443054134,
      "tn" : 1756443054134568834,
      "q" : "8.0",
      "p" : "2.0677",
      "s" : "buy",
      "i" : "JTO_USD",
      "m" : "4611686018428655149"
    }, {
      "d" : "1756441831497705026",
      "t" : 1756441831497,
      "tn" : 1756441831497705026,
      "q" : "36.8",
      "p" : "2.0617",
      "s" : "sell",
      "i" : "JTO_USD",
      "m" : "4611686018428655148"
    }, {
      "d" : "1756441487287811590",
      "t" : 1756441487287,
      "tn" : 1756441487287811590,
      "q" : "6.0",
      "p" : "2.0666",
      "s" : "sell",
      "i" : "JTO_USD",
      "m" : "4611686018428655147"
    }, {
      "d" : "1756441426967850507",
      "t" : 1756441426967,
      "tn" : 1756441426967850507,
      "q" : "36.8",
      "p" : "2.0673",
      "s" : "buy",
      "i" : "JTO_USD",
      "m" : "4611686018428655146"
    }, {
      "d" : "1756441374055615515",
      "t" : 1756441374055,
      "tn" : 1756441374055615515,
      "q" : "6.9",
      "p" : "2.0612",
      "s" : "sell",
      "i" : "JTO_USD",
      "m" : "4611686018428655145"
    }, {
      "d" : "1756441154826420999",
      "t" : 1756441154826,
      "tn" : 1756441154826420999,
      "q" : "5.9",
      "p" : "2.0587",
      "s" : "sell",
      "i" : "JTO_USD",
      "m" : "4611686018428655144"
    }, {
      "d" : "1756440943904816330",
      "t" : 1756440943904,
      "tn" : 1756440943904816330,
      "q" : "5.6",
      "p" : "2.0536",
      "s" : "sell",
      "i" : "JTO_USD",
      "m" : "4611686018428655143"
    }, {
      "d" : "1756440594810273755",
      "t" : 1756440594810,
      "tn" : 1756440594810273755,
      "q" : "5.4",
      "p" : "2.0628",
      "s" : "sell",
      "i" : "JTO_USD",
      "m" : "4611686018428655142"
    }, {
      "d" : "1756440437863506785",
      "t" : 1756440437863,
      "tn" : 1756440437863506785,
      "q" : "7.9",
      "p" : "2.0649",
      "s" : "sell",
      "i" : "JTO_USD",
      "m" : "4611686018428655141"
    }, {
      "d" : "1756439673393571627",
      "t" : 1756439673393,
      "tn" : 1756439673393571627,
      "q" : "5.1",
      "p" : "2.0698",
      "s" : "sell",
      "i" : "JTO_USD",
      "m" : "4611686018428655140"
    }, {
      "d" : "1756439563948326901",
      "t" : 1756439563948,
      "tn" : 1756439563948326901,
      "q" : "190.4",
      "p" : "2.0677",
      "s" : "buy",
      "i" : "JTO_USD",
      "m" : "4611686018428655139"
    }, {
      "d" : "1756439563948324286",
      "t" : 1756439563948,
      "tn" : 1756439563948324286,
      "q" : "21.9",
      "p" : "2.0676",
      "s" : "buy",
      "i" : "JTO_USD",
      "m" : "4611686018428655138"
    }, {
      "d" : "1756438128754256183",
      "t" : 1756438128754,
      "tn" : 1756438128754256183,
      "q" : "14.0",
      "p" : "2.0506",
      "s" : "buy",
      "i" : "JTO_USD",
      "m" : "4611686018428655137"
    }, {
      "d" : "1756436638913358038",
      "t" : 1756436638913,
      "tn" : 1756436638913358038,
      "q" : "21.0",
      "p" : "2.0458",
      "s" : "buy",
      "i" : "JTO_USD",
      "m" : "4611686018428655136"
    }, {
      "d" : "1756434575695586353",
      "t" : 1756434575695,
      "tn" : 1756434575695586353,
      "q" : "100.4",
      "p" : "2.0739",
      "s" : "sell",
      "i" : "JTO_USD",
      "m" : "4611686018428655135"
    }, {
      "d" : "1756433723612209111",
      "t" : 1756433723612,
      "tn" : 1756433723612209111,
      "q" : "175.9",
      "p" : "2.0585",
      "s" : "sell",
      "i" : "JTO_USD",
      "m" : "4611686018428655134"
    }, {
      "d" : "1756433468804490035",
      "t" : 1756433468804,
      "tn" : 1756433468804490035,
      "q" : "7.3",
      "p" : "2.0476",
      "s" : "sell",
      "i" : "JTO_USD",
      "m" : "4611686018428655133"
    }, {
      "d" : "1756433333601269619",
      "t" : 1756433333601,
      "tn" : 1756433333601269619,
      "q" : "198.5",
      "p" : "2.0436",
      "s" : "sell",
      "i" : "JTO_USD",
      "m" : "4611686018428655132"
    }, {
      "d" : "1756430491065664122",
      "t" : 1756430491065,
      "tn" : 1756430491065664122,
      "q" : "49.6",
      "p" : "2.0141",
      "s" : "sell",
      "i" : "JTO_USD",
      "m" : "4611686018428655131"
    }, {
      "d" : "1756429861303004620",
      "t" : 1756429861303,
      "tn" : 1756429861303004620,
      "q" : "8.9",
      "p" : "2.0260",
      "s" : "sell",
      "i" : "JTO_USD",
      "m" : "4611686018428655130"
    }, {
      "d" : "1756429861301540517",
      "t" : 1756429861301,
      "tn" : 1756429861301540517,
      "q" : "17.3",
      "p" : "2.0260",
      "s" : "buy",
      "i" : "JTO_USD",
      "m" : "4611686018428655129"
    }, {
      "d" : "1756429387226674732",
      "t" : 1756429387226,
      "tn" : 1756429387226674732,
      "q" : "5.6",
      "p" : "2.0350",
      "s" : "buy",
      "i" : "JTO_USD",
      "m" : "4611686018428655128"
    }, {
      "d" : "1756428124429695339",
      "t" : 1756428124429,
      "tn" : 1756428124429695339,
      "q" : "10.7",
      "p" : "2.0513",
      "s" : "sell",
      "i" : "JTO_USD",
      "m" : "4611686018428655127"
    }, {
      "d" : "1756427767721599414",
      "t" : 1756427767721,
      "tn" : 1756427767721599414,
      "q" : "12.2",
      "p" : "2.0527",
      "s" : "sell",
      "i" : "JTO_USD",
      "m" : "4611686018428655126"
    }, {
      "d" : "1756427447365546047",
      "t" : 1756427447365,
      "tn" : 1756427447365546047,
      "q" : "7.5",
      "p" : "2.0658",
      "s" : "buy",
      "i" : "JTO_USD",
      "m" : "4611686018428655125"
    }, {
      "d" : "1756427262034603513",
      "t" : 1756427262034,
      "tn" : 1756427262034603513,
      "q" : "8.2",
      "p" : "2.0627",
      "s" : "buy",
      "i" : "JTO_USD",
      "m" : "4611686018428655124"
    }, {
      "d" : "1756426712169958148",
      "t" : 1756426712169,
      "tn" : 1756426712169958148,
      "q" : "196.3",
      "p" : "2.0520",
      "s" : "buy",
      "i" : "JTO_USD",
      "m" : "4611686018428655123"
    }, {
      "d" : "1756426635033957987",
      "t" : 1756426635033,
      "tn" : 1756426635033957987,
      "q" : "16.3",
      "p" : "2.0443",
      "s" : "buy",
      "i" : "JTO_USD",
      "m" : "4611686018428655122"
    }, {
      "d" : "1756426218932283241",
      "t" : 1756426218932,
      "tn" : 1756426218932283241,
      "q" : "9.4",
      "p" : "2.0289",
      "s" : "sell",
      "i" : "JTO_USD",
      "m" : "4611686018428655121"
    }, {
      "d" : "1756426180825615043",
      "t" : 1756426180825,
      "tn" : 1756426180825615043,
      "q" : "5.2",
      "p" : "2.0291",
      "s" : "buy",
      "i" : "JTO_USD",
      "m" : "4611686018428655120"
    }, {
      "d" : "1756425878438338462",
      "t" : 1756425878438,
      "tn" : 1756425878438338462,
      "q" : "6.6",
      "p" : "2.0312",
      "s" : "buy",
      "i" : "JTO_USD",
      "m" : "4611686018428655119"
    }, {
      "d" : "1756425796550107003",
      "t" : 1756425796550,
      "tn" : 1756425796550107003,
      "q" : "7.2",
      "p" : "2.0312",
      "s" : "buy",
      "i" : "JTO_USD",
      "m" : "4611686018428655118"
    }, {
      "d" : "1756425494914172392",
      "t" : 1756425494914,
      "tn" : 1756425494914172392,
      "q" : "5.4",
      "p" : "2.0311",
      "s" : "buy",
      "i" : "JTO_USD",
      "m" : "4611686018428655117"
    }, {
      "d" : "1756425454101151117",
      "t" : 1756425454101,
      "tn" : 1756425454101151117,
      "q" : "7.9",
      "p" : "2.0314",
      "s" : "buy",
      "i" : "JTO_USD",
      "m" : "4611686018428655116"
    }, {
      "d" : "1756424538888543251",
      "t" : 1756424538888,
      "tn" : 1756424538888543251,
      "q" : "5.1",
      "p" : "2.0269",
      "s" : "sell",
      "i" : "JTO_USD",
      "m" : "4611686018428655115"
    }, {
      "d" : "1756424382652129196",
      "t" : 1756424382652,
      "tn" : 1756424382652129196,
      "q" : "7.3",
      "p" : "2.0325",
      "s" : "buy",
      "i" : "JTO_USD",
      "m" : "4611686018428655114"
    }, {
      "d" : "1756420698670308673",
      "t" : 1756420698670,
      "tn" : 1756420698670308673,
      "q" : "6.8",
      "p" : "2.0303",
      "s" : "sell",
      "i" : "JTO_USD",
      "m" : "4611686018428655113"
    }, {
      "d" : "1756420645415222725",
      "t" : 1756420645415,
      "tn" : 1756420645415222725,
      "q" : "7.4",
      "p" : "2.0297",
      "s" : "sell",
      "i" : "JTO_USD",
      "m" : "4611686018428655112"
    }, {
      "d" : "1756419899715793418",
      "t" : 1756419899715,
      "tn" : 1756419899715793418,
      "q" : "25.9",
      "p" : "2.0380",
      "s" : "buy",
      "i" : "JTO_USD",
      "m" : "4611686018428655111"
    }, {
      "d" : "1756419284889997410",
      "t" : 1756419284889,
      "tn" : 1756419284889997410,
      "q" : "61.4",
      "p" : "2.0342",
      "s" : "buy",
      "i" : "JTO_USD",
      "m" : "4611686018428655110"
    }, {
      "d" : "1756417264648513612",
      "t" : 1756417264648,
      "tn" : 1756417264648513612,
      "q" : "6.6",
      "p" : "2.0188",
      "s" : "sell",
      "i" : "JTO_USD",
      "m" : "4611686018428655109"
    }, {
      "d" : "1756417200487545568",
      "t" : 1756417200487,
      "tn" : 1756417200487545568,
      "q" : "8.1",
      "p" : "2.0159",
      "s" : "sell",
      "i" : "JTO_USD",
      "m" : "4611686018428655108"
    }, {
      "d" : "1756417194596945163",
      "t" : 1756417194596,
      "tn" : 1756417194596945163,
      "q" : "198.5",
      "p" : "2.0217",
      "s" : "sell",
      "i" : "JTO_USD",
      "m" : "4611686018428655107"
    }, {
      "d" : "1756417194596942360",
      "t" : 1756417194596,
      "tn" : 1756417194596942360,
      "q" : "49.4",
      "p" : "2.0218",
      "s" : "sell",
      "i" : "JTO_USD",
      "m" : "4611686018428655106"
    }, {
      "d" : "1756417048980987174",
      "t" : 1756417048980,
      "tn" : 1756417048980987174,
      "q" : "194.9",
      "p" : "2.0269",
      "s" : "buy",
      "i" : "JTO_USD",
      "m" : "4611686018428655105"
    }, {
      "d" : "1756416927465888529",
      "t" : 1756416927465,
      "tn" : 1756416927465888529,
      "q" : "197.3",
      "p" : "2.0248",
      "s" : "buy",
      "i" : "JTO_USD",
      "m" : "4611686018428655104"
    }, {
      "d" : "1756416909156853423",
      "t" : 1756416909156,
      "tn" : 1756416909156853423,
      "q" : "202.8",
      "p" : "2.0224",
      "s" : "buy",
      "i" : "JTO_USD",
      "m" : "4611686018428655103"
    }, {
      "d" : "1756416219853742706",
      "t" : 1756416219853,
      "tn" : 1756416219853742706,
      "q" : "8.8",
      "p" : "2.0222",
      "s" : "buy",
      "i" : "JTO_USD",
      "m" : "4611686018428655102"
    }, {
      "d" : "1756416219853740779",
      "t" : 1756416219853,
      "tn" : 1756416219853740779,
      "q" : "20.6",
      "p" : "2.0221",
      "s" : "buy",
      "i" : "JTO_USD",
      "m" : "4611686018428655101"
    }, {
      "d" : "1756414404732320782",
      "t" : 1756414404732,
      "tn" : 1756414404732320782,
      "q" : "0.8",
      "p" : "2.0202",
      "s" : "sell",
      "i" : "JTO_USD",
      "m" : "4611686018428655100"
    }, {
      "d" : "1756413744615740469",
      "t" : 1756413744615,
      "tn" : 1756413744615740469,
      "q" : "22.9",
      "p" : "2.0198",
      "s" : "buy",
      "i" : "JTO_USD",
      "m" : "4611686018428655099"
    }, {
      "d" : "1756413596643143913",
      "t" : 1756413596643,
      "tn" : 1756413596643143913,
      "q" : "10.0",
      "p" : "2.0199",
      "s" : "buy",
      "i" : "JTO_USD",
      "m" : "4611686018428655098"
    }, {
      "d" : "1756412849509974886",
      "t" : 1756412849509,
      "tn" : 1756412849509974886,
      "q" : "5.6",
      "p" : "2.0191",
      "s" : "sell",
      "i" : "JTO_USD",
      "m" : "4611686018428655097"
    }, {
      "d" : "1756407841970849884",
      "t" : 1756407841970,
      "tn" : 1756407841970849884,
      "q" : "6.2",
      "p" : "2.0281",
      "s" : "sell",
      "i" : "JTO_USD",
      "m" : "4611686018428655096"
    }, {
      "d" : "1756407248219810733",
      "t" : 1756407248219,
      "tn" : 1756407248219810733,
      "q" : "52.0",
      "p" : "2.0328",
      "s" : "buy",
      "i" : "JTO_USD",
      "m" : "4611686018428655095"
    }, {
      "d" : "1756402824027019941",
      "t" : 1756402824027,
      "tn" : 1756402824027019941,
      "q" : "164.4",
      "p" : "2.0254",
      "s" : "sell",
      "i" : "JTO_USD",
      "m" : "4611686018428655094"
    }, {
      "d" : "1756402142306293882",
      "t" : 1756402142306,
      "tn" : 1756402142306293882,
      "q" : "164.3",
      "p" : "2.0334",
      "s" : "sell",
      "i" : "JTO_USD",
      "m" : "4611686018428655093"
    }, {
      "d" : "1756400519406587451",
      "t" : 1756400519406,
      "tn" : 1756400519406587451,
      "q" : "36.9",
      "p" : "2.0125",
      "s" : "sell",
      "i" : "JTO_USD",
      "m" : "4611686018428655092"
    }, {
      "d" : "1756400086615394320",
      "t" : 1756400086615,
      "tn" : 1756400086615394320,
      "q" : "0.7",
      "p" : "2.0182",
      "s" : "sell",
      "i" : "JTO_USD",
      "m" : "4611686018428655091"
    }, {
      "d" : "1756398405181837636",
      "t" : 1756398405181,
      "tn" : 1756398405181837636,
      "q" : "7.1",
      "p" : "2.0393",
      "s" : "sell",
      "i" : "JTO_USD",
      "m" : "4611686018428655090"
    }, {
      "d" : "1756398188146485792",
      "t" : 1756398188146,
      "tn" : 1756398188146485792,
      "q" : "18.1",
      "p" : "2.0426",
      "s" : "buy",
      "i" : "JTO_USD",
      "m" : "4611686018428655089"
    }, {
      "d" : "1756398180776093960",
      "t" : 1756398180776,
      "tn" : 1756398180776093960,
      "q" : "28.9",
      "p" : "2.0426",
      "s" : "buy",
      "i" : "JTO_USD",
      "m" : "4611686018428655088"
    }, {
      "d" : "1756398180695893128",
      "t" : 1756398180695,
      "tn" : 1756398180695893128,
      "q" : "15.6",
      "p" : "2.0426",
      "s" : "buy",
      "i" : "JTO_USD",
      "m" : "4611686018428655087"
    }, {
      "d" : "1756398180692955803",
      "t" : 1756398180692,
      "tn" : 1756398180692955803,
      "q" : "48.9",
      "p" : "2.0426",
      "s" : "sell",
      "i" : "JTO_USD",
      "m" : "4611686018428655086"
    }, {
      "d" : "1756398053312841817",
      "t" : 1756398053312,
      "tn" : 1756398053312841817,
      "q" : "0.1",
      "p" : "2.0547",
      "s" : "sell",
      "i" : "JTO_USD",
      "m" : "4611686018428655085"
    }, {
      "d" : "1756398019171197966",
      "t" : 1756398019171,
      "tn" : 1756398019171197966,
      "q" : "148.5",
      "p" : "2.0547",
      "s" : "sell",
      "i" : "JTO_USD",
      "m" : "4611686018428655084"
    }, {
      "d" : "1756397983318988579",
      "t" : 1756397983318,
      "tn" : 1756397983318988579,
      "q" : "108.5",
      "p" : "2.0547",
      "s" : "sell",
      "i" : "JTO_USD",
      "m" : "4611686018428655083"
    }, {
      "d" : "1756396391835788949",
      "t" : 1756396391835,
      "tn" : 1756396391835788949,
      "q" : "308.0",
      "p" : "2.0450",
      "s" : "sell",
      "i" : "JTO_USD",
      "m" : "4611686018428655082"
    }, {
      "d" : "1756394852805731359",
      "t" : 1756394852805,
      "tn" : 1756394852805731359,
      "q" : "34.1",
      "p" : "2.0594",
      "s" : "buy",
      "i" : "JTO_USD",
      "m" : "4611686018428655081"
    }, {
      "d" : "1756394846694962484",
      "t" : 1756394846694,
      "tn" : 1756394846694962484,
      "q" : "190.5",
      "p" : "2.0585",
      "s" : "buy",
      "i" : "JTO_USD",
      "m" : "4611686018428655080"
    }, {
      "d" : "1756394684371547968",
      "t" : 1756394684371,
      "tn" : 1756394684371547968,
      "q" : "254.9",
      "p" : "2.0578",
      "s" : "sell",
      "i" : "JTO_USD",
      "m" : "4611686018428655079"
    }, {
      "d" : "1756394682475625609",
      "t" : 1756394682475,
      "tn" : 1756394682475625609,
      "q" : "196.0",
      "p" : "2.0578",
      "s" : "buy",
      "i" : "JTO_USD",
      "m" : "4611686018428655078"
    }, {
      "d" : "1756393728933218313",
      "t" : 1756393728933,
      "tn" : 1756393728933218313,
      "q" : "25.3",
      "p" : "2.0754",
      "s" : "sell",
      "i" : "JTO_USD",
      "m" : "4611686018428655077"
    }, {
      "d" : "1756393727774535200",
      "t" : 1756393727774,
      "tn" : 1756393727774535200,
      "q" : "33.2",
      "p" : "2.0754",
      "s" : "buy",
      "i" : "JTO_USD",
      "m" : "4611686018428655076"
    }, {
      "d" : "1756393537704993773",
      "t" : 1756393537704,
      "tn" : 1756393537704993773,
      "q" : "15.7",
      "p" : "2.0803",
      "s" : "buy",
      "i" : "JTO_USD",
      "m" : "4611686018428655075"
    }, {
      "d" : "1756393325624040476",
      "t" : 1756393325624,
      "tn" : 1756393325624040475,
      "q" : "37.6",
      "p" : "2.0815",
      "s" : "sell",
      "i" : "JTO_USD",
      "m" : "4611686018428655074"
    }, {
      "d" : "1756393325624040475",
      "t" : 1756393325624,
      "tn" : 1756393325624040475,
      "q" : "48.0",
      "p" : "2.0815",
      "s" : "sell",
      "i" : "JTO_USD",
      "m" : "4611686018428655074"
    }, {
      "d" : "1756393160195005829",
      "t" : 1756393160195,
      "tn" : 1756393160195005829,
      "q" : "60.0",
      "p" : "2.0827",
      "s" : "buy",
      "i" : "JTO_USD",
      "m" : "4611686018428655073"
    }, {
      "d" : "1756392703723456041",
      "t" : 1756392703723,
      "tn" : 1756392703723456041,
      "q" : "131.7",
      "p" : "2.0700",
      "s" : "sell",
      "i" : "JTO_USD",
      "m" : "4611686018428655072"
    }, {
      "d" : "1756392703721718646",
      "t" : 1756392703721,
      "tn" : 1756392703721718646,
      "q" : "175.8",
      "p" : "2.0700",
      "s" : "sell",
      "i" : "JTO_USD",
      "m" : "4611686018428655071"
    }, {
      "d" : "1756392703682669527",
      "t" : 1756392703682,
      "tn" : 1756392703682669527,
      "q" : "326.1",
      "p" : "2.0700",
      "s" : "sell",
      "i" : "JTO_USD",
      "m" : "4611686018428655070"
    }, {
      "d" : "1756392703680894429",
      "t" : 1756392703680,
      "tn" : 1756392703680894429,
      "q" : "186.4",
      "p" : "2.0700",
      "s" : "sell",
      "i" : "JTO_USD",
      "m" : "4611686018428655069"
    }, {
      "d" : "1756392703680822537",
      "t" : 1756392703680,
      "tn" : 1756392703680822537,
      "q" : "121.0",
      "p" : "2.0700",
      "s" : "sell",
      "i" : "JTO_USD",
      "m" : "4611686018428655068"
    }, {
      "d" : "1756392703670485816",
      "t" : 1756392703670,
      "tn" : 1756392703670485816,
      "q" : "259.0",
      "p" : "2.0700",
      "s" : "sell",
      "i" : "JTO_USD",
      "m" : "4611686018428655067"
    }, {
      "d" : "1756392172537897023",
      "t" : 1756392172537,
      "tn" : 1756392172537897023,
      "q" : "12.7",
      "p" : "2.0738",
      "s" : "sell",
      "i" : "JTO_USD",
      "m" : "4611686018428655066"
    }, {
      "d" : "1756392123812845690",
      "t" : 1756392123812,
      "tn" : 1756392123812845689,
      "q" : "17.6",
      "p" : "2.0727",
      "s" : "sell",
      "i" : "JTO_USD",
      "m" : "4611686018428655065"
    }, {
      "d" : "1756392123812845689",
      "t" : 1756392123812,
      "tn" : 1756392123812845689,
      "q" : "48.2",
      "p" : "2.0727",
      "s" : "sell",
      "i" : "JTO_USD",
      "m" : "4611686018428655065"
    }, {
      "d" : "1756391798568739266",
      "t" : 1756391798568,
      "tn" : 1756391798568739266,
      "q" : "78.9",
      "p" : "2.0635",
      "s" : "buy",
      "i" : "JTO_USD",
      "m" : "4611686018428655064"
    }, {
      "d" : "1756391793955531329",
      "t" : 1756391793955,
      "tn" : 1756391793955531329,
      "q" : "36.5",
      "p" : "2.0631",
      "s" : "buy",
      "i" : "JTO_USD",
      "m" : "4611686018428655063"
    }, {
      "d" : "1756391790805100515",
      "t" : 1756391790805,
      "tn" : 1756391790805100515,
      "q" : "48.5",
      "p" : "2.0639",
      "s" : "sell",
      "i" : "JTO_USD",
      "m" : "4611686018428655062"
    }, {
      "d" : "1756391790616512996",
      "t" : 1756391790616,
      "tn" : 1756391790616512996,
      "q" : "60.5",
      "p" : "2.0639",
      "s" : "buy",
      "i" : "JTO_USD",
      "m" : "4611686018428655061"
    }, {
      "d" : "1756391640702984729",
      "t" : 1756391640702,
      "tn" : 1756391640702984729,
      "q" : "10.0",
      "p" : "2.0634",
      "s" : "buy",
      "i" : "JTO_USD",
      "m" : "4611686018428655060"
    }, {
      "d" : "1756391546560846095",
      "t" : 1756391546560,
      "tn" : 1756391546560846095,
      "q" : "48.5",
      "p" : "2.0604",
      "s" : "sell",
      "i" : "JTO_USD",
      "m" : "4611686018428655059"
    }, {
      "d" : "1756391538601663371",
      "t" : 1756391538601,
      "tn" : 1756391538601663371,
      "q" : "35.3",
      "p" : "2.0608",
      "s" : "sell",
      "i" : "JTO_USD",
      "m" : "4611686018428655058"
    }, {
      "d" : "1756391252902193791",
      "t" : 1756391252902,
      "tn" : 1756391252902193791,
      "q" : "5.4",
      "p" : "2.0728",
      "s" : "buy",
      "i" : "JTO_USD",
      "m" : "4611686018428655057"
    }, {
      "d" : "1756390711483149134",
      "t" : 1756390711483,
      "tn" : 1756390711483149134,
      "q" : "15.0",
      "p" : "2.0806",
      "s" : "buy",
      "i" : "JTO_USD",
      "m" : "4611686018428655056"
    }, {
      "d" : "1756390577373325834",
      "t" : 1756390577373,
      "tn" : 1756390577373325834,
      "q" : "38.2",
      "p" : "2.0776",
      "s" : "sell",
      "i" : "JTO_USD",
      "m" : "4611686018428655055"
    }, {
      "d" : "1756390253143922438",
      "t" : 1756390253143,
      "tn" : 1756390253143922438,
      "q" : "23.1",
      "p" : "2.0836",
      "s" : "buy",
      "i" : "JTO_USD",
      "m" : "4611686018428655054"
    }, {
      "d" : "1756390051771199850",
      "t" : 1756390051771,
      "tn" : 1756390051771199850,
      "q" : "67.8",
      "p" : "2.0850",
      "s" : "buy",
      "i" : "JTO_USD",
      "m" : "4611686018428655053"
    }, {
      "d" : "1756388368981630854",
      "t" : 1756388368981,
      "tn" : 1756388368981630854,
      "q" : "6.7",
      "p" : "2.1035",
      "s" : "buy",
      "i" : "JTO_USD",
      "m" : "4611686018428655052"
    }, {
      "d" : "1756388286814067502",
      "t" : 1756388286814,
      "tn" : 1756388286814067502,
      "q" : "30.8",
      "p" : "2.0988",
      "s" : "buy",
      "i" : "JTO_USD",
      "m" : "4611686018428655051"
    }, {
      "d" : "1756388103605621118",
      "t" : 1756388103605,
      "tn" : 1756388103605621118,
      "q" : "6.8",
      "p" : "2.0956",
      "s" : "sell",
      "i" : "JTO_USD",
      "m" : "4611686018428655050"
    }, {
      "d" : "1756388077349331342",
      "t" : 1756388077349,
      "tn" : 1756388077349331342,
      "q" : "91.0",
      "p" : "2.1045",
      "s" : "buy",
      "i" : "JTO_USD",
      "m" : "4611686018428655049"
    }, {
      "d" : "1756388077349329545",
      "t" : 1756388077349,
      "tn" : 1756388077349329545,
      "q" : "38.9",
      "p" : "2.1037",
      "s" : "buy",
      "i" : "JTO_USD",
      "m" : "4611686018428655048"
    }, {
      "d" : "1756388077349326687",
      "t" : 1756388077349,
      "tn" : 1756388077349326687,
      "q" : "186.4",
      "p" : "2.1022",
      "s" : "buy",
      "i" : "JTO_USD",
      "m" : "4611686018428655047"
    }, {
      "d" : "1756388077349323301",
      "t" : 1756388077349,
      "tn" : 1756388077349323301,
      "q" : "13.2",
      "p" : "2.1021",
      "s" : "buy",
      "i" : "JTO_USD",
      "m" : "4611686018428655046"
    }, {
      "d" : "1756387666280792190",
      "t" : 1756387666280,
      "tn" : 1756387666280792190,
      "q" : "9.5",
      "p" : "2.0833",
      "s" : "sell",
      "i" : "JTO_USD",
      "m" : "4611686018428655045"
    }, {
      "d" : "1756386251221680697",
      "t" : 1756386251221,
      "tn" : 1756386251221680697,
      "q" : "40.3",
      "p" : "2.0670",
      "s" : "buy",
      "i" : "JTO_USD",
      "m" : "4611686018428655044"
    }, {
      "d" : "1756385812188662200",
      "t" : 1756385812188,
      "tn" : 1756385812188662200,
      "q" : "10.7",
      "p" : "2.0796",
      "s" : "buy",
      "i" : "JTO_USD",
      "m" : "4611686018428655043"
    }, {
      "d" : "1756385540399462951",
      "t" : 1756385540399,
      "tn" : 1756385540399462951,
      "q" : "48.0",
      "p" : "2.0798",
      "s" : "sell",
      "i" : "JTO_USD",
      "m" : "4611686018428655042"
    }, {
      "d" : "1756384721923644183",
      "t" : 1756384721923,
      "tn" : 1756384721923644183,
      "q" : "5.3",
      "p" : "2.0859",
      "s" : "buy",
      "i" : "JTO_USD",
      "m" : "4611686018428655041"
    }, {
      "d" : "1756384155859122367",
      "t" : 1756384155859,
      "tn" : 1756384155859122367,
      "q" : "6.9",
      "p" : "2.0738",
      "s" : "sell",
      "i" : "JTO_USD",
      "m" : "4611686018428655040"
    }, {
      "d" : "1756383623309280737",
      "t" : 1756383623309,
      "tn" : 1756383623309280737,
      "q" : "29.9",
      "p" : "2.0901",
      "s" : "buy",
      "i" : "JTO_USD",
      "m" : "4611686018428655039"
    }, {
      "d" : "1756383580631721008",
      "t" : 1756383580631,
      "tn" : 1756383580631721008,
      "q" : "16.4",
      "p" : "2.0897",
      "s" : "buy",
      "i" : "JTO_USD",
      "m" : "4611686018428655038"
    }, {
      "d" : "1756382017114712429",
      "t" : 1756382017114,
      "tn" : 1756382017114712429,
      "q" : "16.8",
      "p" : "2.0840",
      "s" : "buy",
      "i" : "JTO_USD",
      "m" : "4611686018428655037"
    }, {
      "d" : "1756381152017346642",
      "t" : 1756381152017,
      "tn" : 1756381152017346642,
      "q" : "7.0",
      "p" : "2.0880",
      "s" : "buy",
      "i" : "JTO_USD",
      "m" : "4611686018428655036"
    }, {
      "d" : "1756378536170246841",
      "t" : 1756378536170,
      "tn" : 1756378536170246841,
      "q" : "41.6",
      "p" : "2.0876",
      "s" : "buy",
      "i" : "JTO_USD",
      "m" : "4611686018428655035"
    }, {
      "d" : "1756377719269386178",
      "t" : 1756377719269,
      "tn" : 1756377719269386178,
      "q" : "10.8",
      "p" : "2.0883",
      "s" : "sell",
      "i" : "JTO_USD",
      "m" : "4611686018428655034"
    }, {
      "d" : "1756377006657801912",
      "t" : 1756377006657,
      "tn" : 1756377006657801912,
      "q" : "2.2",
      "p" : "2.0903",
      "s" : "sell",
      "i" : "JTO_USD",
      "m" : "4611686018428655033"
    }, {
      "d" : "1756377006657799068",
      "t" : 1756377006657,
      "tn" : 1756377006657799068,
      "q" : "9.6",
      "p" : "2.0903",
      "s" : "sell",
      "i" : "JTO_USD",
      "m" : "4611686018428655032"
    }, {
      "d" : "1756377006650206668",
      "t" : 1756377006650,
      "tn" : 1756377006650206668,
      "q" : "43.8",
      "p" : "2.0903",
      "s" : "buy",
      "i" : "JTO_USD",
      "m" : "4611686018428655031"
    }, {
      "d" : "1756377001445481511",
      "t" : 1756377001445,
      "tn" : 1756377001445481511,
      "q" : "189.1",
      "p" : "2.0865",
      "s" : "buy",
      "i" : "JTO_USD",
      "m" : "4611686018428655030"
    }, {
      "d" : "1756376997015624597",
      "t" : 1756376997015,
      "tn" : 1756376997015624597,
      "q" : "187.3",
      "p" : "2.0861",
      "s" : "buy",
      "i" : "JTO_USD",
      "m" : "4611686018428655029"
    }, {
      "d" : "1756376516485493151",
      "t" : 1756376516485,
      "tn" : 1756376516485493151,
      "q" : "8.0",
      "p" : "2.0639",
      "s" : "buy",
      "i" : "JTO_USD",
      "m" : "4611686018428655028"
    } ]
  }
}