{
  "id" : -1,
  "method" : "public/get-trades",
  "code" : 0,
  "result" : {
    "data" : [ {
      "d" : "1756458863312766370",
      "t" : 1756458863312,
      "tn" : 1756458863312766370,
      "q" : "1",
      "p" : "1.9618",
      "s" : "sell",
      "i" : "JTOUSD-PERP",
      "m" : "4611686018428793910"
    }, {
      "d" : "1756458863312763514",
      "t" : 1756458863312,
      "tn" : 1756458863312763514,
      "q" : "1",
      "p" : "1.9622",
      "s" : "sell",
      "i" : "JTOUSD-PERP",
      "m" : "4611686018428793909"
    }, {
      "d" : "1756458057046318270",
      "t" : 1756458057046,
      "tn" : 1756458057046318270,
      "q" : "1",
      "p" : "1.9641",
      "s" : "sell",
      "i" : "JTOUSD-PERP",
      "m" : "4611686018428793908"
    }, {
      "d" : "1756457841852090400",
      "t" : 1756457841852,
      "tn" : 1756457841852090400,
      "q" : "1",
      "p" : "1.9694",
      "s" : "buy",
      "i" : "JTOUSD-PERP",
      "m" : "4611686018428793907"
    }, {
      "d" : "1756456374113879685",
      "t" : 1756456374113,
      "tn" : 1756456374113879685,
      "q" : "1",
      "p" : "1.9792",
      "s" : "buy",
      "i" : "JTOUSD-PERP",
      "m" : "4611686018428793906"
    }, {
      "d" : "1756456374113877257",
      "t" : 1756456374113,
      "tn" : 1756456374113877257,
      "q" : "1",
      "p" : "1.9786",
      "s" : "buy",
      "i" : "JTOUSD-PERP",
      "m" : "4611686018428793905"
    }, {
      "d" : "1756454675427911413",
      "t" : 1756454675427,
      "tn" : 1756454675427911413,
      "q" : "1",
      "p" : "1.9834",
      "s" : "sell",
      "i" : "JTOUSD-PERP",
      "m" : "4611686018428793904"
    }, {
      "d" : "1756454675427908135",
      "t" : 1756454675427,
      "tn" : 1756454675427908135,
      "q" : "1",
      "p" : "1.9837",
      "s" : "sell",
      "i" : "JTOUSD-PERP",
      "m" : "4611686018428793903"
    }, {
      "d" : "1756454447261090847",
      "t" : 1756454447261,
      "tn" : 1756454447261090847,
      "q" : "1",
      "p" : "1.9948",
      "s" : "sell",
      "i" : "JTOUSD-PERP",
      "m" : "4611686018428793902"
    }, {
      "d" : "1756454447244196644",
      "t" : 1756454447244,
      "tn" : 1756454447244196644,
      "q" : "1",
      "p" : "1.9946",
      "s" : "sell",
      "i" : "JTOUSD-PERP",
      "m" : "4611686018428793901"
    }, {
      "d" : "1756454447244194539",
      "t" : 1756454447244,
      "tn" : 1756454447244194539,
      "q" : "1",
      "p" : "1.9949",
      "s" : "sell",
      "i" : "JTOUSD-PERP",
      "m" : "4611686018428793900"
    }, {
      "d" : "1756451778136039299",
      "t" : 1756451778136,
      "tn" : 1756451778136039299,
      "q" : "1",
      "p" : "1.9854",
      "s" : "buy",
      "i" : "JTOUSD-PERP",
      "m" : "4611686018428793899"
    }, {
      "d" : "1756451778136037109",
      "t" : 1756451778136,
      "tn" : 1756451778136037109,
      "q" : "1",
      "p" : "1.9848",
      "s" : "buy",
      "i" : "JTOUSD-PERP",
      "m" : "4611686018428793898"
    }, {
      "d" : "1756451778011983930",
      "t" : 1756451778011,
      "tn" : 1756451778011983930,
      "q" : "99",
      "p" : "1.9866",
      "s" : "sell",
      "i" : "JTOUSD-PERP",
      "m" : "4611686018428793897"
    }, {
      "d" : "1756451778011982317",
      "t" : 1756451778011,
      "tn" : 1756451778011982317,
      "q" : "1",
      "p" : "1.9888",
      "s" : "sell",
      "i" : "JTOUSD-PERP",
      "m" : "4611686018428793896"
    }, {
      "d" : "1756451778003325818",
      "t" : 1756451778003,
      "tn" : 1756451778003325818,
      "q" : "1",
      "p" : "1.9908",
      "s" : "sell",
      "i" : "JTOUSD-PERP",
      "m" : "4611686018428793895"
    }, {
      "d" : "1756451566769763846",
      "t" : 1756451566769,
      "tn" : 1756451566769763846,
      "q" : "100",
      "p" : "1.9930",
      "s" : "sell",
      "i" : "JTOUSD-PERP",
      "m" : "4611686018428793894"
    }, {
      "d" : "1756451566769761817",
      "t" : 1756451566769,
      "tn" : 1756451566769761817,
      "q" : "1",
      "p" : "1.9948",
      "s" : "sell",
      "i" : "JTOUSD-PERP",
      "m" : "4611686018428793893"
    }, {
      "d" : "1756451566769759132",
      "t" : 1756451566769,
      "tn" : 1756451566769759132,
      "q" : "1",
      "p" : "1.9961",
      "s" : "sell",
      "i" : "JTOUSD-PERP",
      "m" : "4611686018428793892"
    }, {
      "d" : "1756451566625119120",
      "t" : 1756451566625,
      "tn" : 1756451566625119120,
      "q" : "1",
      "p" : "1.9981",
      "s" : "sell",
      "i" : "JTOUSD-PERP",
      "m" : "4611686018428793891"
    }, {
      "d" : "1756451466824232098",
      "t" : 1756451466824,
      "tn" : 1756451466824232098,
      "q" : "1",
      "p" : "2.0018",
      "s" : "buy",
      "i" : "JTOUSD-PERP",
      "m" : "4611686018428793890"
    }, {
      "d" : "1756444416405464215",
      "t" : 1756444416405,
      "tn" : 1756444416405464215,
      "q" : "1",
      "p" : "2.0499",
      "s" : "sell",
      "i" : "JTOUSD-PERP",
      "m" : "4611686018428793889"
    }, {
      "d" : "1756443921631216464",
      "t" : 1756443921631,
      "tn" : 1756443921631216464,
      "q" : "1",
      "p" : "2.0463",
      "s" : "sell",
      "i" : "JTOUSD-PERP",
      "m" : "4611686018428793888"
    }, {
      "d" : "1756443212368260992",
      "t" : 1756443212368,
      "tn" : 1756443212368260992,
      "q" : "1",
      "p" : "2.0545",
      "s" : "buy",
      "i" : "JTOUSD-PERP",
      "m" : "4611686018428793887"
    }, {
      "d" : "1756443212368258801",
      "t" : 1756443212368,
      "tn" : 1756443212368258801,
      "q" : "1",
      "p" : "2.0542",
      "s" : "buy",
      "i" : "JTOUSD-PERP",
      "m" : "4611686018428793886"
    }, {
      "d" : "1756441831494062664",
      "t" : 1756441831494,
      "tn" : 1756441831494062664,
      "q" : "1",
      "p" : "2.0631",
      "s" : "sell",
      "i" : "JTOUSD-PERP",
      "m" : "4611686018428793885"
    }, {
      "d" : "1756441510257503047",
      "t" : 1756441510257,
      "tn" : 1756441510257503047,
      "q" : "1",
      "p" : "2.0686",
      "s" : "buy",
      "i" : "JTOUSD-PERP",
      "m" : "4611686018428793884"
    }, {
      "d" : "1756441426965707819",
      "t" : 1756441426965,
      "tn" : 1756441426965707819,
      "q" : "1",
      "p" : "2.0654",
      "s" : "buy",
      "i" : "JTOUSD-PERP",
      "m" : "4611686018428793883"
    }, {
      "d" : "1756439563952190703",
      "t" : 1756439563952,
      "tn" : 1756439563952190703,
      "q" : "96",
      "p" : "2.0694",
      "s" : "buy",
      "i" : "JTOUSD-PERP",
      "m" : "4611686018428793882"
    }, {
      "d" : "1756439563948791024",
      "t" : 1756439563948,
      "tn" : 1756439563948791023,
      "q" : "1",
      "p" : "2.0664",
      "s" : "buy",
      "i" : "JTOUSD-PERP",
      "m" : "4611686018428793881"
    }, {
      "d" : "1756439563948791023",
      "t" : 1756439563948,
      "tn" : 1756439563948791023,
      "q" : "1",
      "p" : "2.0664",
      "s" : "buy",
      "i" : "JTOUSD-PERP",
      "m" : "4611686018428793881"
    }, {
      "d" : "1756439434040233543",
      "t" : 1756439434040,
      "tn" : 1756439434040233543,
      "q" : "1",
      "p" : "2.0592",
      "s" : "buy",
      "i" : "JTOUSD-PERP",
      "m" : "4611686018428793880"
    }, {
      "d" : "1756438915120990231",
      "t" : 1756438915120,
      "tn" : 1756438915120990230,
      "q" : "1",
      "p" : "2.0510",
      "s" : "buy",
      "i" : "JTOUSD-PERP",
      "m" : "4611686018428793879"
    }, {
      "d" : "1756438915120990230",
      "t" : 1756438915120,
      "tn" : 1756438915120990230,
      "q" : "1",
      "p" : "2.0510",
      "s" : "buy",
      "i" : "JTOUSD-PERP",
      "m" : "4611686018428793879"
    }, {
      "d" : "1756438152616969954",
      "t" : 1756438152616,
      "tn" : 1756438152616969954,
      "q" : "1",
      "p" : "2.0503",
      "s" : "buy",
      "i" : "JTOUSD-PERP",
      "m" : "4611686018428793878"
    }, {
      "d" : "1756438152616966952",
      "t" : 1756438152616,
      "tn" : 1756438152616966952,
      "q" : "1",
      "p" : "2.0502",
      "s" : "buy",
      "i" : "JTOUSD-PERP",
      "m" : "4611686018428793877"
    }, {
      "d" : "1756438023684211838",
      "t" : 1756438023684,
      "tn" : 1756438023684211838,
      "q" : "1",
      "p" : "2.0430",
      "s" : "buy",
      "i" : "JTOUSD-PERP",
      "m" : "4611686018428793876"
    }, {
      "d" : "1756437409216605884",
      "t" : 1756437409216,
      "tn" : 1756437409216605884,
      "q" : "1",
      "p" : "2.0363",
      "s" : "buy",
      "i" : "JTOUSD-PERP",
      "m" : "4611686018428793875"
    }, {
      "d" : "1756436567826880916",
      "t" : 1756436567826,
      "tn" : 1756436567826880916,
      "q" : "1",
      "p" : "2.0482",
      "s" : "buy",
      "i" : "JTOUSD-PERP",
      "m" : "4611686018428793874"
    }, {
      "d" : "1756436567754756571",
      "t" : 1756436567754,
      "tn" : 1756436567754756571,
      "q" : "97",
      "p" : "2.0474",
      "s" : "sell",
      "i" : "JTOUSD-PERP",
      "m" : "4611686018428793873"
    }, {
      "d" : "1756436567754754233",
      "t" : 1756436567754,
      "tn" : 1756436567754754233,
      "q" : "1",
      "p" : "2.0488",
      "s" : "sell",
      "i" : "JTOUSD-PERP",
      "m" : "4611686018428793872"
    }, {
      "d" : "1756436567754751418",
      "t" : 1756436567754,
      "tn" : 1756436567754751418,
      "q" : "1",
      "p" : "2.0493",
      "s" : "sell",
      "i" : "JTOUSD-PERP",
      "m" : "4611686018428793871"
    }, {
      "d" : "1756435853402902608",
      "t" : 1756435853402,
      "tn" : 1756435853402902608,
      "q" : "1",
      "p" : "2.0530",
      "s" : "buy",
      "i" : "JTOUSD-PERP",
      "m" : "4611686018428793870"
    }, {
      "d" : "1756434777536675987",
      "t" : 1756434777536,
      "tn" : 1756434777536675987,
      "q" : "1",
      "p" : "2.0665",
      "s" : "sell",
      "i" : "JTOUSD-PERP",
      "m" : "4611686018428793869"
    }, {
      "d" : "1756434011160733819",
      "t" : 1756434011160,
      "tn" : 1756434011160733819,
      "q" : "1",
      "p" : "2.0586",
      "s" : "buy",
      "i" : "JTOUSD-PERP",
      "m" : "4611686018428793868"
    }, {
      "d" : "1756427669336976895",
      "t" : 1756427669336,
      "tn" : 1756427669336976895,
      "q" : "1",
      "p" : "2.0554",
      "s" : "sell",
      "i" : "JTOUSD-PERP",
      "m" : "4611686018428793867"
    }, {
      "d" : "1756427545532233056",
      "t" : 1756427545532,
      "tn" : 1756427545532233056,
      "q" : "1",
      "p" : "2.0642",
      "s" : "sell",
      "i" : "JTOUSD-PERP",
      "m" : "4611686018428793866"
    }, {
      "d" : "1756427449884199803",
      "t" : 1756427449884,
      "tn" : 1756427449884199803,
      "q" : "1",
      "p" : "2.0679",
      "s" : "sell",
      "i" : "JTOUSD-PERP",
      "m" : "4611686018428793865"
    }, {
      "d" : "1756427435344254925",
      "t" : 1756427435344,
      "tn" : 1756427435344254925,
      "q" : "1",
      "p" : "2.0741",
      "s" : "sell",
      "i" : "JTOUSD-PERP",
      "m" : "4611686018428793864"
    }, {
      "d" : "1756427364234829004",
      "t" : 1756427364234,
      "tn" : 1756427364234829004,
      "q" : "1",
      "p" : "2.0721",
      "s" : "buy",
      "i" : "JTOUSD-PERP",
      "m" : "4611686018428793863"
    }, {
      "d" : "1756427364234826589",
      "t" : 1756427364234,
      "tn" : 1756427364234826589,
      "q" : "1",
      "p" : "2.0718",
      "s" : "buy",
      "i" : "JTOUSD-PERP",
      "m" : "4611686018428793862"
    }, {
      "d" : "1756427320448130724",
      "t" : 1756427320448,
      "tn" : 1756427320448130724,
      "q" : "1",
      "p" : "2.0660",
      "s" : "buy",
      "i" : "JTOUSD-PERP",
      "m" : "4611686018428793861"
    }, {
      "d" : "1756426712170230329",
      "t" : 1756426712170,
      "tn" : 1756426712170230329,
      "q" : "97",
      "p" : "2.0528",
      "s" : "buy",
      "i" : "JTOUSD-PERP",
      "m" : "4611686018428793860"
    }, {
      "d" : "1756426712169948788",
      "t" : 1756426712169,
      "tn" : 1756426712169948788,
      "q" : "1",
      "p" : "2.0500",
      "s" : "buy",
      "i" : "JTOUSD-PERP",
      "m" : "4611686018428793859"
    }, {
      "d" : "1756426635033858180",
      "t" : 1756426635033,
      "tn" : 1756426635033858180,
      "q" : "1",
      "p" : "2.0431",
      "s" : "buy",
      "i" : "JTOUSD-PERP",
      "m" : "4611686018428793858"
    }, {
      "d" : "1756426635033852641",
      "t" : 1756426635033,
      "tn" : 1756426635033852641,
      "q" : "1",
      "p" : "2.0428",
      "s" : "buy",
      "i" : "JTOUSD-PERP",
      "m" : "4611686018428793857"
    }, {
      "d" : "1756423099014073915",
      "t" : 1756423099014,
      "tn" : 1756423099014073915,
      "q" : "1",
      "p" : "2.0311",
      "s" : "sell",
      "i" : "JTOUSD-PERP",
      "m" : "4611686018428793856"
    }, {
      "d" : "1756422345841965780",
      "t" : 1756422345841,
      "tn" : 1756422345841965780,
      "q" : "1",
      "p" : "2.0291",
      "s" : "sell",
      "i" : "JTOUSD-PERP",
      "m" : "4611686018428793855"
    }, {
      "d" : "1756422306206337349",
      "t" : 1756422306206,
      "tn" : 1756422306206337349,
      "q" : "1",
      "p" : "2.0296",
      "s" : "sell",
      "i" : "JTOUSD-PERP",
      "m" : "4611686018428793854"
    }, {
      "d" : "1756419284889054492",
      "t" : 1756419284889,
      "tn" : 1756419284889054491,
      "q" : "1",
      "p" : "2.0325",
      "s" : "buy",
      "i" : "JTOUSD-PERP",
      "m" : "4611686018428793853"
    }, {
      "d" : "1756419284889054491",
      "t" : 1756419284889,
      "tn" : 1756419284889054491,
      "q" : "1",
      "p" : "2.0325",
      "s" : "buy",
      "i" : "JTOUSD-PERP",
      "m" : "4611686018428793853"
    }, {
      "d" : "1756417194649988839",
      "t" : 1756417194649,
      "tn" : 1756417194649988839,
      "q" : "1",
      "p" : "2.0194",
      "s" : "buy",
      "i" : "JTOUSD-PERP",
      "m" : "4611686018428793852"
    }, {
      "d" : "1756417075524842017",
      "t" : 1756417075524,
      "tn" : 1756417075524842017,
      "q" : "1",
      "p" : "2.0233",
      "s" : "buy",
      "i" : "JTOUSD-PERP",
      "m" : "4611686018428793851"
    }, {
      "d" : "1756417075413718985",
      "t" : 1756417075413,
      "tn" : 1756417075413718985,
      "q" : "1",
      "p" : "2.0238",
      "s" : "buy",
      "i" : "JTOUSD-PERP",
      "m" : "4611686018428793850"
    }, {
      "d" : "1756417048980873754",
      "t" : 1756417048980,
      "tn" : 1756417048980873754,
      "q" : "1",
      "p" : "2.0254",
      "s" : "buy",
      "i" : "JTOUSD-PERP",
      "m" : "4611686018428793849"
    }, {
      "d" : "1756417048980871333",
      "t" : 1756417048980,
      "tn" : 1756417048980871333,
      "q" : "1",
      "p" : "2.0252",
      "s" : "buy",
      "i" : "JTOUSD-PERP",
      "m" : "4611686018428793848"
    }, {
      "d" : "1756416927465811852",
      "t" : 1756416927465,
      "tn" : 1756416927465811852,
      "q" : "1",
      "p" : "2.0233",
      "s" : "buy",
      "i" : "JTOUSD-PERP",
      "m" : "4611686018428793847"
    }, {
      "d" : "1756416927465809849",
      "t" : 1756416927465,
      "tn" : 1756416927465809849,
      "q" : "1",
      "p" : "2.0230",
      "s" : "buy",
      "i" : "JTOUSD-PERP",
      "m" : "4611686018428793846"
    }, {
      "d" : "1756416909092270117",
      "t" : 1756416909092,
      "tn" : 1756416909092270117,
      "q" : "97",
      "p" : "2.0230",
      "s" : "buy",
      "i" : "JTOUSD-PERP",
      "m" : "4611686018428793845"
    }, {
      "d" : "1756416909092268536",
      "t" : 1756416909092,
      "tn" : 1756416909092268536,
      "q" : "1",
      "p" : "2.0180",
      "s" : "buy",
      "i" : "JTOUSD-PERP",
      "m" : "4611686018428793844"
    }, {
      "d" : "1756416909088112524",
      "t" : 1756416909088,
      "tn" : 1756416909088112524,
      "q" : "99",
      "p" : "2.0200",
      "s" : "buy",
      "i" : "JTOUSD-PERP",
      "m" : "4611686018428793843"
    }, {
      "d" : "1756416909088110323",
      "t" : 1756416909088,
      "tn" : 1756416909088110323,
      "q" : "1",
      "p" : "2.0176",
      "s" : "buy",
      "i" : "JTOUSD-PERP",
      "m" : "4611686018428793842"
    }, {
      "d" : "1756416909088107434",
      "t" : 1756416909088,
      "tn" : 1756416909088107434,
      "q" : "247",
      "p" : "2.0175",
      "s" : "buy",
      "i" : "JTOUSD-PERP",
      "m" : "4611686018428793841"
    }, {
      "d" : "1756416909088103453",
      "t" : 1756416909088,
      "tn" : 1756416909088103453,
      "q" : "1",
      "p" : "2.0173",
      "s" : "buy",
      "i" : "JTOUSD-PERP",
      "m" : "4611686018428793840"
    }, {
      "d" : "1756416380065877250",
      "t" : 1756416380065,
      "tn" : 1756416380065877250,
      "q" : "1",
      "p" : "2.0182",
      "s" : "sell",
      "i" : "JTOUSD-PERP",
      "m" : "4611686018428793839"
    }, {
      "d" : "1756414966066090414",
      "t" : 1756414966066,
      "tn" : 1756414966066090414,
      "q" : "1",
      "p" : "2.0195",
      "s" : "buy",
      "i" : "JTOUSD-PERP",
      "m" : "4611686018428793838"
    }, {
      "d" : "1756414698822783486",
      "t" : 1756414698822,
      "tn" : 1756414698822783486,
      "q" : "1",
      "p" : "2.0174",
      "s" : "buy",
      "i" : "JTOUSD-PERP",
      "m" : "4611686018428793837"
    }, {
      "d" : "1756410114568325492",
      "t" : 1756410114568,
      "tn" : 1756410114568325492,
      "q" : "1",
      "p" : "2.0188",
      "s" : "sell",
      "i" : "JTOUSD-PERP",
      "m" : "4611686018428793836"
    }, {
      "d" : "1756405321344263033",
      "t" : 1756405321344,
      "tn" : 1756405321344263033,
      "q" : "38",
      "p" : "2.0281",
      "s" : "sell",
      "i" : "JTOUSD-PERP",
      "m" : "4611686018428793835"
    }, {
      "d" : "1756405320585020167",
      "t" : 1756405320585,
      "tn" : 1756405320585020167,
      "q" : "246",
      "p" : "2.0281",
      "s" : "sell",
      "i" : "JTOUSD-PERP",
      "m" : "4611686018428793834"
    }, {
      "d" : "1756404867608858833",
      "t" : 1756404867608,
      "tn" : 1756404867608858833,
      "q" : "1",
      "p" : "2.0211",
      "s" : "buy",
      "i" : "JTOUSD-PERP",
      "m" : "4611686018428793833"
    }, {
      "d" : "1756404867470111722",
      "t" : 1756404867470,
      "tn" : 1756404867470111722,
      "q" : "141",
      "p" : "2.0190",
      "s" : "sell",
      "i" : "JTOUSD-PERP",
      "m" : "4611686018428793832"
    }, {
      "d" : "1756404867470109966",
      "t" : 1756404867470,
      "tn" : 1756404867470109966,
      "q" : "1",
      "p" : "2.0226",
      "s" : "sell",
      "i" : "JTOUSD-PERP",
      "m" : "4611686018428793831"
    }, {
      "d" : "1756404867468500373",
      "t" : 1756404867468,
      "tn" : 1756404867468500373,
      "q" : "104",
      "p" : "2.0197",
      "s" : "sell",
      "i" : "JTOUSD-PERP",
      "m" : "4611686018428793830"
    }, {
      "d" : "1756404867464943023",
      "t" : 1756404867464,
      "tn" : 1756404867464943023,
      "q" : "42",
      "p" : "2.0197",
      "s" : "sell",
      "i" : "JTOUSD-PERP",
      "m" : "4611686018428793829"
    }, {
      "d" : "1756404867464941013",
      "t" : 1756404867464,
      "tn" : 1756404867464941013,
      "q" : "99",
      "p" : "2.0198",
      "s" : "sell",
      "i" : "JTOUSD-PERP",
      "m" : "4611686018428793828"
    }, {
      "d" : "1756404867464939165",
      "t" : 1756404867464,
      "tn" : 1756404867464939165,
      "q" : "1",
      "p" : "2.0246",
      "s" : "sell",
      "i" : "JTOUSD-PERP",
      "m" : "4611686018428793827"
    }, {
      "d" : "1756401708306018107",
      "t" : 1756401708306,
      "tn" : 1756401708306018107,
      "q" : "1",
      "p" : "2.0253",
      "s" : "buy",
      "i" : "JTOUSD-PERP",
      "m" : "4611686018428793826"
    }, {
      "d" : "1756400356001527442",
      "t" : 1756400356001,
      "tn" : 1756400356001527442,
      "q" : "1",
      "p" : "2.0084",
      "s" : "sell",
      "i" : "JTOUSD-PERP",
      "m" : "4611686018428793825"
    }, {
      "d" : "1756399973877064113",
      "t" : 1756399973877,
      "tn" : 1756399973877064113,
      "q" : "1",
      "p" : "2.0225",
      "s" : "buy",
      "i" : "JTOUSD-PERP",
      "m" : "4611686018428793824"
    }, {
      "d" : "1756398840626642057",
      "t" : 1756398840626,
      "tn" : 1756398840626642057,
      "q" : "1",
      "p" : "2.0324",
      "s" : "sell",
      "i" : "JTOUSD-PERP",
      "m" : "4611686018428793823"
    }, {
      "d" : "1756398840622179444",
      "t" : 1756398840622,
      "tn" : 1756398840622179444,
      "q" : "1",
      "p" : "2.0339",
      "s" : "sell",
      "i" : "JTOUSD-PERP",
      "m" : "4611686018428793822"
    }, {
      "d" : "1756397158974192039",
      "t" : 1756397158974,
      "tn" : 1756397158974192039,
      "q" : "1",
      "p" : "2.0456",
      "s" : "buy",
      "i" : "JTOUSD-PERP",
      "m" : "4611686018428793821"
    }, {
      "d" : "1756396046588155769",
      "t" : 1756396046588,
      "tn" : 1756396046588155769,
      "q" : "1",
      "p" : "2.0440",
      "s" : "sell",
      "i" : "JTOUSD-PERP",
      "m" : "4611686018428793820"
    }, {
      "d" : "1756396046588153366",
      "t" : 1756396046588,
      "tn" : 1756396046588153366,
      "q" : "1",
      "p" : "2.0444",
      "s" : "sell",
      "i" : "JTOUSD-PERP",
      "m" : "4611686018428793819"
    }, {
      "d" : "1756393160194937307",
      "t" : 1756393160194,
      "tn" : 1756393160194937307,
      "q" : "1",
      "p" : "2.0802",
      "s" : "buy",
      "i" : "JTOUSD-PERP",
      "m" : "4611686018428793818"
    }, {
      "d" : "1756391010472030307",
      "t" : 1756391010472,
      "tn" : 1756391010472030307,
      "q" : "1",
      "p" : "2.0737",
      "s" : "sell",
      "i" : "JTOUSD-PERP",
      "m" : "4611686018428793817"
    }, {
      "d" : "1756390729357184472",
      "t" : 1756390729357,
      "tn" : 1756390729357184472,
      "q" : "1",
      "p" : "2.0798",
      "s" : "sell",
      "i" : "JTOUSD-PERP",
      "m" : "4611686018428793816"
    }, {
      "d" : "1756390729357182395",
      "t" : 1756390729357,
      "tn" : 1756390729357182395,
      "q" : "1",
      "p" : "2.0805",
      "s" : "sell",
      "i" : "JTOUSD-PERP",
      "m" : "4611686018428793815"
    }, {
      "d" : "1756390146017809506",
      "t" : 1756390146017,
      "tn" : 1756390146017809506,
      "q" : "1",
      "p" : "2.0794",
      "s" : "buy",
      "i" : "JTOUSD-PERP",
      "m" : "4611686018428793814"
    }, {
      "d" : "1756390109376023451",
      "t" : 1756390109376,
      "tn" : 1756390109376023451,
      "q" : "1",
      "p" : "2.0828",
      "s" : "buy",
      "i" : "JTOUSD-PERP",
      "m" : "4611686018428793813"
    }, {
      "d" : "1756390109372017710",
      "t" : 1756390109372,
      "tn" : 1756390109372017710,
      "q" : "1",
      "p" : "2.0826",
      "s" : "buy",
      "i" : "JTOUSD-PERP",
      "m" : "4611686018428793812"
    }, {
      "d" : "1756390080541076077",
      "t" : 1756390080541,
      "tn" : 1756390080541076077,
      "q" : "1",
      "p" : "2.0826",
      "s" : "buy",
      "i" : "JTOUSD-PERP",
      "m" : "4611686018428793811"
    }, {
      "d" : "1756390080540890798",
      "t" : 1756390080540,
      "tn" : 1756390080540890798,
      "q" : "1",
      "p" : "2.0822",
      "s" : "buy",
      "i" : "JTOUSD-PERP",
      "m" : "4611686018428793810"
    }, {
      "d" : "1756390051771083551",
      "t" : 1756390051771,
      "tn" : 1756390051771083551,
      "q" : "1",
      "p" : "2.0824",
      "s" : "buy",
      "i" : "JTOUSD-PERP",
      "m" : "4611686018428793809"
    }, {
      "d" : "1756390051771081201",
      "t" : 1756390051771,
      "tn" : 1756390051771081201,
      "q" : "1",
      "p" : "2.0820",
      "s" : "buy",
      "i" : "JTOUSD-PERP",
      "m" : "4611686018428793808"
    }, {
      "d" : "1756390046426209929",
      "t" : 1756390046426,
      "tn" : 1756390046426209929,
      "q" : "1",
      "p" : "2.0836",
      "s" : "buy",
      "i" : "JTOUSD-PERP",
      "m" : "4611686018428793807"
    }, {
      "d" : "1756389621861992482",
      "t" : 1756389621861,
      "tn" : 1756389621861992482,
      "q" : "1",
      "p" : "2.0675",
      "s" : "sell",
      "i" : "JTOUSD-PERP",
      "m" : "4611686018428793806"
    }, {
      "d" : "1756389436797646033",
      "t" : 1756389436797,
      "tn" : 1756389436797646033,
      "q" : "1",
      "p" : "2.0660",
      "s" : "sell",
      "i" : "JTOUSD-PERP",
      "m" : "4611686018428793805"
    }, {
      "d" : "1756389434017911452",
      "t" : 1756389434017,
      "tn" : 1756389434017911452,
      "q" : "1",
      "p" : "2.0660",
      "s" : "sell",
      "i" : "JTOUSD-PERP",
      "m" : "4611686018428793804"
    }, {
      "d" : "1756389426645214453",
      "t" : 1756389426645,
      "tn" : 1756389426645214453,
      "q" : "1",
      "p" : "2.0642",
      "s" : "sell",
      "i" : "JTOUSD-PERP",
      "m" : "4611686018428793803"
    }, {
      "d" : "1756389406205980261",
      "t" : 1756389406205,
      "tn" : 1756389406205980261,
      "q" : "1",
      "p" : "2.0658",
      "s" : "buy",
      "i" : "JTOUSD-PERP",
      "m" : "4611686018428793802"
    }, {
      "d" : "1756389365293091867",
      "t" : 1756389365293,
      "tn" : 1756389365293091867,
      "q" : "1",
      "p" : "2.0730",
      "s" : "buy",
      "i" : "JTOUSD-PERP",
      "m" : "4611686018428793801"
    }, {
      "d" : "1756389042389716741",
      "t" : 1756389042389,
      "tn" : 1756389042389716741,
      "q" : "1",
      "p" : "2.0706",
      "s" : "buy",
      "i" : "JTOUSD-PERP",
      "m" : "4611686018428793800"
    }, {
      "d" : "1756389037854593337",
      "t" : 1756389037854,
      "tn" : 1756389037854593337,
      "q" : "1",
      "p" : "2.0713",
      "s" : "buy",
      "i" : "JTOUSD-PERP",
      "m" : "4611686018428793799"
    }, {
      "d" : "1756389025031451092",
      "t" : 1756389025031,
      "tn" : 1756389025031451092,
      "q" : "1",
      "p" : "2.0743",
      "s" : "buy",
      "i" : "JTOUSD-PERP",
      "m" : "4611686018428793798"
    }, {
      "d" : "1756386847917945176",
      "t" : 1756386847917,
      "tn" : 1756386847917945176,
      "q" : "1",
      "p" : "2.0763",
      "s" : "sell",
      "i" : "JTOUSD-PERP",
      "m" : "4611686018428793797"
    }, {
      "d" : "1756386418302347785",
      "t" : 1756386418302,
      "tn" : 1756386418302347785,
      "q" : "1",
      "p" : "2.0656",
      "s" : "sell",
      "i" : "JTOUSD-PERP",
      "m" : "4611686018428793796"
    }, {
      "d" : "1756386273806958959",
      "t" : 1756386273806,
      "tn" : 1756386273806958959,
      "q" : "1",
      "p" : "2.0651",
      "s" : "buy",
      "i" : "JTOUSD-PERP",
      "m" : "4611686018428793795"
    }, {
      "d" : "1756386118444940996",
      "t" : 1756386118444,
      "tn" : 1756386118444940996,
      "q" : "1",
      "p" : "2.0622",
      "s" : "sell",
      "i" : "JTOUSD-PERP",
      "m" : "4611686018428793794"
    }, {
      "d" : "1756386101218086396",
      "t" : 1756386101218,
      "tn" : 1756386101218086396,
      "q" : "1",
      "p" : "2.0622",
      "s" : "sell",
      "i" : "JTOUSD-PERP",
      "m" : "4611686018428793793"
    }, {
      "d" : "1756386099585779479",
      "t" : 1756386099585,
      "tn" : 1756386099585779479,
      "q" : "1",
      "p" : "2.0633",
      "s" : "sell",
      "i" : "JTOUSD-PERP",
      "m" : "4611686018428793792"
    }, {
      "d" : "1756386040057070880",
      "t" : 1756386040057,
      "tn" : 1756386040057070880,
      "q" : "1",
      "p" : "2.0730",
      "s" : "buy",
      "i" : "JTOUSD-PERP",
      "m" : "4611686018428793791"
    }, {
      "d" : "1756386040057068395",
      "t" : 1756386040057,
      "tn" : 1756386040057068395,
      "q" : "1",
      "p" : "2.0729",
      "s" : "buy",
      "i" : "JTOUSD-PERP",
      "m" : "4611686018428793790"
    }, {
      "d" : "1756385540394757144",
      "t" : 1756385540394,
      "tn" : 1756385540394757144,
      "q" : "1",
      "p" : "2.0795",
      "s" : "sell",
      "i" : "JTOUSD-PERP",
      "m" : "4611686018428793789"
    }, {
      "d" : "1756384969102235991",
      "t" : 1756384969102,
      "tn" : 1756384969102235991,
      "q" : "1",
      "p" : "2.0897",
      "s" : "sell",
      "i" : "JTOUSD-PERP",
      "m" : "4611686018428793788"
    }, {
      "d" : "1756384203353128391",
      "t" : 1756384203353,
      "tn" : 1756384203353128391,
      "q" : "1",
      "p" : "2.0770",
      "s" : "buy",
      "i" : "JTOUSD-PERP",
      "m" : "4611686018428793787"
    }, {
      "d" : "1756384093886498040",
      "t" : 1756384093886,
      "tn" : 1756384093886498040,
      "q" : "1",
      "p" : "2.0753",
      "s" : "sell",
      "i" : "JTOUSD-PERP",
      "m" : "4611686018428793786"
    }, {
      "d" : "1756383867521897715",
      "t" : 1756383867521,
      "tn" : 1756383867521897715,
      "q" : "1",
      "p" : "2.0809",
      "s" : "buy",
      "i" : "JTOUSD-PERP",
      "m" : "4611686018428793785"
    }, {
      "d" : "1756383867519138558",
      "t" : 1756383867519,
      "tn" : 1756383867519138558,
      "q" : "1",
      "p" : "2.0806",
      "s" : "buy",
      "i" : "JTOUSD-PERP",
      "m" : "4611686018428793784"
    }, {
      "d" : "1756383065158090197",
      "t" : 1756383065158,
      "tn" : 1756383065158090197,
      "q" : "1",
      "p" : "2.0884",
      "s" : "buy",
      "i" : "JTOUSD-PERP",
      "m" : "4611686018428793783"
    }, {
      "d" : "1756382425753274655",
      "t" : 1756382425753,
      "tn" : 1756382425753274655,
      "q" : "1",
      "p" : "2.0866",
      "s" : "buy",
      "i" : "JTOUSD-PERP",
      "m" : "4611686018428793782"
    }, {
      "d" : "1756382308002437578",
      "t" : 1756382308002,
      "tn" : 1756382308002437578,
      "q" : "1",
      "p" : "2.0825",
      "s" : "buy",
      "i" : "JTOUSD-PERP",
      "m" : "4611686018428793781"
    }, {
      "d" : "1756382306977777725",
      "t" : 1756382306977,
      "tn" : 1756382306977777725,
      "q" : "1",
      "p" : "2.0825",
      "s" : "buy",
      "i" : "JTOUSD-PERP",
      "m" : "4611686018428793780"
    }, {
      "d" : "1756382286821825225",
      "t" : 1756382286821,
      "tn" : 1756382286821825225,
      "q" : "1",
      "p" : "2.0826",
      "s" : "buy",
      "i" : "JTOUSD-PERP",
      "m" : "4611686018428793779"
    }, {
      "d" : "1756382117243353397",
      "t" : 1756382117243,
      "tn" : 1756382117243353397,
      "q" : "1",
      "p" : "2.0811",
      "s" : "buy",
      "i" : "JTOUSD-PERP",
      "m" : "4611686018428793778"
    }, {
      "d" : "1756381846898506743",
      "t" : 1756381846898,
      "tn" : 1756381846898506743,
      "q" : "1",
      "p" : "2.0758",
      "s" : "buy",
      "i" : "JTOUSD-PERP",
      "m" : "4611686018428793777"
    }, {
      "d" : "1756381813108026818",
      "t" : 1756381813108,
      "tn" : 1756381813108026818,
      "q" : "1",
      "p" : "2.0792",
      "s" : "sell",
      "i" : "JTOUSD-PERP",
      "m" : "4611686018428793776"
    }, {
      "d" : "1756381565950832469",
      "t" : 1756381565950,
      "tn" : 1756381565950832469,
      "q" : "1",
      "p" : "2.0779",
      "s" : "buy",
      "i" : "JTOUSD-PERP",
      "m" : "4611686018428793775"
    }, {
      "d" : "1756379261059052132",
      "t" : 1756379261059,
      "tn" : 1756379261059052132,
      "q" : "1",
      "p" : "2.0679",
      "s" : "sell",
      "i" : "JTOUSD-PERP",
      "m" : "4611686018428793774"
    }, {
      "d" : "1756378464991420425",
      "t" : 1756378464991,
      "tn" : 1756378464991420425,
      "q" : "1",
      "p" : "2.0833",
      "s" : "sell",
      "i" : "JTOUSD-PERP",
      "m" : "4611686018428793773"
    }, {
      "d" : "1756378313730170189",
      "t" : 1756378313730,
      "tn" : 1756378313730170189,
      "q" : "1",
      "p" : "2.0762",
      "s" : "sell",
      "i" : "JTOUSD-PERP",
      "m" : "4611686018428793772"
    }, {
      "d" : "1756378274177322412",
      "t" : 1756378274177,
      "tn" : 1756378274177322412,
      "q" : "1",
      "p" : "2.0751",
      "s" : "sell",
      "i" : "JTOUSD-PERP",
      "m" : "4611686018428793771"
    }, {
      "d" : "1756378271288748643",
      "t" : 1756378271288,
      "tn" : 1756378271288748643,
      "q" : "1",
      "p" : "2.0745",
      "s" : "sell",
      "i" : "JTOUSD-PERP",
      "m" : "4611686018428793770"
    }, {
      "d" : "1756376997023907811",
      "t" : 1756376997023,
      "tn" : 1756376997023907811,
      "q" : "1",
      "p" : "2.0838",
      "s" : "buy",
      "i" : "JTOUSD-PERP",
      "m" : "4611686018428793769"
    }, {
      "d" : "1756376997023904935",
      "t" : 1756376997023,
      "tn" : 1756376997023904935,
      "q" : "1",
      "p" : "2.0836",
      "s" : "buy",
      "i" : "JTOUSD-PERP",
      "m" : "4611686018428793768"
    }, {
      "d" : "1756376953690655956",
      "t" : 1756376953690,
      "tn" : 1756376953690655956,
      "q" : "1",
      "p" : "2.0830",
      "s" : "buy",
      "i" : "JTOUSD-PERP",
      "m" : "4611686018428793767"
    }, {
      "d" : "1756376813219729767",
      "t" : 1756376813219,
      "tn" : 1756376813219729767,
      "q" : "1",
      "p" : "2.0741",
      "s" : "sell",
      "i" : "JTOUSD-PERP",
      "m" : "4611686018428793766"
    }, {
      "d" : "1756376664145272133",
      "t" : 1756376664145,
      "tn" : 1756376664145272133,
      "q" : "1",
      "p" : "2.0708",
      "s" : "sell",
      "i" : "JTOUSD-PERP",
      "m" : "4611686018428793765"
    }, {
      "d" : "1756376162498286277",
      "t" : 1756376162498,
      "tn" : 1756376162498286277,
      "q" : "1",
      "p" : "2.0621",
      "s" : "buy",
      "i" : "JTOUSD-PERP",
      "m" : "4611686018428793764"
    } ]
  }
}