{
  "id" : -1,
  "method" : "public/get-trades",
  "code" : 0,
  "result" : {
    "data" : [ {
      "d" : "1756461358624210337",
      "t" : 1756461358624,
      "tn" : 1756461358624210337,
      "q" : "2.3",
      "p" : "0.51053",
      "s" : "buy",
      "i" : "JUP_USD",
      "m" : "4611686018429513057"
    }, {
      "d" : "1756461337903451939",
      "t" : 1756461337903,
      "tn" : 1756461337903451939,
      "q" : "2.4",
      "p" : "0.50988",
      "s" : "buy",
      "i" : "JUP_USD",
      "m" : "4611686018429513056"
    }, {
      "d" : "1756461276169170696",
      "t" : 1756461276169,
      "tn" : 1756461276169170696,
      "q" : "24.6",
      "p" : "0.50977",
      "s" : "buy",
      "i" : "JUP_USD",
      "m" : "4611686018429513055"
    }, {
      "d" : "1756461276169168383",
      "t" : 1756461276169,
      "tn" : 1756461276169168383,
      "q" : "2.4",
      "p" : "0.50973",
      "s" : "buy",
      "i" : "JUP_USD",
      "m" : "4611686018429513054"
    }, {
      "d" : "1756461226120054407",
      "t" : 1756461226120,
      "tn" : 1756461226120054407,
      "q" : "24.6",
      "p" : "0.50890",
      "s" : "buy",
      "i" : "JUP_USD",
      "m" : "4611686018429513053"
    }, {
      "d" : "1756461226120051846",
      "t" : 1756461226120,
      "tn" : 1756461226120051846,
      "q" : "2.4",
      "p" : "0.50888",
      "s" : "buy",
      "i" : "JUP_USD",
      "m" : "4611686018429513052"
    }, {
      "d" : "1756461225490382214",
      "t" : 1756461225490,
      "tn" : 1756461225490382214,
      "q" : "45.5",
      "p" : "0.50875",
      "s" : "buy",
      "i" : "JUP_USD",
      "m" : "4611686018429513051"
    }, {
      "d" : "1756461225489949329",
      "t" : 1756461225489,
      "tn" : 1756461225489949329,
      "q" : "45.6",
      "p" : "0.50875",
      "s" : "buy",
      "i" : "JUP_USD",
      "m" : "4611686018429513050"
    }, {
      "d" : "1756461225489884925",
      "t" : 1756461225489,
      "tn" : 1756461225489884925,
      "q" : "43.1",
      "p" : "0.50875",
      "s" : "buy",
      "i" : "JUP_USD",
      "m" : "4611686018429513049"
    }, {
      "d" : "1756461225489882282",
      "t" : 1756461225489,
      "tn" : 1756461225489882282,
      "q" : "2.4",
      "p" : "0.50873",
      "s" : "buy",
      "i" : "JUP_USD",
      "m" : "4611686018429513048"
    }, {
      "d" : "1756461211132657436",
      "t" : 1756461211132,
      "tn" : 1756461211132657436,
      "q" : "2.3",
      "p" : "0.50863",
      "s" : "buy",
      "i" : "JUP_USD",
      "m" : "4611686018429513047"
    }, {
      "d" : "1756461158037808989",
      "t" : 1756461158037,
      "tn" : 1756461158037808989,
      "q" : "45.6",
      "p" : "0.50860",
      "s" : "sell",
      "i" : "JUP_USD",
      "m" : "4611686018429513046"
    }, {
      "d" : "1756461158037092752",
      "t" : 1756461158037,
      "tn" : 1756461158037092752,
      "q" : "497.6",
      "p" : "0.50860",
      "s" : "sell",
      "i" : "JUP_USD",
      "m" : "4611686018429513045"
    }, {
      "d" : "1756461158037090910",
      "t" : 1756461158037,
      "tn" : 1756461158037090910,
      "q" : "2.4",
      "p" : "0.50862",
      "s" : "sell",
      "i" : "JUP_USD",
      "m" : "4611686018429513044"
    }, {
      "d" : "1756461153348026925",
      "t" : 1756461153348,
      "tn" : 1756461153348026925,
      "q" : "409.3",
      "p" : "0.50866",
      "s" : "sell",
      "i" : "JUP_USD",
      "m" : "4611686018429513043"
    }, {
      "d" : "1756461151934336701",
      "t" : 1756461151934,
      "tn" : 1756461151934336701,
      "q" : "45.5",
      "p" : "0.50872",
      "s" : "sell",
      "i" : "JUP_USD",
      "m" : "4611686018429513042"
    }, {
      "d" : "1756461151922849316",
      "t" : 1756461151922,
      "tn" : 1756461151922849316,
      "q" : "45.5",
      "p" : "0.50872",
      "s" : "sell",
      "i" : "JUP_USD",
      "m" : "4611686018429513041"
    }, {
      "d" : "1756461115281459541",
      "t" : 1756461115281,
      "tn" : 1756461115281459541,
      "q" : "291.4",
      "p" : "0.50886",
      "s" : "buy",
      "i" : "JUP_USD",
      "m" : "4611686018429513040"
    }, {
      "d" : "1756461115280772281",
      "t" : 1756461115280,
      "tn" : 1756461115280772281,
      "q" : "45.5",
      "p" : "0.50886",
      "s" : "buy",
      "i" : "JUP_USD",
      "m" : "4611686018429513039"
    }, {
      "d" : "1756461115280094192",
      "t" : 1756461115280,
      "tn" : 1756461115280094192,
      "q" : "45.6",
      "p" : "0.50886",
      "s" : "buy",
      "i" : "JUP_USD",
      "m" : "4611686018429513038"
    }, {
      "d" : "1756461115280091948",
      "t" : 1756461115280,
      "tn" : 1756461115280091948,
      "q" : "91.1",
      "p" : "0.50886",
      "s" : "buy",
      "i" : "JUP_USD",
      "m" : "4611686018429513037"
    }, {
      "d" : "1756461115280089273",
      "t" : 1756461115280,
      "tn" : 1756461115280089273,
      "q" : "43.1",
      "p" : "0.50886",
      "s" : "buy",
      "i" : "JUP_USD",
      "m" : "4611686018429513036"
    }, {
      "d" : "1756461115280086975",
      "t" : 1756461115280,
      "tn" : 1756461115280086975,
      "q" : "2.4",
      "p" : "0.50883",
      "s" : "buy",
      "i" : "JUP_USD",
      "m" : "4611686018429513035"
    }, {
      "d" : "1756460971000945252",
      "t" : 1756460971000,
      "tn" : 1756460971000945252,
      "q" : "45.6",
      "p" : "0.51137",
      "s" : "sell",
      "i" : "JUP_USD",
      "m" : "4611686018429513034"
    }, {
      "d" : "1756460971000933551",
      "t" : 1756460971000,
      "tn" : 1756460971000933551,
      "q" : "45.5",
      "p" : "0.51137",
      "s" : "sell",
      "i" : "JUP_USD",
      "m" : "4611686018429513033"
    }, {
      "d" : "1756460971000832386",
      "t" : 1756460971000,
      "tn" : 1756460971000832386,
      "q" : "45.6",
      "p" : "0.51137",
      "s" : "sell",
      "i" : "JUP_USD",
      "m" : "4611686018429513032"
    }, {
      "d" : "1756460971000215361",
      "t" : 1756460971000,
      "tn" : 1756460971000215361,
      "q" : "91.1",
      "p" : "0.51137",
      "s" : "sell",
      "i" : "JUP_USD",
      "m" : "4611686018429513031"
    }, {
      "d" : "1756460970999853283",
      "t" : 1756460970999,
      "tn" : 1756460970999853283,
      "q" : "45.6",
      "p" : "0.51137",
      "s" : "sell",
      "i" : "JUP_USD",
      "m" : "4611686018429513030"
    }, {
      "d" : "1756460970999776131",
      "t" : 1756460970999,
      "tn" : 1756460970999776131,
      "q" : "45.5",
      "p" : "0.51137",
      "s" : "sell",
      "i" : "JUP_USD",
      "m" : "4611686018429513029"
    }, {
      "d" : "1756460970999773260",
      "t" : 1756460970999,
      "tn" : 1756460970999773260,
      "q" : "45.6",
      "p" : "0.51137",
      "s" : "sell",
      "i" : "JUP_USD",
      "m" : "4611686018429513028"
    }, {
      "d" : "1756460970999448105",
      "t" : 1756460970999,
      "tn" : 1756460970999448105,
      "q" : "356.6",
      "p" : "0.51137",
      "s" : "sell",
      "i" : "JUP_USD",
      "m" : "4611686018429513027"
    }, {
      "d" : "1756460970999445218",
      "t" : 1756460970999,
      "tn" : 1756460970999445218,
      "q" : "43.1",
      "p" : "0.51137",
      "s" : "sell",
      "i" : "JUP_USD",
      "m" : "4611686018429513026"
    }, {
      "d" : "1756460970999443317",
      "t" : 1756460970999,
      "tn" : 1756460970999443317,
      "q" : "2.4",
      "p" : "0.51152",
      "s" : "sell",
      "i" : "JUP_USD",
      "m" : "4611686018429513025"
    }, {
      "d" : "1756460960969676585",
      "t" : 1756460960969,
      "tn" : 1756460960969676585,
      "q" : "393.5",
      "p" : "0.51128",
      "s" : "buy",
      "i" : "JUP_USD",
      "m" : "4611686018429513024"
    }, {
      "d" : "1756460960969122489",
      "t" : 1756460960969,
      "tn" : 1756460960969122489,
      "q" : "356.6",
      "p" : "0.51128",
      "s" : "buy",
      "i" : "JUP_USD",
      "m" : "4611686018429513023"
    }, {
      "d" : "1756460960969072328",
      "t" : 1756460960969,
      "tn" : 1756460960969072328,
      "q" : "136.7",
      "p" : "0.51128",
      "s" : "buy",
      "i" : "JUP_USD",
      "m" : "4611686018429513022"
    }, {
      "d" : "1756460960969057930",
      "t" : 1756460960969,
      "tn" : 1756460960969057930,
      "q" : "91.1",
      "p" : "0.51128",
      "s" : "buy",
      "i" : "JUP_USD",
      "m" : "4611686018429513021"
    }, {
      "d" : "1756460960969031984",
      "t" : 1756460960969,
      "tn" : 1756460960969031984,
      "q" : "2.4",
      "p" : "0.51123",
      "s" : "buy",
      "i" : "JUP_USD",
      "m" : "4611686018429513020"
    }, {
      "d" : "1756460898090363680",
      "t" : 1756460898090,
      "tn" : 1756460898090363680,
      "q" : "206.6",
      "p" : "0.51150",
      "s" : "sell",
      "i" : "JUP_USD",
      "m" : "4611686018429513019"
    }, {
      "d" : "1756460898090218402",
      "t" : 1756460898090,
      "tn" : 1756460898090218402,
      "q" : "500.0",
      "p" : "0.51150",
      "s" : "sell",
      "i" : "JUP_USD",
      "m" : "4611686018429513018"
    }, {
      "d" : "1756460898089548193",
      "t" : 1756460898089,
      "tn" : 1756460898089548193,
      "q" : "91.2",
      "p" : "0.51150",
      "s" : "sell",
      "i" : "JUP_USD",
      "m" : "4611686018429513017"
    }, {
      "d" : "1756460898089443687",
      "t" : 1756460898089,
      "tn" : 1756460898089443687,
      "q" : "136.7",
      "p" : "0.51150",
      "s" : "sell",
      "i" : "JUP_USD",
      "m" : "4611686018429513016"
    }, {
      "d" : "1756460898089438405",
      "t" : 1756460898089,
      "tn" : 1756460898089438405,
      "q" : "43.0",
      "p" : "0.51150",
      "s" : "sell",
      "i" : "JUP_USD",
      "m" : "4611686018429513015"
    }, {
      "d" : "1756460898089437113",
      "t" : 1756460898089,
      "tn" : 1756460898089437113,
      "q" : "2.4",
      "p" : "0.51152",
      "s" : "sell",
      "i" : "JUP_USD",
      "m" : "4611686018429513014"
    }, {
      "d" : "1756460751008471049",
      "t" : 1756460751008,
      "tn" : 1756460751008471049,
      "q" : "407.9",
      "p" : "0.51072",
      "s" : "buy",
      "i" : "JUP_USD",
      "m" : "4611686018429513013"
    }, {
      "d" : "1756460751008468163",
      "t" : 1756460751008,
      "tn" : 1756460751008468163,
      "q" : "2.4",
      "p" : "0.51063",
      "s" : "buy",
      "i" : "JUP_USD",
      "m" : "4611686018429513012"
    }, {
      "d" : "1756460749726488120",
      "t" : 1756460749726,
      "tn" : 1756460749726488120,
      "q" : "2.3",
      "p" : "0.51063",
      "s" : "buy",
      "i" : "JUP_USD",
      "m" : "4611686018429513011"
    }, {
      "d" : "1756460563478827781",
      "t" : 1756460563478,
      "tn" : 1756460563478827781,
      "q" : "2.3",
      "p" : "0.50937",
      "s" : "sell",
      "i" : "JUP_USD",
      "m" : "4611686018429513010"
    }, {
      "d" : "1756460525435105558",
      "t" : 1756460525435,
      "tn" : 1756460525435105558,
      "q" : "45.5",
      "p" : "0.50983",
      "s" : "buy",
      "i" : "JUP_USD",
      "m" : "4611686018429513009"
    }, {
      "d" : "1756460525434914944",
      "t" : 1756460525434,
      "tn" : 1756460525434914944,
      "q" : "45.6",
      "p" : "0.50983",
      "s" : "buy",
      "i" : "JUP_USD",
      "m" : "4611686018429513008"
    }, {
      "d" : "1756460525434085675",
      "t" : 1756460525434,
      "tn" : 1756460525434085675,
      "q" : "45.6",
      "p" : "0.50983",
      "s" : "buy",
      "i" : "JUP_USD",
      "m" : "4611686018429513007"
    }, {
      "d" : "1756460525431414268",
      "t" : 1756460525431,
      "tn" : 1756460525431414268,
      "q" : "45.5",
      "p" : "0.50983",
      "s" : "buy",
      "i" : "JUP_USD",
      "m" : "4611686018429513006"
    }, {
      "d" : "1756460525430670712",
      "t" : 1756460525430,
      "tn" : 1756460525430670712,
      "q" : "45.6",
      "p" : "0.50983",
      "s" : "buy",
      "i" : "JUP_USD",
      "m" : "4611686018429513005"
    }, {
      "d" : "1756460525430669949",
      "t" : 1756460525430,
      "tn" : 1756460525430669949,
      "q" : "45.5",
      "p" : "0.50983",
      "s" : "buy",
      "i" : "JUP_USD",
      "m" : "4611686018429513004"
    }, {
      "d" : "1756460525428498812",
      "t" : 1756460525428,
      "tn" : 1756460525428498811,
      "q" : "22.2",
      "p" : "0.50983",
      "s" : "buy",
      "i" : "JUP_USD",
      "m" : "4611686018429513003"
    }, {
      "d" : "1756460525428498811",
      "t" : 1756460525428,
      "tn" : 1756460525428498811,
      "q" : "2.4",
      "p" : "0.50983",
      "s" : "buy",
      "i" : "JUP_USD",
      "m" : "4611686018429513003"
    }, {
      "d" : "1756460411572460502",
      "t" : 1756460411572,
      "tn" : 1756460411572460502,
      "q" : "2.3",
      "p" : "0.50923",
      "s" : "buy",
      "i" : "JUP_USD",
      "m" : "4611686018429513002"
    }, {
      "d" : "1756460411127674235",
      "t" : 1756460411127,
      "tn" : 1756460411127674235,
      "q" : "2.4",
      "p" : "0.50913",
      "s" : "buy",
      "i" : "JUP_USD",
      "m" : "4611686018429513001"
    }, {
      "d" : "1756460410059156572",
      "t" : 1756460410059,
      "tn" : 1756460410059156572,
      "q" : "2.3",
      "p" : "0.50888",
      "s" : "buy",
      "i" : "JUP_USD",
      "m" : "4611686018429513000"
    }, {
      "d" : "1756460398105184894",
      "t" : 1756460398105,
      "tn" : 1756460398105184894,
      "q" : "0.1",
      "p" : "0.50833",
      "s" : "buy",
      "i" : "JUP_USD",
      "m" : "4611686018429512999"
    }, {
      "d" : "1756460398104988809",
      "t" : 1756460398104,
      "tn" : 1756460398104988809,
      "q" : "2.3",
      "p" : "0.50833",
      "s" : "buy",
      "i" : "JUP_USD",
      "m" : "4611686018429512998"
    }, {
      "d" : "1756460361762300222",
      "t" : 1756460361762,
      "tn" : 1756460361762300222,
      "q" : "2.4",
      "p" : "0.50763",
      "s" : "buy",
      "i" : "JUP_USD",
      "m" : "4611686018429512997"
    }, {
      "d" : "1756460348198370402",
      "t" : 1756460348198,
      "tn" : 1756460348198370402,
      "q" : "24.6",
      "p" : "0.50815",
      "s" : "sell",
      "i" : "JUP_USD",
      "m" : "4611686018429512996"
    }, {
      "d" : "1756460348198367524",
      "t" : 1756460348198,
      "tn" : 1756460348198367524,
      "q" : "2.4",
      "p" : "0.50822",
      "s" : "sell",
      "i" : "JUP_USD",
      "m" : "4611686018429512995"
    }, {
      "d" : "1756460315198466324",
      "t" : 1756460315198,
      "tn" : 1756460315198466324,
      "q" : "2.4",
      "p" : "0.50852",
      "s" : "sell",
      "i" : "JUP_USD",
      "m" : "4611686018429512994"
    }, {
      "d" : "1756460224271391817",
      "t" : 1756460224271,
      "tn" : 1756460224271391817,
      "q" : "180.3",
      "p" : "0.50879",
      "s" : "sell",
      "i" : "JUP_USD",
      "m" : "4611686018429512993"
    }, {
      "d" : "1756460223786879160",
      "t" : 1756460223786,
      "tn" : 1756460223786879160,
      "q" : "2.4",
      "p" : "0.50879",
      "s" : "buy",
      "i" : "JUP_USD",
      "m" : "4611686018429512992"
    }, {
      "d" : "1756460185544991381",
      "t" : 1756460185544,
      "tn" : 1756460185544991381,
      "q" : "45.6",
      "p" : "0.50979",
      "s" : "buy",
      "i" : "JUP_USD",
      "m" : "4611686018429512991"
    }, {
      "d" : "1756460182397951208",
      "t" : 1756460182397,
      "tn" : 1756460182397951208,
      "q" : "45.6",
      "p" : "0.50898",
      "s" : "buy",
      "i" : "JUP_USD",
      "m" : "4611686018429512990"
    }, {
      "d" : "1756460182397947633",
      "t" : 1756460182397,
      "tn" : 1756460182397947633,
      "q" : "20.8",
      "p" : "0.50898",
      "s" : "buy",
      "i" : "JUP_USD",
      "m" : "4611686018429512989"
    }, {
      "d" : "1756460182397944944",
      "t" : 1756460182397,
      "tn" : 1756460182397944944,
      "q" : "24.6",
      "p" : "0.50897",
      "s" : "buy",
      "i" : "JUP_USD",
      "m" : "4611686018429512988"
    }, {
      "d" : "1756460178730854814",
      "t" : 1756460178730,
      "tn" : 1756460178730854814,
      "q" : "118.8",
      "p" : "0.50872",
      "s" : "buy",
      "i" : "JUP_USD",
      "m" : "4611686018429512987"
    }, {
      "d" : "1756460178726809272",
      "t" : 1756460178726,
      "tn" : 1756460178726809272,
      "q" : "2.4",
      "p" : "0.50882",
      "s" : "sell",
      "i" : "JUP_USD",
      "m" : "4611686018429512986"
    }, {
      "d" : "1756460168656199410",
      "t" : 1756460168656,
      "tn" : 1756460168656199410,
      "q" : "2.4",
      "p" : "0.50912",
      "s" : "sell",
      "i" : "JUP_USD",
      "m" : "4611686018429512985"
    }, {
      "d" : "1756460163990568976",
      "t" : 1756460163990,
      "tn" : 1756460163990568976,
      "q" : "412.5",
      "p" : "0.50931",
      "s" : "sell",
      "i" : "JUP_USD",
      "m" : "4611686018429512984"
    }, {
      "d" : "1756460162886054273",
      "t" : 1756460162886,
      "tn" : 1756460162886054273,
      "q" : "22.3",
      "p" : "0.50932",
      "s" : "buy",
      "i" : "JUP_USD",
      "m" : "4611686018429512983"
    }, {
      "d" : "1756460162874792500",
      "t" : 1756460162874,
      "tn" : 1756460162874792500,
      "q" : "195.4",
      "p" : "0.50932",
      "s" : "buy",
      "i" : "JUP_USD",
      "m" : "4611686018429512982"
    }, {
      "d" : "1756460162775133628",
      "t" : 1756460162775,
      "tn" : 1756460162775133628,
      "q" : "123.7",
      "p" : "0.50932",
      "s" : "buy",
      "i" : "JUP_USD",
      "m" : "4611686018429512981"
    }, {
      "d" : "1756460162712079607",
      "t" : 1756460162712,
      "tn" : 1756460162712079607,
      "q" : "23.4",
      "p" : "0.50932",
      "s" : "buy",
      "i" : "JUP_USD",
      "m" : "4611686018429512980"
    }, {
      "d" : "1756460162700148946",
      "t" : 1756460162700,
      "tn" : 1756460162700148946,
      "q" : "500.7",
      "p" : "0.50932",
      "s" : "buy",
      "i" : "JUP_USD",
      "m" : "4611686018429512979"
    }, {
      "d" : "1756460162693728391",
      "t" : 1756460162693,
      "tn" : 1756460162693728391,
      "q" : "2.4",
      "p" : "0.50932",
      "s" : "sell",
      "i" : "JUP_USD",
      "m" : "4611686018429512978"
    }, {
      "d" : "1756460156616209814",
      "t" : 1756460156616,
      "tn" : 1756460156616209814,
      "q" : "2.4",
      "p" : "0.50962",
      "s" : "sell",
      "i" : "JUP_USD",
      "m" : "4611686018429512977"
    }, {
      "d" : "1756460127868168516",
      "t" : 1756460127868,
      "tn" : 1756460127868168516,
      "q" : "45.5",
      "p" : "0.51007",
      "s" : "sell",
      "i" : "JUP_USD",
      "m" : "4611686018429512976"
    }, {
      "d" : "1756460127868089973",
      "t" : 1756460127868,
      "tn" : 1756460127868089973,
      "q" : "45.6",
      "p" : "0.51007",
      "s" : "sell",
      "i" : "JUP_USD",
      "m" : "4611686018429512975"
    }, {
      "d" : "1756460127867641439",
      "t" : 1756460127867,
      "tn" : 1756460127867641439,
      "q" : "45.5",
      "p" : "0.51007",
      "s" : "sell",
      "i" : "JUP_USD",
      "m" : "4611686018429512974"
    }, {
      "d" : "1756460127867591269",
      "t" : 1756460127867,
      "tn" : 1756460127867591269,
      "q" : "91.1",
      "p" : "0.51007",
      "s" : "sell",
      "i" : "JUP_USD",
      "m" : "4611686018429512973"
    }, {
      "d" : "1756460127865899944",
      "t" : 1756460127865,
      "tn" : 1756460127865899944,
      "q" : "81.2",
      "p" : "0.51007",
      "s" : "sell",
      "i" : "JUP_USD",
      "m" : "4611686018429512972"
    }, {
      "d" : "1756460040205428304",
      "t" : 1756460040205,
      "tn" : 1756460040205428303,
      "q" : "2.4",
      "p" : "0.51072",
      "s" : "sell",
      "i" : "JUP_USD",
      "m" : "4611686018429512971"
    }, {
      "d" : "1756460040205428303",
      "t" : 1756460040205,
      "tn" : 1756460040205428303,
      "q" : "23.8",
      "p" : "0.51072",
      "s" : "sell",
      "i" : "JUP_USD",
      "m" : "4611686018429512971"
    }, {
      "d" : "1756460031567319712",
      "t" : 1756460031567,
      "tn" : 1756460031567319712,
      "q" : "2.3",
      "p" : "0.51063",
      "s" : "buy",
      "i" : "JUP_USD",
      "m" : "4611686018429512970"
    }, {
      "d" : "1756460011838430658",
      "t" : 1756460011838,
      "tn" : 1756460011838430658,
      "q" : "2.4",
      "p" : "0.51023",
      "s" : "buy",
      "i" : "JUP_USD",
      "m" : "4611686018429512969"
    }, {
      "d" : "1756460011832506559",
      "t" : 1756460011832,
      "tn" : 1756460011832506559,
      "q" : "2.4",
      "p" : "0.51033",
      "s" : "buy",
      "i" : "JUP_USD",
      "m" : "4611686018429512968"
    }, {
      "d" : "1756459994535740840",
      "t" : 1756459994535,
      "tn" : 1756459994535740840,
      "q" : "689.2",
      "p" : "0.51080",
      "s" : "buy",
      "i" : "JUP_USD",
      "m" : "4611686018429512967"
    }, {
      "d" : "1756459994535705792",
      "t" : 1756459994535,
      "tn" : 1756459994535705792,
      "q" : "41.8",
      "p" : "0.51080",
      "s" : "buy",
      "i" : "JUP_USD",
      "m" : "4611686018429512966"
    }, {
      "d" : "1756459994535642520",
      "t" : 1756459994535,
      "tn" : 1756459994535642520,
      "q" : "65.6",
      "p" : "0.51080",
      "s" : "buy",
      "i" : "JUP_USD",
      "m" : "4611686018429512965"
    }, {
      "d" : "1756459994535634257",
      "t" : 1756459994535,
      "tn" : 1756459994535634257,
      "q" : "91.1",
      "p" : "0.51080",
      "s" : "buy",
      "i" : "JUP_USD",
      "m" : "4611686018429512964"
    }, {
      "d" : "1756459994535624404",
      "t" : 1756459994535,
      "tn" : 1756459994535624404,
      "q" : "91.1",
      "p" : "0.51080",
      "s" : "buy",
      "i" : "JUP_USD",
      "m" : "4611686018429512963"
    }, {
      "d" : "1756459986002324187",
      "t" : 1756459986002,
      "tn" : 1756459986002324187,
      "q" : "978.0",
      "p" : "0.51124",
      "s" : "sell",
      "i" : "JUP_USD",
      "m" : "4611686018429512962"
    }, {
      "d" : "1756459643519507949",
      "t" : 1756459643519,
      "tn" : 1756459643519507949,
      "q" : "45.6",
      "p" : "0.51096",
      "s" : "sell",
      "i" : "JUP_USD",
      "m" : "4611686018429512961"
    }, {
      "d" : "1756459643519504702",
      "t" : 1756459643519,
      "tn" : 1756459643519504702,
      "q" : "21.0",
      "p" : "0.51096",
      "s" : "sell",
      "i" : "JUP_USD",
      "m" : "4611686018429512960"
    }, {
      "d" : "1756459643518246861",
      "t" : 1756459643518,
      "tn" : 1756459643518246861,
      "q" : "419.0",
      "p" : "0.51096",
      "s" : "sell",
      "i" : "JUP_USD",
      "m" : "4611686018429512959"
    }, {
      "d" : "1756459643518243755",
      "t" : 1756459643518,
      "tn" : 1756459643518243755,
      "q" : "2.4",
      "p" : "0.51102",
      "s" : "sell",
      "i" : "JUP_USD",
      "m" : "4611686018429512958"
    }, {
      "d" : "1756459629248882488",
      "t" : 1756459629248,
      "tn" : 1756459629248882488,
      "q" : "24.5",
      "p" : "0.51128",
      "s" : "sell",
      "i" : "JUP_USD",
      "m" : "4611686018429512957"
    }, {
      "d" : "1756459545350292798",
      "t" : 1756459545350,
      "tn" : 1756459545350292798,
      "q" : "2.3",
      "p" : "0.51173",
      "s" : "buy",
      "i" : "JUP_USD",
      "m" : "4611686018429512956"
    }, {
      "d" : "1756459500635014599",
      "t" : 1756459500635,
      "tn" : 1756459500635014599,
      "q" : "2.3",
      "p" : "0.51173",
      "s" : "buy",
      "i" : "JUP_USD",
      "m" : "4611686018429512955"
    }, {
      "d" : "1756459446786564103",
      "t" : 1756459446786,
      "tn" : 1756459446786564103,
      "q" : "329.8",
      "p" : "0.51143",
      "s" : "sell",
      "i" : "JUP_USD",
      "m" : "4611686018429512954"
    }, {
      "d" : "1756459446771847689",
      "t" : 1756459446771,
      "tn" : 1756459446771847689,
      "q" : "45.1",
      "p" : "0.51143",
      "s" : "sell",
      "i" : "JUP_USD",
      "m" : "4611686018429512953"
    }, {
      "d" : "1756459446766417440",
      "t" : 1756459446766,
      "tn" : 1756459446766417440,
      "q" : "2.4",
      "p" : "0.51143",
      "s" : "buy",
      "i" : "JUP_USD",
      "m" : "4611686018429512952"
    }, {
      "d" : "1756459446758635043",
      "t" : 1756459446758,
      "tn" : 1756459446758635043,
      "q" : "2.4",
      "p" : "0.51142",
      "s" : "sell",
      "i" : "JUP_USD",
      "m" : "4611686018429512951"
    }, {
      "d" : "1756459440679390802",
      "t" : 1756459440679,
      "tn" : 1756459440679390802,
      "q" : "2.4",
      "p" : "0.51143",
      "s" : "buy",
      "i" : "JUP_USD",
      "m" : "4611686018429512950"
    }, {
      "d" : "1756459435110916115",
      "t" : 1756459435110,
      "tn" : 1756459435110916115,
      "q" : "2.4",
      "p" : "0.51143",
      "s" : "buy",
      "i" : "JUP_USD",
      "m" : "4611686018429512949"
    }, {
      "d" : "1756459429246733454",
      "t" : 1756459429246,
      "tn" : 1756459429246733454,
      "q" : "2.4",
      "p" : "0.51163",
      "s" : "buy",
      "i" : "JUP_USD",
      "m" : "4611686018429512948"
    }, {
      "d" : "1756459422964845828",
      "t" : 1756459422964,
      "tn" : 1756459422964845828,
      "q" : "2.4",
      "p" : "0.51133",
      "s" : "buy",
      "i" : "JUP_USD",
      "m" : "4611686018429512947"
    }, {
      "d" : "1756459375294043805",
      "t" : 1756459375294,
      "tn" : 1756459375294043805,
      "q" : "2.3",
      "p" : "0.51203",
      "s" : "buy",
      "i" : "JUP_USD",
      "m" : "4611686018429512946"
    }, {
      "d" : "1756459329073809461",
      "t" : 1756459329073,
      "tn" : 1756459329073809461,
      "q" : "2.3",
      "p" : "0.51203",
      "s" : "buy",
      "i" : "JUP_USD",
      "m" : "4611686018429512945"
    }, {
      "d" : "1756459262614414618",
      "t" : 1756459262614,
      "tn" : 1756459262614414618,
      "q" : "43.1",
      "p" : "0.51070",
      "s" : "sell",
      "i" : "JUP_USD",
      "m" : "4611686018429512944"
    }, {
      "d" : "1756459262613946873",
      "t" : 1756459262613,
      "tn" : 1756459262613946873,
      "q" : "271.5",
      "p" : "0.51070",
      "s" : "sell",
      "i" : "JUP_USD",
      "m" : "4611686018429512943"
    }, {
      "d" : "1756459262613364529",
      "t" : 1756459262613,
      "tn" : 1756459262613364529,
      "q" : "45.5",
      "p" : "0.51070",
      "s" : "sell",
      "i" : "JUP_USD",
      "m" : "4611686018429512942"
    }, {
      "d" : "1756459262613317962",
      "t" : 1756459262613,
      "tn" : 1756459262613317962,
      "q" : "43.1",
      "p" : "0.51070",
      "s" : "sell",
      "i" : "JUP_USD",
      "m" : "4611686018429512941"
    }, {
      "d" : "1756459227099123080",
      "t" : 1756459227099,
      "tn" : 1756459227099123080,
      "q" : "39.8",
      "p" : "0.51097",
      "s" : "buy",
      "i" : "JUP_USD",
      "m" : "4611686018429512940"
    }, {
      "d" : "1756459212732818544",
      "t" : 1756459212732,
      "tn" : 1756459212732818544,
      "q" : "24.5",
      "p" : "0.51075",
      "s" : "buy",
      "i" : "JUP_USD",
      "m" : "4611686018429512939"
    }, {
      "d" : "1756459211102825200",
      "t" : 1756459211102,
      "tn" : 1756459211102825200,
      "q" : "2.3",
      "p" : "0.51073",
      "s" : "buy",
      "i" : "JUP_USD",
      "m" : "4611686018429512938"
    }, {
      "d" : "1756459211031711418",
      "t" : 1756459211031,
      "tn" : 1756459211031711418,
      "q" : "2.3",
      "p" : "0.51063",
      "s" : "buy",
      "i" : "JUP_USD",
      "m" : "4611686018429512937"
    }, {
      "d" : "1756459186095526997",
      "t" : 1756459186095,
      "tn" : 1756459186095526997,
      "q" : "2.3",
      "p" : "0.50993",
      "s" : "buy",
      "i" : "JUP_USD",
      "m" : "4611686018429512936"
    }, {
      "d" : "1756459181880064941",
      "t" : 1756459181880,
      "tn" : 1756459181880064941,
      "q" : "2.3",
      "p" : "0.50963",
      "s" : "buy",
      "i" : "JUP_USD",
      "m" : "4611686018429512935"
    }, {
      "d" : "1756459169226478698",
      "t" : 1756459169226,
      "tn" : 1756459169226478698,
      "q" : "2.3",
      "p" : "0.50893",
      "s" : "buy",
      "i" : "JUP_USD",
      "m" : "4611686018429512934"
    }, {
      "d" : "1756459169084317665",
      "t" : 1756459169084,
      "tn" : 1756459169084317665,
      "q" : "24.6",
      "p" : "0.50888",
      "s" : "buy",
      "i" : "JUP_USD",
      "m" : "4611686018429512933"
    }, {
      "d" : "1756459169084314378",
      "t" : 1756459169084,
      "tn" : 1756459169084314378,
      "q" : "2.4",
      "p" : "0.50873",
      "s" : "buy",
      "i" : "JUP_USD",
      "m" : "4611686018429512932"
    }, {
      "d" : "1756459150300509688",
      "t" : 1756459150300,
      "tn" : 1756459150300509688,
      "q" : "2.3",
      "p" : "0.50803",
      "s" : "buy",
      "i" : "JUP_USD",
      "m" : "4611686018429512931"
    }, {
      "d" : "1756459102833928282",
      "t" : 1756459102833,
      "tn" : 1756459102833928282,
      "q" : "2.3",
      "p" : "0.50893",
      "s" : "buy",
      "i" : "JUP_USD",
      "m" : "4611686018429512930"
    }, {
      "d" : "1756459073702977607",
      "t" : 1756459073702,
      "tn" : 1756459073702977607,
      "q" : "45.5",
      "p" : "0.50744",
      "s" : "buy",
      "i" : "JUP_USD",
      "m" : "4611686018429512929"
    }, {
      "d" : "1756459073702974628",
      "t" : 1756459073702,
      "tn" : 1756459073702974628,
      "q" : "273.4",
      "p" : "0.50744",
      "s" : "buy",
      "i" : "JUP_USD",
      "m" : "4611686018429512928"
    }, {
      "d" : "1756459073702580276",
      "t" : 1756459073702,
      "tn" : 1756459073702580276,
      "q" : "43.2",
      "p" : "0.50744",
      "s" : "buy",
      "i" : "JUP_USD",
      "m" : "4611686018429512927"
    }, {
      "d" : "1756459073702578420",
      "t" : 1756459073702,
      "tn" : 1756459073702578420,
      "q" : "2.4",
      "p" : "0.50728",
      "s" : "buy",
      "i" : "JUP_USD",
      "m" : "4611686018429512926"
    }, {
      "d" : "1756459073702505293",
      "t" : 1756459073702,
      "tn" : 1756459073702505293,
      "q" : "45.5",
      "p" : "0.50744",
      "s" : "buy",
      "i" : "JUP_USD",
      "m" : "4611686018429512925"
    }, {
      "d" : "1756459073702440644",
      "t" : 1756459073702,
      "tn" : 1756459073702440644,
      "q" : "93.1",
      "p" : "0.50744",
      "s" : "buy",
      "i" : "JUP_USD",
      "m" : "4611686018429512924"
    }, {
      "d" : "1756459073702357474",
      "t" : 1756459073702,
      "tn" : 1756459073702357474,
      "q" : "24.7",
      "p" : "0.50743",
      "s" : "buy",
      "i" : "JUP_USD",
      "m" : "4611686018429512923"
    }, {
      "d" : "1756458946720750578",
      "t" : 1756458946720,
      "tn" : 1756458946720750578,
      "q" : "2.4",
      "p" : "0.50683",
      "s" : "buy",
      "i" : "JUP_USD",
      "m" : "4611686018429512922"
    }, {
      "d" : "1756458946720748474",
      "t" : 1756458946720,
      "tn" : 1756458946720748474,
      "q" : "19.6",
      "p" : "0.50678",
      "s" : "buy",
      "i" : "JUP_USD",
      "m" : "4611686018429512921"
    }, {
      "d" : "1756458946714846586",
      "t" : 1756458946714,
      "tn" : 1756458946714846586,
      "q" : "2.4",
      "p" : "0.50678",
      "s" : "sell",
      "i" : "JUP_USD",
      "m" : "4611686018429512920"
    }, {
      "d" : "1756458796529968849",
      "t" : 1756458796529,
      "tn" : 1756458796529968849,
      "q" : "110.5",
      "p" : "0.50811",
      "s" : "sell",
      "i" : "JUP_USD",
      "m" : "4611686018429512919"
    }, {
      "d" : "1756458796513391006",
      "t" : 1756458796513,
      "tn" : 1756458796513391006,
      "q" : "984.0",
      "p" : "0.50811",
      "s" : "buy",
      "i" : "JUP_USD",
      "m" : "4611686018429512918"
    }, {
      "d" : "1756458796513388221",
      "t" : 1756458796513,
      "tn" : 1756458796513388221,
      "q" : "2.4",
      "p" : "0.50803",
      "s" : "buy",
      "i" : "JUP_USD",
      "m" : "4611686018429512917"
    }, {
      "d" : "1756458793490428021",
      "t" : 1756458793490,
      "tn" : 1756458793490428021,
      "q" : "82.0",
      "p" : "0.50813",
      "s" : "sell",
      "i" : "JUP_USD",
      "m" : "4611686018429512916"
    }, {
      "d" : "1756458793416881589",
      "t" : 1756458793416,
      "tn" : 1756458793416881589,
      "q" : "80.0",
      "p" : "0.50813",
      "s" : "sell",
      "i" : "JUP_USD",
      "m" : "4611686018429512915"
    }, {
      "d" : "1756458793400309243",
      "t" : 1756458793400,
      "tn" : 1756458793400309243,
      "q" : "572.8",
      "p" : "0.50813",
      "s" : "sell",
      "i" : "JUP_USD",
      "m" : "4611686018429512914"
    }, {
      "d" : "1756458792799459042",
      "t" : 1756458792799,
      "tn" : 1756458792799459042,
      "q" : "2.4",
      "p" : "0.50813",
      "s" : "buy",
      "i" : "JUP_USD",
      "m" : "4611686018429512913"
    }, {
      "d" : "1756458786688524382",
      "t" : 1756458786688,
      "tn" : 1756458786688524382,
      "q" : "2.4",
      "p" : "0.50803",
      "s" : "buy",
      "i" : "JUP_USD",
      "m" : "4611686018429512912"
    }, {
      "d" : "1756458782242214827",
      "t" : 1756458782242,
      "tn" : 1756458782242214827,
      "q" : "411.1",
      "p" : "0.50819",
      "s" : "buy",
      "i" : "JUP_USD",
      "m" : "4611686018429512911"
    }, {
      "d" : "1756458782242212007",
      "t" : 1756458782242,
      "tn" : 1756458782242212007,
      "q" : "2.4",
      "p" : "0.50793",
      "s" : "buy",
      "i" : "JUP_USD",
      "m" : "4611686018429512910"
    } ]
  }
}