{
  "id" : -1,
  "method" : "public/get-trades",
  "code" : 0,
  "result" : {
    "data" : [ {
      "d" : "1756461358624233638",
      "t" : 1756461358624,
      "tn" : 1756461358624233638,
      "q" : "2.3",
      "p" : "0.51046",
      "s" : "buy",
      "i" : "JUP_USDT",
      "m" : "4611686018429036851"
    }, {
      "d" : "1756461211132688527",
      "t" : 1756461211132,
      "tn" : 1756461211132688527,
      "q" : "2.3",
      "p" : "0.50856",
      "s" : "buy",
      "i" : "JUP_USDT",
      "m" : "4611686018429036850"
    }, {
      "d" : "1756461187041685353",
      "t" : 1756461187041,
      "tn" : 1756461187041685353,
      "q" : "2.3",
      "p" : "0.50876",
      "s" : "buy",
      "i" : "JUP_USDT",
      "m" : "4611686018429036849"
    }, {
      "d" : "1756460960969952336",
      "t" : 1756460960969,
      "tn" : 1756460960969952336,
      "q" : "516.9",
      "p" : "0.51136",
      "s" : "buy",
      "i" : "JUP_USDT",
      "m" : "4611686018429036848"
    }, {
      "d" : "1756460960969053328",
      "t" : 1756460960969,
      "tn" : 1756460960969053328,
      "q" : "2.4",
      "p" : "0.51116",
      "s" : "buy",
      "i" : "JUP_USDT",
      "m" : "4611686018429036847"
    }, {
      "d" : "1756460749726524265",
      "t" : 1756460749726,
      "tn" : 1756460749726524265,
      "q" : "2.3",
      "p" : "0.51056",
      "s" : "buy",
      "i" : "JUP_USDT",
      "m" : "4611686018429036846"
    }, {
      "d" : "1756460563478823703",
      "t" : 1756460563478,
      "tn" : 1756460563478823703,
      "q" : "2.3",
      "p" : "0.50929",
      "s" : "sell",
      "i" : "JUP_USDT",
      "m" : "4611686018429036845"
    }, {
      "d" : "1756460411534243382",
      "t" : 1756460411534,
      "tn" : 1756460411534243382,
      "q" : "2.3",
      "p" : "0.50916",
      "s" : "buy",
      "i" : "JUP_USDT",
      "m" : "4611686018429036844"
    }, {
      "d" : "1756460410059261612",
      "t" : 1756460410059,
      "tn" : 1756460410059261612,
      "q" : "2.3",
      "p" : "0.50876",
      "s" : "buy",
      "i" : "JUP_USDT",
      "m" : "4611686018429036843"
    }, {
      "d" : "1756460398105181432",
      "t" : 1756460398105,
      "tn" : 1756460398105181432,
      "q" : "0.1",
      "p" : "0.50826",
      "s" : "buy",
      "i" : "JUP_USDT",
      "m" : "4611686018429036842"
    }, {
      "d" : "1756460398105049153",
      "t" : 1756460398105,
      "tn" : 1756460398105049153,
      "q" : "2.3",
      "p" : "0.50826",
      "s" : "buy",
      "i" : "JUP_USDT",
      "m" : "4611686018429036841"
    }, {
      "d" : "1756460258980322319",
      "t" : 1756460258980,
      "tn" : 1756460258980322319,
      "q" : "2.3",
      "p" : "0.50896",
      "s" : "buy",
      "i" : "JUP_USDT",
      "m" : "4611686018429036840"
    }, {
      "d" : "1756460089597426510",
      "t" : 1756460089597,
      "tn" : 1756460089597426510,
      "q" : "0.1",
      "p" : "0.50976",
      "s" : "buy",
      "i" : "JUP_USDT",
      "m" : "4611686018429036839"
    }, {
      "d" : "1756460089597222206",
      "t" : 1756460089597,
      "tn" : 1756460089597222206,
      "q" : "2.3",
      "p" : "0.50976",
      "s" : "buy",
      "i" : "JUP_USDT",
      "m" : "4611686018429036838"
    }, {
      "d" : "1756460031567437558",
      "t" : 1756460031567,
      "tn" : 1756460031567437558,
      "q" : "2.3",
      "p" : "0.51056",
      "s" : "buy",
      "i" : "JUP_USDT",
      "m" : "4611686018429036837"
    }, {
      "d" : "1756459643522795288",
      "t" : 1756459643522,
      "tn" : 1756459643522795288,
      "q" : "2.4",
      "p" : "0.51094",
      "s" : "sell",
      "i" : "JUP_USDT",
      "m" : "4611686018429036836"
    }, {
      "d" : "1756459545350387198",
      "t" : 1756459545350,
      "tn" : 1756459545350387198,
      "q" : "2.3",
      "p" : "0.51166",
      "s" : "buy",
      "i" : "JUP_USDT",
      "m" : "4611686018429036835"
    }, {
      "d" : "1756459500635038628",
      "t" : 1756459500635,
      "tn" : 1756459500635038628,
      "q" : "2.3",
      "p" : "0.51166",
      "s" : "buy",
      "i" : "JUP_USDT",
      "m" : "4611686018429036834"
    }, {
      "d" : "1756459375294109204",
      "t" : 1756459375294,
      "tn" : 1756459375294109204,
      "q" : "2.3",
      "p" : "0.51196",
      "s" : "buy",
      "i" : "JUP_USDT",
      "m" : "4611686018429036833"
    }, {
      "d" : "1756459329073898402",
      "t" : 1756459329073,
      "tn" : 1756459329073898402,
      "q" : "2.3",
      "p" : "0.51196",
      "s" : "buy",
      "i" : "JUP_USDT",
      "m" : "4611686018429036832"
    }, {
      "d" : "1756459211102192159",
      "t" : 1756459211102,
      "tn" : 1756459211102192159,
      "q" : "2.3",
      "p" : "0.51066",
      "s" : "buy",
      "i" : "JUP_USDT",
      "m" : "4611686018429036831"
    }, {
      "d" : "1756459211031707076",
      "t" : 1756459211031,
      "tn" : 1756459211031707076,
      "q" : "2.3",
      "p" : "0.51056",
      "s" : "buy",
      "i" : "JUP_USDT",
      "m" : "4611686018429036830"
    }, {
      "d" : "1756459186095593722",
      "t" : 1756459186095,
      "tn" : 1756459186095593722,
      "q" : "2.3",
      "p" : "0.50986",
      "s" : "buy",
      "i" : "JUP_USDT",
      "m" : "4611686018429036829"
    }, {
      "d" : "1756459184327008329",
      "t" : 1756459184327,
      "tn" : 1756459184327008329,
      "q" : "2.3",
      "p" : "0.50986",
      "s" : "buy",
      "i" : "JUP_USDT",
      "m" : "4611686018429036828"
    }, {
      "d" : "1756459181880263130",
      "t" : 1756459181880,
      "tn" : 1756459181880263130,
      "q" : "2.3",
      "p" : "0.50956",
      "s" : "buy",
      "i" : "JUP_USDT",
      "m" : "4611686018429036827"
    }, {
      "d" : "1756459169226473377",
      "t" : 1756459169226,
      "tn" : 1756459169226473377,
      "q" : "2.3",
      "p" : "0.50886",
      "s" : "buy",
      "i" : "JUP_USDT",
      "m" : "4611686018429036826"
    }, {
      "d" : "1756459102833899308",
      "t" : 1756459102833,
      "tn" : 1756459102833899308,
      "q" : "2.3",
      "p" : "0.50886",
      "s" : "buy",
      "i" : "JUP_USDT",
      "m" : "4611686018429036825"
    }, {
      "d" : "1756458679432349195",
      "t" : 1756458679432,
      "tn" : 1756458679432349195,
      "q" : "2.3",
      "p" : "0.50486",
      "s" : "buy",
      "i" : "JUP_USDT",
      "m" : "4611686018429036824"
    }, {
      "d" : "1756458669578656369",
      "t" : 1756458669578,
      "tn" : 1756458669578656369,
      "q" : "2.3",
      "p" : "0.50486",
      "s" : "buy",
      "i" : "JUP_USDT",
      "m" : "4611686018429036823"
    }, {
      "d" : "1756458667119604815",
      "t" : 1756458667119,
      "tn" : 1756458667119604815,
      "q" : "2.2",
      "p" : "0.50466",
      "s" : "buy",
      "i" : "JUP_USDT",
      "m" : "4611686018429036822"
    }, {
      "d" : "1756458667060131105",
      "t" : 1756458667060,
      "tn" : 1756458667060131105,
      "q" : "0.1",
      "p" : "0.50466",
      "s" : "buy",
      "i" : "JUP_USDT",
      "m" : "4611686018429036821"
    }, {
      "d" : "1756458667031993297",
      "t" : 1756458667031,
      "tn" : 1756458667031993297,
      "q" : "2.3",
      "p" : "0.50466",
      "s" : "buy",
      "i" : "JUP_USDT",
      "m" : "4611686018429036820"
    }, {
      "d" : "1756458485357591516",
      "t" : 1756458485357,
      "tn" : 1756458485357591516,
      "q" : "2.3",
      "p" : "0.50546",
      "s" : "buy",
      "i" : "JUP_USDT",
      "m" : "4611686018429036819"
    }, {
      "d" : "1756458482110900499",
      "t" : 1756458482110,
      "tn" : 1756458482110900499,
      "q" : "2.3",
      "p" : "0.50526",
      "s" : "buy",
      "i" : "JUP_USDT",
      "m" : "4611686018429036818"
    }, {
      "d" : "1756458060701540850",
      "t" : 1756458060701,
      "tn" : 1756458060701540850,
      "q" : "2.4",
      "p" : "0.50639",
      "s" : "sell",
      "i" : "JUP_USDT",
      "m" : "4611686018429036817"
    }, {
      "d" : "1756457976820899429",
      "t" : 1756457976820,
      "tn" : 1756457976820899429,
      "q" : "2.3",
      "p" : "0.50766",
      "s" : "buy",
      "i" : "JUP_USDT",
      "m" : "4611686018429036816"
    }, {
      "d" : "1756457882108835455",
      "t" : 1756457882108,
      "tn" : 1756457882108835455,
      "q" : "2.3",
      "p" : "0.50776",
      "s" : "buy",
      "i" : "JUP_USDT",
      "m" : "4611686018429036815"
    }, {
      "d" : "1756457842046391565",
      "t" : 1756457842046,
      "tn" : 1756457842046391565,
      "q" : "2.4",
      "p" : "0.50824",
      "s" : "sell",
      "i" : "JUP_USDT",
      "m" : "4611686018429036814"
    }, {
      "d" : "1756457830721821579",
      "t" : 1756457830721,
      "tn" : 1756457830721821579,
      "q" : "2.4",
      "p" : "0.50854",
      "s" : "sell",
      "i" : "JUP_USDT",
      "m" : "4611686018429036813"
    }, {
      "d" : "1756457727175114728",
      "t" : 1756457727175,
      "tn" : 1756457727175114728,
      "q" : "426.2",
      "p" : "0.50993",
      "s" : "buy",
      "i" : "JUP_USDT",
      "m" : "4611686018429036812"
    }, {
      "d" : "1756457727175113190",
      "t" : 1756457727175,
      "tn" : 1756457727175113190,
      "q" : "2.4",
      "p" : "0.50966",
      "s" : "buy",
      "i" : "JUP_USDT",
      "m" : "4611686018429036811"
    }, {
      "d" : "1756457727172792794",
      "t" : 1756457727172,
      "tn" : 1756457727172792794,
      "q" : "0.1",
      "p" : "0.50966",
      "s" : "buy",
      "i" : "JUP_USDT",
      "m" : "4611686018429036810"
    }, {
      "d" : "1756457727172717106",
      "t" : 1756457727172,
      "tn" : 1756457727172717106,
      "q" : "2.3",
      "p" : "0.50966",
      "s" : "buy",
      "i" : "JUP_USDT",
      "m" : "4611686018429036809"
    }, {
      "d" : "1756457708451593009",
      "t" : 1756457708451,
      "tn" : 1756457708451593009,
      "q" : "2.3",
      "p" : "0.51006",
      "s" : "buy",
      "i" : "JUP_USDT",
      "m" : "4611686018429036808"
    }, {
      "d" : "1756457688887018185",
      "t" : 1756457688887,
      "tn" : 1756457688887018185,
      "q" : "201.2",
      "p" : "0.51038",
      "s" : "sell",
      "i" : "JUP_USDT",
      "m" : "4611686018429036807"
    }, {
      "d" : "1756457688886732812",
      "t" : 1756457688886,
      "tn" : 1756457688886732812,
      "q" : "2.4",
      "p" : "0.51044",
      "s" : "sell",
      "i" : "JUP_USDT",
      "m" : "4611686018429036806"
    }, {
      "d" : "1756457629467555245",
      "t" : 1756457629467,
      "tn" : 1756457629467555245,
      "q" : "2.3",
      "p" : "0.51165",
      "s" : "buy",
      "i" : "JUP_USDT",
      "m" : "4611686018429036805"
    }, {
      "d" : "1756457624437414827",
      "t" : 1756457624437,
      "tn" : 1756457624437414827,
      "q" : "2.3",
      "p" : "0.51166",
      "s" : "buy",
      "i" : "JUP_USDT",
      "m" : "4611686018429036804"
    }, {
      "d" : "1756457618158002111",
      "t" : 1756457618158,
      "tn" : 1756457618158002111,
      "q" : "2.3",
      "p" : "0.51186",
      "s" : "buy",
      "i" : "JUP_USDT",
      "m" : "4611686018429036803"
    }, {
      "d" : "1756457610040273105",
      "t" : 1756457610040,
      "tn" : 1756457610040273105,
      "q" : "2.3",
      "p" : "0.51176",
      "s" : "buy",
      "i" : "JUP_USDT",
      "m" : "4611686018429036802"
    }, {
      "d" : "1756457600641321343",
      "t" : 1756457600641,
      "tn" : 1756457600641321343,
      "q" : "2.4",
      "p" : "0.51124",
      "s" : "sell",
      "i" : "JUP_USDT",
      "m" : "4611686018429036801"
    }, {
      "d" : "1756457581892117106",
      "t" : 1756457581892,
      "tn" : 1756457581892117106,
      "q" : "2.3",
      "p" : "0.51146",
      "s" : "buy",
      "i" : "JUP_USDT",
      "m" : "4611686018429036800"
    }, {
      "d" : "1756457446745795258",
      "t" : 1756457446745,
      "tn" : 1756457446745795258,
      "q" : "2.3",
      "p" : "0.51286",
      "s" : "buy",
      "i" : "JUP_USDT",
      "m" : "4611686018429036799"
    }, {
      "d" : "1756456947120321594",
      "t" : 1756456947120,
      "tn" : 1756456947120321594,
      "q" : "2.4",
      "p" : "0.51294",
      "s" : "sell",
      "i" : "JUP_USDT",
      "m" : "4611686018429036798"
    }, {
      "d" : "1756456931178889674",
      "t" : 1756456931178,
      "tn" : 1756456931178889674,
      "q" : "519.5",
      "p" : "0.51345",
      "s" : "sell",
      "i" : "JUP_USDT",
      "m" : "4611686018429036797"
    }, {
      "d" : "1756456630780383183",
      "t" : 1756456630780,
      "tn" : 1756456630780383183,
      "q" : "497.6",
      "p" : "0.51308",
      "s" : "sell",
      "i" : "JUP_USDT",
      "m" : "4611686018429036796"
    }, {
      "d" : "1756455672386540546",
      "t" : 1756455672386,
      "tn" : 1756455672386540546,
      "q" : "2.4",
      "p" : "0.50934",
      "s" : "sell",
      "i" : "JUP_USDT",
      "m" : "4611686018429036795"
    }, {
      "d" : "1756455373658321419",
      "t" : 1756455373658,
      "tn" : 1756455373658321419,
      "q" : "2.4",
      "p" : "0.51076",
      "s" : "buy",
      "i" : "JUP_USDT",
      "m" : "4611686018429036794"
    }, {
      "d" : "1756455360920729398",
      "t" : 1756455360920,
      "tn" : 1756455360920729398,
      "q" : "2.4",
      "p" : "0.51046",
      "s" : "buy",
      "i" : "JUP_USDT",
      "m" : "4611686018429036793"
    }, {
      "d" : "1756455166729612915",
      "t" : 1756455166729,
      "tn" : 1756455166729612914,
      "q" : "978.4",
      "p" : "0.51094",
      "s" : "sell",
      "i" : "JUP_USDT",
      "m" : "4611686018429036792"
    }, {
      "d" : "1756455166729612914",
      "t" : 1756455166729,
      "tn" : 1756455166729612914,
      "q" : "2.4",
      "p" : "0.51094",
      "s" : "sell",
      "i" : "JUP_USDT",
      "m" : "4611686018429036792"
    }, {
      "d" : "1756455033092282565",
      "t" : 1756455033092,
      "tn" : 1756455033092282565,
      "q" : "2.4",
      "p" : "0.51156",
      "s" : "buy",
      "i" : "JUP_USDT",
      "m" : "4611686018429036791"
    }, {
      "d" : "1756454953909056964",
      "t" : 1756454953909,
      "tn" : 1756454953909056964,
      "q" : "19.6",
      "p" : "0.51187",
      "s" : "sell",
      "i" : "JUP_USDT",
      "m" : "4611686018429036790"
    }, {
      "d" : "1756454953904655791",
      "t" : 1756454953904,
      "tn" : 1756454953904655791,
      "q" : "2.4",
      "p" : "0.51204",
      "s" : "sell",
      "i" : "JUP_USDT",
      "m" : "4611686018429036789"
    }, {
      "d" : "1756454856246759522",
      "t" : 1756454856246,
      "tn" : 1756454856246759522,
      "q" : "2.4",
      "p" : "0.51386",
      "s" : "buy",
      "i" : "JUP_USDT",
      "m" : "4611686018429036788"
    }, {
      "d" : "1756454784224268079",
      "t" : 1756454784224,
      "tn" : 1756454784224268079,
      "q" : "2.4",
      "p" : "0.51414",
      "s" : "sell",
      "i" : "JUP_USDT",
      "m" : "4611686018429036787"
    }, {
      "d" : "1756454779466761443",
      "t" : 1756454779466,
      "tn" : 1756454779466761443,
      "q" : "2.4",
      "p" : "0.51414",
      "s" : "sell",
      "i" : "JUP_USDT",
      "m" : "4611686018429036786"
    }, {
      "d" : "1756454292100405891",
      "t" : 1756454292100,
      "tn" : 1756454292100405891,
      "q" : "2.4",
      "p" : "0.51219",
      "s" : "sell",
      "i" : "JUP_USDT",
      "m" : "4611686018429036785"
    }, {
      "d" : "1756454246153810942",
      "t" : 1756454246153,
      "tn" : 1756454246153810942,
      "q" : "2.4",
      "p" : "0.51364",
      "s" : "sell",
      "i" : "JUP_USDT",
      "m" : "4611686018429036784"
    }, {
      "d" : "1756453425694581124",
      "t" : 1756453425694,
      "tn" : 1756453425694581124,
      "q" : "2.4",
      "p" : "0.51391",
      "s" : "buy",
      "i" : "JUP_USDT",
      "m" : "4611686018429036783"
    }, {
      "d" : "1756452793752937820",
      "t" : 1756452793752,
      "tn" : 1756452793752937820,
      "q" : "47.0",
      "p" : "0.51735",
      "s" : "sell",
      "i" : "JUP_USDT",
      "m" : "4611686018429036782"
    }, {
      "d" : "1756452782389377384",
      "t" : 1756452782389,
      "tn" : 1756452782389377384,
      "q" : "2.4",
      "p" : "0.51651",
      "s" : "buy",
      "i" : "JUP_USDT",
      "m" : "4611686018429036781"
    }, {
      "d" : "1756452776375620911",
      "t" : 1756452776375,
      "tn" : 1756452776375620911,
      "q" : "2.4",
      "p" : "0.51640",
      "s" : "buy",
      "i" : "JUP_USDT",
      "m" : "4611686018429036780"
    }, {
      "d" : "1756452738603044464",
      "t" : 1756452738603,
      "tn" : 1756452738603044464,
      "q" : "2.4",
      "p" : "0.51536",
      "s" : "buy",
      "i" : "JUP_USDT",
      "m" : "4611686018429036779"
    }, {
      "d" : "1756452728992496711",
      "t" : 1756452728992,
      "tn" : 1756452728992496711,
      "q" : "2.4",
      "p" : "0.51456",
      "s" : "buy",
      "i" : "JUP_USDT",
      "m" : "4611686018429036778"
    }, {
      "d" : "1756452143436743325",
      "t" : 1756452143436,
      "tn" : 1756452143436743325,
      "q" : "2.4",
      "p" : "0.51249",
      "s" : "sell",
      "i" : "JUP_USDT",
      "m" : "4611686018429036777"
    }, {
      "d" : "1756452143420646232",
      "t" : 1756452143420,
      "tn" : 1756452143420646232,
      "q" : "2.4",
      "p" : "0.51254",
      "s" : "sell",
      "i" : "JUP_USDT",
      "m" : "4611686018429036776"
    }, {
      "d" : "1756451996737219417",
      "t" : 1756451996737,
      "tn" : 1756451996737219417,
      "q" : "2.4",
      "p" : "0.51426",
      "s" : "buy",
      "i" : "JUP_USDT",
      "m" : "4611686018429036775"
    }, {
      "d" : "1756451953088075275",
      "t" : 1756451953088,
      "tn" : 1756451953088075275,
      "q" : "2.4",
      "p" : "0.51431",
      "s" : "buy",
      "i" : "JUP_USDT",
      "m" : "4611686018429036774"
    }, {
      "d" : "1756451914619492698",
      "t" : 1756451914619,
      "tn" : 1756451914619492698,
      "q" : "47.1",
      "p" : "0.51494",
      "s" : "sell",
      "i" : "JUP_USDT",
      "m" : "4611686018429036773"
    }, {
      "d" : "1756451907805187022",
      "t" : 1756451907805,
      "tn" : 1756451907805187022,
      "q" : "2.4",
      "p" : "0.51495",
      "s" : "buy",
      "i" : "JUP_USDT",
      "m" : "4611686018429036772"
    }, {
      "d" : "1756451900764641094",
      "t" : 1756451900764,
      "tn" : 1756451900764641094,
      "q" : "2.4",
      "p" : "0.51486",
      "s" : "buy",
      "i" : "JUP_USDT",
      "m" : "4611686018429036771"
    }, {
      "d" : "1756451838031028284",
      "t" : 1756451838031,
      "tn" : 1756451838031028284,
      "q" : "49.5",
      "p" : "0.51379",
      "s" : "sell",
      "i" : "JUP_USDT",
      "m" : "4611686018429036770"
    }, {
      "d" : "1756451838018479706",
      "t" : 1756451838018,
      "tn" : 1756451838018479706,
      "q" : "1.0",
      "p" : "0.51381",
      "s" : "sell",
      "i" : "JUP_USDT",
      "m" : "4611686018429036769"
    }, {
      "d" : "1756451838016809786",
      "t" : 1756451838016,
      "tn" : 1756451838016809786,
      "q" : "52.9",
      "p" : "0.51381",
      "s" : "sell",
      "i" : "JUP_USDT",
      "m" : "4611686018429036768"
    }, {
      "d" : "1756451805908261903",
      "t" : 1756451805908,
      "tn" : 1756451805908261903,
      "q" : "2.4",
      "p" : "0.51364",
      "s" : "sell",
      "i" : "JUP_USDT",
      "m" : "4611686018429036767"
    }, {
      "d" : "1756451784878343967",
      "t" : 1756451784878,
      "tn" : 1756451784878343967,
      "q" : "426.1",
      "p" : "0.51306",
      "s" : "sell",
      "i" : "JUP_USDT",
      "m" : "4611686018429036766"
    }, {
      "d" : "1756451784878146373",
      "t" : 1756451784878,
      "tn" : 1756451784878146373,
      "q" : "2.4",
      "p" : "0.51345",
      "s" : "sell",
      "i" : "JUP_USDT",
      "m" : "4611686018429036765"
    }, {
      "d" : "1756451773552592794",
      "t" : 1756451773552,
      "tn" : 1756451773552592794,
      "q" : "2.4",
      "p" : "0.51456",
      "s" : "buy",
      "i" : "JUP_USDT",
      "m" : "4611686018429036764"
    }, {
      "d" : "1756451690035757388",
      "t" : 1756451690035,
      "tn" : 1756451690035757387,
      "q" : "2.2",
      "p" : "0.51315",
      "s" : "sell",
      "i" : "JUP_USDT",
      "m" : "4611686018429036763"
    }, {
      "d" : "1756451690035757387",
      "t" : 1756451690035,
      "tn" : 1756451690035757387,
      "q" : "2.2",
      "p" : "0.51315",
      "s" : "sell",
      "i" : "JUP_USDT",
      "m" : "4611686018429036763"
    }, {
      "d" : "1756451552719643976",
      "t" : 1756451552719,
      "tn" : 1756451552719643976,
      "q" : "51.1",
      "p" : "0.51661",
      "s" : "sell",
      "i" : "JUP_USDT",
      "m" : "4611686018429036762"
    }, {
      "d" : "1756451400558805536",
      "t" : 1756451400558,
      "tn" : 1756451400558805536,
      "q" : "2.4",
      "p" : "0.51691",
      "s" : "buy",
      "i" : "JUP_USDT",
      "m" : "4611686018429036761"
    }, {
      "d" : "1756451110025513064",
      "t" : 1756451110025,
      "tn" : 1756451110025513064,
      "q" : "19.3",
      "p" : "0.52036",
      "s" : "sell",
      "i" : "JUP_USDT",
      "m" : "4611686018429036760"
    }, {
      "d" : "1756450959525395033",
      "t" : 1756450959525,
      "tn" : 1756450959525395033,
      "q" : "2.3",
      "p" : "0.51751",
      "s" : "buy",
      "i" : "JUP_USDT",
      "m" : "4611686018429036759"
    }, {
      "d" : "1756450954624138435",
      "t" : 1756450954624,
      "tn" : 1756450954624138435,
      "q" : "19.4",
      "p" : "0.51749",
      "s" : "sell",
      "i" : "JUP_USDT",
      "m" : "4611686018429036758"
    }, {
      "d" : "1756450901397173694",
      "t" : 1756450901397,
      "tn" : 1756450901397173694,
      "q" : "2.3",
      "p" : "0.51826",
      "s" : "buy",
      "i" : "JUP_USDT",
      "m" : "4611686018429036757"
    }, {
      "d" : "1756450886937102708",
      "t" : 1756450886937,
      "tn" : 1756450886937102708,
      "q" : "2.4",
      "p" : "0.52044",
      "s" : "sell",
      "i" : "JUP_USDT",
      "m" : "4611686018429036756"
    }, {
      "d" : "1756450673413345909",
      "t" : 1756450673413,
      "tn" : 1756450673413345909,
      "q" : "48.5",
      "p" : "0.52325",
      "s" : "sell",
      "i" : "JUP_USDT",
      "m" : "4611686018429036755"
    }, {
      "d" : "1756450673387846661",
      "t" : 1756450673387,
      "tn" : 1756450673387846661,
      "q" : "22.7",
      "p" : "0.52325",
      "s" : "sell",
      "i" : "JUP_USDT",
      "m" : "4611686018429036754"
    }, {
      "d" : "1756450673375974712",
      "t" : 1756450673375,
      "tn" : 1756450673375974712,
      "q" : "491.3",
      "p" : "0.52325",
      "s" : "sell",
      "i" : "JUP_USDT",
      "m" : "4611686018429036753"
    }, {
      "d" : "1756450620241127601",
      "t" : 1756450620241,
      "tn" : 1756450620241127601,
      "q" : "236.1",
      "p" : "0.52265",
      "s" : "buy",
      "i" : "JUP_USDT",
      "m" : "4611686018429036752"
    }, {
      "d" : "1756450591322045911",
      "t" : 1756450591322,
      "tn" : 1756450591322045911,
      "q" : "239.2",
      "p" : "0.52220",
      "s" : "buy",
      "i" : "JUP_USDT",
      "m" : "4611686018429036751"
    }, {
      "d" : "1756450496061802978",
      "t" : 1756450496061,
      "tn" : 1756450496061802978,
      "q" : "2.4",
      "p" : "0.52149",
      "s" : "sell",
      "i" : "JUP_USDT",
      "m" : "4611686018429036750"
    }, {
      "d" : "1756450440637373729",
      "t" : 1756450440637,
      "tn" : 1756450440637373729,
      "q" : "2.4",
      "p" : "0.52263",
      "s" : "buy",
      "i" : "JUP_USDT",
      "m" : "4611686018429036749"
    }, {
      "d" : "1756450353918971155",
      "t" : 1756450353918,
      "tn" : 1756450353918971155,
      "q" : "2.3",
      "p" : "0.52566",
      "s" : "buy",
      "i" : "JUP_USDT",
      "m" : "4611686018429036748"
    }, {
      "d" : "1756450344964812525",
      "t" : 1756450344964,
      "tn" : 1756450344964812525,
      "q" : "2.3",
      "p" : "0.52586",
      "s" : "buy",
      "i" : "JUP_USDT",
      "m" : "4611686018429036747"
    }, {
      "d" : "1756450319299934443",
      "t" : 1756450319299,
      "tn" : 1756450319299934443,
      "q" : "0.1",
      "p" : "0.52591",
      "s" : "buy",
      "i" : "JUP_USDT",
      "m" : "4611686018429036746"
    }, {
      "d" : "1756450319251644492",
      "t" : 1756450319251,
      "tn" : 1756450319251644492,
      "q" : "2.3",
      "p" : "0.52591",
      "s" : "buy",
      "i" : "JUP_USDT",
      "m" : "4611686018429036745"
    }, {
      "d" : "1756450299108899377",
      "t" : 1756450299108,
      "tn" : 1756450299108899377,
      "q" : "2.3",
      "p" : "0.52626",
      "s" : "buy",
      "i" : "JUP_USDT",
      "m" : "4611686018429036744"
    }, {
      "d" : "1756450121277728085",
      "t" : 1756450121277,
      "tn" : 1756450121277728085,
      "q" : "2.4",
      "p" : "0.52666",
      "s" : "buy",
      "i" : "JUP_USDT",
      "m" : "4611686018429036743"
    }, {
      "d" : "1756450043302078952",
      "t" : 1756450043302,
      "tn" : 1756450043302078952,
      "q" : "2.4",
      "p" : "0.52634",
      "s" : "sell",
      "i" : "JUP_USDT",
      "m" : "4611686018429036742"
    }, {
      "d" : "1756449883806926111",
      "t" : 1756449883806,
      "tn" : 1756449883806926111,
      "q" : "2.3",
      "p" : "0.52676",
      "s" : "buy",
      "i" : "JUP_USDT",
      "m" : "4611686018429036741"
    }, {
      "d" : "1756449879228899811",
      "t" : 1756449879228,
      "tn" : 1756449879228899811,
      "q" : "2.3",
      "p" : "0.52676",
      "s" : "buy",
      "i" : "JUP_USDT",
      "m" : "4611686018429036740"
    }, {
      "d" : "1756449814139804692",
      "t" : 1756449814139,
      "tn" : 1756449814139804692,
      "q" : "2.4",
      "p" : "0.52645",
      "s" : "sell",
      "i" : "JUP_USDT",
      "m" : "4611686018429036739"
    }, {
      "d" : "1756449757983894490",
      "t" : 1756449757983,
      "tn" : 1756449757983894490,
      "q" : "2.4",
      "p" : "0.52556",
      "s" : "buy",
      "i" : "JUP_USDT",
      "m" : "4611686018429036738"
    }, {
      "d" : "1756449691482458816",
      "t" : 1756449691482,
      "tn" : 1756449691482458816,
      "q" : "2.4",
      "p" : "0.52407",
      "s" : "sell",
      "i" : "JUP_USDT",
      "m" : "4611686018429036737"
    }, {
      "d" : "1756449653703863300",
      "t" : 1756449653703,
      "tn" : 1756449653703863300,
      "q" : "2.3",
      "p" : "0.52359",
      "s" : "sell",
      "i" : "JUP_USDT",
      "m" : "4611686018429036736"
    }, {
      "d" : "1756449650253342226",
      "t" : 1756449650253,
      "tn" : 1756449650253342226,
      "q" : "2.3",
      "p" : "0.52364",
      "s" : "sell",
      "i" : "JUP_USDT",
      "m" : "4611686018429036735"
    }, {
      "d" : "1756449648096287085",
      "t" : 1756449648096,
      "tn" : 1756449648096287085,
      "q" : "2.3",
      "p" : "0.52354",
      "s" : "sell",
      "i" : "JUP_USDT",
      "m" : "4611686018429036734"
    }, {
      "d" : "1756449643260366851",
      "t" : 1756449643260,
      "tn" : 1756449643260366851,
      "q" : "2.3",
      "p" : "0.52354",
      "s" : "sell",
      "i" : "JUP_USDT",
      "m" : "4611686018429036733"
    }, {
      "d" : "1756449578163894854",
      "t" : 1756449578163,
      "tn" : 1756449578163894854,
      "q" : "950.4",
      "p" : "0.52478",
      "s" : "sell",
      "i" : "JUP_USDT",
      "m" : "4611686018429036732"
    }, {
      "d" : "1756449578163892379",
      "t" : 1756449578163,
      "tn" : 1756449578163892379,
      "q" : "2.4",
      "p" : "0.52494",
      "s" : "sell",
      "i" : "JUP_USDT",
      "m" : "4611686018429036731"
    }, {
      "d" : "1756449560572445110",
      "t" : 1756449560572,
      "tn" : 1756449560572445110,
      "q" : "2.4",
      "p" : "0.52534",
      "s" : "sell",
      "i" : "JUP_USDT",
      "m" : "4611686018429036730"
    }, {
      "d" : "1756449559596465476",
      "t" : 1756449559596,
      "tn" : 1756449559596465476,
      "q" : "2.4",
      "p" : "0.52564",
      "s" : "sell",
      "i" : "JUP_USDT",
      "m" : "4611686018429036729"
    }, {
      "d" : "1756449552553862534",
      "t" : 1756449552553,
      "tn" : 1756449552553862534,
      "q" : "2.4",
      "p" : "0.52529",
      "s" : "sell",
      "i" : "JUP_USDT",
      "m" : "4611686018429036728"
    }, {
      "d" : "1756449540587168133",
      "t" : 1756449540587,
      "tn" : 1756449540587168133,
      "q" : "2.4",
      "p" : "0.52551",
      "s" : "buy",
      "i" : "JUP_USDT",
      "m" : "4611686018429036727"
    }, {
      "d" : "1756449492633423361",
      "t" : 1756449492633,
      "tn" : 1756449492633423361,
      "q" : "2.3",
      "p" : "0.52654",
      "s" : "sell",
      "i" : "JUP_USDT",
      "m" : "4611686018429036726"
    }, {
      "d" : "1756449491493709612",
      "t" : 1756449491493,
      "tn" : 1756449491493709612,
      "q" : "2.4",
      "p" : "0.52654",
      "s" : "sell",
      "i" : "JUP_USDT",
      "m" : "4611686018429036725"
    }, {
      "d" : "1756449491275187921",
      "t" : 1756449491275,
      "tn" : 1756449491275187921,
      "q" : "2.3",
      "p" : "0.52646",
      "s" : "buy",
      "i" : "JUP_USDT",
      "m" : "4611686018429036724"
    }, {
      "d" : "1756449490106408068",
      "t" : 1756449490106,
      "tn" : 1756449490106408068,
      "q" : "2.3",
      "p" : "0.52619",
      "s" : "sell",
      "i" : "JUP_USDT",
      "m" : "4611686018429036723"
    }, {
      "d" : "1756449485080565267",
      "t" : 1756449485080,
      "tn" : 1756449485080565267,
      "q" : "19.0",
      "p" : "0.52664",
      "s" : "sell",
      "i" : "JUP_USDT",
      "m" : "4611686018429036722"
    }, {
      "d" : "1756449443929221762",
      "t" : 1756449443929,
      "tn" : 1756449443929221762,
      "q" : "2.3",
      "p" : "0.52609",
      "s" : "sell",
      "i" : "JUP_USDT",
      "m" : "4611686018429036721"
    }, {
      "d" : "1756449425319364704",
      "t" : 1756449425319,
      "tn" : 1756449425319364704,
      "q" : "2.3",
      "p" : "0.52536",
      "s" : "buy",
      "i" : "JUP_USDT",
      "m" : "4611686018429036720"
    }, {
      "d" : "1756449402131100435",
      "t" : 1756449402131,
      "tn" : 1756449402131100435,
      "q" : "481.2",
      "p" : "0.52560",
      "s" : "sell",
      "i" : "JUP_USDT",
      "m" : "4611686018429036719"
    }, {
      "d" : "1756449402131097227",
      "t" : 1756449402131,
      "tn" : 1756449402131097227,
      "q" : "19.1",
      "p" : "0.52561",
      "s" : "sell",
      "i" : "JUP_USDT",
      "m" : "4611686018429036718"
    }, {
      "d" : "1756449393760359752",
      "t" : 1756449393760,
      "tn" : 1756449393760359752,
      "q" : "72.0",
      "p" : "0.52569",
      "s" : "sell",
      "i" : "JUP_USDT",
      "m" : "4611686018429036717"
    }, {
      "d" : "1756449363904854855",
      "t" : 1756449363904,
      "tn" : 1756449363904854855,
      "q" : "480.8",
      "p" : "0.52630",
      "s" : "sell",
      "i" : "JUP_USDT",
      "m" : "4611686018429036716"
    }, {
      "d" : "1756449307786349200",
      "t" : 1756449307786,
      "tn" : 1756449307786349200,
      "q" : "2.3",
      "p" : "0.52626",
      "s" : "buy",
      "i" : "JUP_USDT",
      "m" : "4611686018429036715"
    }, {
      "d" : "1756449286376696786",
      "t" : 1756449286376,
      "tn" : 1756449286376696786,
      "q" : "2.4",
      "p" : "0.52576",
      "s" : "buy",
      "i" : "JUP_USDT",
      "m" : "4611686018429036714"
    }, {
      "d" : "1756449272688494697",
      "t" : 1756449272688,
      "tn" : 1756449272688494697,
      "q" : "2.3",
      "p" : "0.52576",
      "s" : "buy",
      "i" : "JUP_USDT",
      "m" : "4611686018429036713"
    }, {
      "d" : "1756449272615101721",
      "t" : 1756449272615,
      "tn" : 1756449272615101721,
      "q" : "190.1",
      "p" : "0.52575",
      "s" : "sell",
      "i" : "JUP_USDT",
      "m" : "4611686018429036712"
    }, {
      "d" : "1756449266812980774",
      "t" : 1756449266812,
      "tn" : 1756449266812980774,
      "q" : "190.1",
      "p" : "0.52585",
      "s" : "sell",
      "i" : "JUP_USDT",
      "m" : "4611686018429036711"
    }, {
      "d" : "1756449257680944150",
      "t" : 1756449257680,
      "tn" : 1756449257680944150,
      "q" : "2.3",
      "p" : "0.52594",
      "s" : "sell",
      "i" : "JUP_USDT",
      "m" : "4611686018429036710"
    }, {
      "d" : "1756449257603598179",
      "t" : 1756449257603,
      "tn" : 1756449257603598179,
      "q" : "2.4",
      "p" : "0.52604",
      "s" : "sell",
      "i" : "JUP_USDT",
      "m" : "4611686018429036709"
    }, {
      "d" : "1756449250118101096",
      "t" : 1756449250118,
      "tn" : 1756449250118101096,
      "q" : "2.4",
      "p" : "0.52619",
      "s" : "sell",
      "i" : "JUP_USDT",
      "m" : "4611686018429036708"
    }, {
      "d" : "1756449185883198287",
      "t" : 1756449185883,
      "tn" : 1756449185883198287,
      "q" : "949.8",
      "p" : "0.52631",
      "s" : "sell",
      "i" : "JUP_USDT",
      "m" : "4611686018429036707"
    }, {
      "d" : "1756449185883193612",
      "t" : 1756449185883,
      "tn" : 1756449185883193612,
      "q" : "429.2",
      "p" : "0.52632",
      "s" : "sell",
      "i" : "JUP_USDT",
      "m" : "4611686018429036706"
    }, {
      "d" : "1756449185883190830",
      "t" : 1756449185883,
      "tn" : 1756449185883190830,
      "q" : "2.4",
      "p" : "0.52634",
      "s" : "sell",
      "i" : "JUP_USDT",
      "m" : "4611686018429036705"
    }, {
      "d" : "1756449100483363248",
      "t" : 1756449100483,
      "tn" : 1756449100483363248,
      "q" : "700.7",
      "p" : "0.52640",
      "s" : "sell",
      "i" : "JUP_USDT",
      "m" : "4611686018429036704"
    } ]
  }
}