{
  "id" : -1,
  "method" : "public/get-trades",
  "code" : 0,
  "result" : {
    "data" : [ {
      "d" : "1756459212726837387",
      "t" : 1756459212726,
      "tn" : 1756459212726837387,
      "q" : "466",
      "p" : "0.51114",
      "s" : "buy",
      "i" : "JUPUSD-PERP",
      "m" : "4611686018428744346"
    }, {
      "d" : "1756459212726835944",
      "t" : 1756459212726,
      "tn" : 1756459212726835944,
      "q" : "19",
      "p" : "0.51110",
      "s" : "buy",
      "i" : "JUPUSD-PERP",
      "m" : "4611686018428744345"
    }, {
      "d" : "1756459212725059703",
      "t" : 1756459212725,
      "tn" : 1756459212725059703,
      "q" : "494",
      "p" : "0.51101",
      "s" : "buy",
      "i" : "JUPUSD-PERP",
      "m" : "4611686018428744344"
    }, {
      "d" : "1756459212725014243",
      "t" : 1756459212725,
      "tn" : 1756459212725014243,
      "q" : "485",
      "p" : "0.51101",
      "s" : "buy",
      "i" : "JUPUSD-PERP",
      "m" : "4611686018428744343"
    }, {
      "d" : "1756459212724893843",
      "t" : 1756459212724,
      "tn" : 1756459212724893843,
      "q" : "1",
      "p" : "0.51085",
      "s" : "buy",
      "i" : "JUPUSD-PERP",
      "m" : "4611686018428744342"
    }, {
      "d" : "1756459212724891416",
      "t" : 1756459212724,
      "tn" : 1756459212724891416,
      "q" : "1",
      "p" : "0.51078",
      "s" : "buy",
      "i" : "JUPUSD-PERP",
      "m" : "4611686018428744341"
    }, {
      "d" : "1756459181801563607",
      "t" : 1756459181801,
      "tn" : 1756459181801563607,
      "q" : "1",
      "p" : "0.50960",
      "s" : "buy",
      "i" : "JUPUSD-PERP",
      "m" : "4611686018428744340"
    }, {
      "d" : "1756459181801560767",
      "t" : 1756459181801,
      "tn" : 1756459181801560767,
      "q" : "1",
      "p" : "0.50958",
      "s" : "buy",
      "i" : "JUPUSD-PERP",
      "m" : "4611686018428744339"
    }, {
      "d" : "1756458706386737777",
      "t" : 1756458706386,
      "tn" : 1756458706386737777,
      "q" : "1",
      "p" : "0.50727",
      "s" : "buy",
      "i" : "JUPUSD-PERP",
      "m" : "4611686018428744338"
    }, {
      "d" : "1756458060699167039",
      "t" : 1756458060699,
      "tn" : 1756458060699167039,
      "q" : "483",
      "p" : "0.50586",
      "s" : "sell",
      "i" : "JUPUSD-PERP",
      "m" : "4611686018428744337"
    }, {
      "d" : "1756458060699165419",
      "t" : 1756458060699,
      "tn" : 1756458060699165419,
      "q" : "1",
      "p" : "0.50655",
      "s" : "sell",
      "i" : "JUPUSD-PERP",
      "m" : "4611686018428744336"
    }, {
      "d" : "1756458060699162801",
      "t" : 1756458060699,
      "tn" : 1756458060699162801,
      "q" : "1",
      "p" : "0.50673",
      "s" : "sell",
      "i" : "JUPUSD-PERP",
      "m" : "4611686018428744335"
    }, {
      "d" : "1756457829500417189",
      "t" : 1756457829500,
      "tn" : 1756457829500417189,
      "q" : "1",
      "p" : "0.50884",
      "s" : "sell",
      "i" : "JUPUSD-PERP",
      "m" : "4611686018428744334"
    }, {
      "d" : "1756457727175362199",
      "t" : 1756457727175,
      "tn" : 1756457727175362199,
      "q" : "1",
      "p" : "0.50985",
      "s" : "buy",
      "i" : "JUPUSD-PERP",
      "m" : "4611686018428744333"
    }, {
      "d" : "1756457727175360508",
      "t" : 1756457727175,
      "tn" : 1756457727175360508,
      "q" : "1",
      "p" : "0.50978",
      "s" : "buy",
      "i" : "JUPUSD-PERP",
      "m" : "4611686018428744332"
    }, {
      "d" : "1756454640403697848",
      "t" : 1756454640403,
      "tn" : 1756454640403697848,
      "q" : "1",
      "p" : "0.51565",
      "s" : "buy",
      "i" : "JUPUSD-PERP",
      "m" : "4611686018428744331"
    }, {
      "d" : "1756452197390107969",
      "t" : 1756452197390,
      "tn" : 1756452197390107969,
      "q" : "1",
      "p" : "0.51315",
      "s" : "sell",
      "i" : "JUPUSD-PERP",
      "m" : "4611686018428744330"
    }, {
      "d" : "1756451784882255908",
      "t" : 1756451784882,
      "tn" : 1756451784882255908,
      "q" : "1",
      "p" : "0.51345",
      "s" : "sell",
      "i" : "JUPUSD-PERP",
      "m" : "4611686018428744329"
    }, {
      "d" : "1756451247723142692",
      "t" : 1756451247723,
      "tn" : 1756451247723142692,
      "q" : "1",
      "p" : "0.51745",
      "s" : "sell",
      "i" : "JUPUSD-PERP",
      "m" : "4611686018428744328"
    }, {
      "d" : "1756448529094402889",
      "t" : 1756448529094,
      "tn" : 1756448529094402889,
      "q" : "500",
      "p" : "0.52557",
      "s" : "sell",
      "i" : "JUPUSD-PERP",
      "m" : "4611686018428744327"
    }, {
      "d" : "1756447905149021219",
      "t" : 1756447905149,
      "tn" : 1756447905149021219,
      "q" : "50",
      "p" : "0.53009",
      "s" : "buy",
      "i" : "JUPUSD-PERP",
      "m" : "4611686018428744326"
    }, {
      "d" : "1756447229652176257",
      "t" : 1756447229652,
      "tn" : 1756447229652176257,
      "q" : "430",
      "p" : "0.53606",
      "s" : "buy",
      "i" : "JUPUSD-PERP",
      "m" : "4611686018428744325"
    }, {
      "d" : "1756447229652174342",
      "t" : 1756447229652,
      "tn" : 1756447229652174342,
      "q" : "50",
      "p" : "0.53605",
      "s" : "buy",
      "i" : "JUPUSD-PERP",
      "m" : "4611686018428744324"
    }, {
      "d" : "1756447229652171555",
      "t" : 1756447229652,
      "tn" : 1756447229652171555,
      "q" : "18",
      "p" : "0.53592",
      "s" : "buy",
      "i" : "JUPUSD-PERP",
      "m" : "4611686018428744323"
    }, {
      "d" : "1756447229652168230",
      "t" : 1756447229652,
      "tn" : 1756447229652168230,
      "q" : "1",
      "p" : "0.53585",
      "s" : "buy",
      "i" : "JUPUSD-PERP",
      "m" : "4611686018428744322"
    }, {
      "d" : "1756447229652165214",
      "t" : 1756447229652,
      "tn" : 1756447229652165214,
      "q" : "1",
      "p" : "0.53580",
      "s" : "buy",
      "i" : "JUPUSD-PERP",
      "m" : "4611686018428744321"
    }, {
      "d" : "1756446536573801210",
      "t" : 1756446536573,
      "tn" : 1756446536573801210,
      "q" : "18",
      "p" : "0.53669",
      "s" : "buy",
      "i" : "JUPUSD-PERP",
      "m" : "4611686018428744320"
    }, {
      "d" : "1756444942775174902",
      "t" : 1756444942775,
      "tn" : 1756444942775174902,
      "q" : "1",
      "p" : "0.53125",
      "s" : "sell",
      "i" : "JUPUSD-PERP",
      "m" : "4611686018428744319"
    }, {
      "d" : "1756444942775172777",
      "t" : 1756444942775,
      "tn" : 1756444942775172777,
      "q" : "1",
      "p" : "0.53146",
      "s" : "sell",
      "i" : "JUPUSD-PERP",
      "m" : "4611686018428744318"
    }, {
      "d" : "1756444662700837795",
      "t" : 1756444662700,
      "tn" : 1756444662700837795,
      "q" : "145",
      "p" : "0.53005",
      "s" : "sell",
      "i" : "JUPUSD-PERP",
      "m" : "4611686018428744317"
    }, {
      "d" : "1756444662700835506",
      "t" : 1756444662700,
      "tn" : 1756444662700835506,
      "q" : "1",
      "p" : "0.53016",
      "s" : "sell",
      "i" : "JUPUSD-PERP",
      "m" : "4611686018428744316"
    }, {
      "d" : "1756443930688070443",
      "t" : 1756443930688,
      "tn" : 1756443930688070443,
      "q" : "221",
      "p" : "0.53480",
      "s" : "buy",
      "i" : "JUPUSD-PERP",
      "m" : "4611686018428744315"
    }, {
      "d" : "1756443930687536033",
      "t" : 1756443930687,
      "tn" : 1756443930687536033,
      "q" : "76",
      "p" : "0.53480",
      "s" : "buy",
      "i" : "JUPUSD-PERP",
      "m" : "4611686018428744314"
    }, {
      "d" : "1756443930684541718",
      "t" : 1756443930684,
      "tn" : 1756443930684541718,
      "q" : "18",
      "p" : "0.53427",
      "s" : "buy",
      "i" : "JUPUSD-PERP",
      "m" : "4611686018428744313"
    }, {
      "d" : "1756443895424051445",
      "t" : 1756443895424,
      "tn" : 1756443895424051445,
      "q" : "1",
      "p" : "0.53585",
      "s" : "buy",
      "i" : "JUPUSD-PERP",
      "m" : "4611686018428744312"
    }, {
      "d" : "1756443895424049046",
      "t" : 1756443895424,
      "tn" : 1756443895424049046,
      "q" : "1",
      "p" : "0.53580",
      "s" : "buy",
      "i" : "JUPUSD-PERP",
      "m" : "4611686018428744311"
    }, {
      "d" : "1756443773943589504",
      "t" : 1756443773943,
      "tn" : 1756443773943589504,
      "q" : "1",
      "p" : "0.53855",
      "s" : "buy",
      "i" : "JUPUSD-PERP",
      "m" : "4611686018428744310"
    }, {
      "d" : "1756443773943587578",
      "t" : 1756443773943,
      "tn" : 1756443773943587578,
      "q" : "1",
      "p" : "0.53850",
      "s" : "buy",
      "i" : "JUPUSD-PERP",
      "m" : "4611686018428744309"
    }, {
      "d" : "1756443553797534119",
      "t" : 1756443553797,
      "tn" : 1756443553797534119,
      "q" : "18",
      "p" : "0.53955",
      "s" : "buy",
      "i" : "JUPUSD-PERP",
      "m" : "4611686018428744308"
    }, {
      "d" : "1756443553797532332",
      "t" : 1756443553797,
      "tn" : 1756443553797532332,
      "q" : "1",
      "p" : "0.53945",
      "s" : "buy",
      "i" : "JUPUSD-PERP",
      "m" : "4611686018428744307"
    }, {
      "d" : "1756443553797529989",
      "t" : 1756443553797,
      "tn" : 1756443553797529989,
      "q" : "1",
      "p" : "0.53939",
      "s" : "buy",
      "i" : "JUPUSD-PERP",
      "m" : "4611686018428744306"
    }, {
      "d" : "1756442317470267195",
      "t" : 1756442317470,
      "tn" : 1756442317470267194,
      "q" : "193",
      "p" : "0.54185",
      "s" : "buy",
      "i" : "JUPUSD-PERP",
      "m" : "4611686018428744305"
    }, {
      "d" : "1756442317470267194",
      "t" : 1756442317470,
      "tn" : 1756442317470267194,
      "q" : "176",
      "p" : "0.54185",
      "s" : "buy",
      "i" : "JUPUSD-PERP",
      "m" : "4611686018428744305"
    }, {
      "d" : "1756442317470262834",
      "t" : 1756442317470,
      "tn" : 1756442317470262834,
      "q" : "2337",
      "p" : "0.54061",
      "s" : "sell",
      "i" : "JUPUSD-PERP",
      "m" : "4611686018428744304"
    }, {
      "d" : "1756442317466483386",
      "t" : 1756442317466,
      "tn" : 1756442317466483386,
      "q" : "2",
      "p" : "0.54190",
      "s" : "sell",
      "i" : "JUPUSD-PERP",
      "m" : "4611686018428744303"
    }, {
      "d" : "1756442317466480258",
      "t" : 1756442317466,
      "tn" : 1756442317466480258,
      "q" : "367",
      "p" : "0.54190",
      "s" : "sell",
      "i" : "JUPUSD-PERP",
      "m" : "4611686018428744302"
    }, {
      "d" : "1756442317466476801",
      "t" : 1756442317466,
      "tn" : 1756442317466476801,
      "q" : "1",
      "p" : "0.54215",
      "s" : "sell",
      "i" : "JUPUSD-PERP",
      "m" : "4611686018428744301"
    }, {
      "d" : "1756442317466474011",
      "t" : 1756442317466,
      "tn" : 1756442317466474011,
      "q" : "1",
      "p" : "0.54236",
      "s" : "sell",
      "i" : "JUPUSD-PERP",
      "m" : "4611686018428744300"
    }, {
      "d" : "1756442126584298524",
      "t" : 1756442126584,
      "tn" : 1756442126584298524,
      "q" : "2",
      "p" : "0.54110",
      "s" : "sell",
      "i" : "JUPUSD-PERP",
      "m" : "4611686018428744299"
    }, {
      "d" : "1756442126584240717",
      "t" : 1756442126584,
      "tn" : 1756442126584240717,
      "q" : "367",
      "p" : "0.54110",
      "s" : "sell",
      "i" : "JUPUSD-PERP",
      "m" : "4611686018428744298"
    }, {
      "d" : "1756442126584239317",
      "t" : 1756442126584,
      "tn" : 1756442126584239317,
      "q" : "369",
      "p" : "0.54115",
      "s" : "sell",
      "i" : "JUPUSD-PERP",
      "m" : "4611686018428744297"
    }, {
      "d" : "1756442126584237235",
      "t" : 1756442126584,
      "tn" : 1756442126584237235,
      "q" : "1",
      "p" : "0.54125",
      "s" : "sell",
      "i" : "JUPUSD-PERP",
      "m" : "4611686018428744296"
    }, {
      "d" : "1756442126584235222",
      "t" : 1756442126584,
      "tn" : 1756442126584235222,
      "q" : "1",
      "p" : "0.54147",
      "s" : "sell",
      "i" : "JUPUSD-PERP",
      "m" : "4611686018428744295"
    }, {
      "d" : "1756441285032264076",
      "t" : 1756441285032,
      "tn" : 1756441285032264076,
      "q" : "292",
      "p" : "0.53945",
      "s" : "sell",
      "i" : "JUPUSD-PERP",
      "m" : "4611686018428744294"
    }, {
      "d" : "1756441285032260425",
      "t" : 1756441285032,
      "tn" : 1756441285032260425,
      "q" : "633",
      "p" : "0.53945",
      "s" : "sell",
      "i" : "JUPUSD-PERP",
      "m" : "4611686018428744293"
    }, {
      "d" : "1756441285032258812",
      "t" : 1756441285032,
      "tn" : 1756441285032258812,
      "q" : "1",
      "p" : "0.53975",
      "s" : "sell",
      "i" : "JUPUSD-PERP",
      "m" : "4611686018428744292"
    }, {
      "d" : "1756441285032256389",
      "t" : 1756441285032,
      "tn" : 1756441285032256389,
      "q" : "1",
      "p" : "0.53997",
      "s" : "sell",
      "i" : "JUPUSD-PERP",
      "m" : "4611686018428744291"
    }, {
      "d" : "1756440615731117775",
      "t" : 1756440615731,
      "tn" : 1756440615731117775,
      "q" : "1",
      "p" : "0.53685",
      "s" : "buy",
      "i" : "JUPUSD-PERP",
      "m" : "4611686018428744290"
    }, {
      "d" : "1756440615729874968",
      "t" : 1756440615729,
      "tn" : 1756440615729874968,
      "q" : "18",
      "p" : "0.53680",
      "s" : "buy",
      "i" : "JUPUSD-PERP",
      "m" : "4611686018428744289"
    }, {
      "d" : "1756440615729872955",
      "t" : 1756440615729,
      "tn" : 1756440615729872955,
      "q" : "1",
      "p" : "0.53670",
      "s" : "buy",
      "i" : "JUPUSD-PERP",
      "m" : "4611686018428744288"
    }, {
      "d" : "1756440533214465747",
      "t" : 1756440533214,
      "tn" : 1756440533214465747,
      "q" : "1",
      "p" : "0.53657",
      "s" : "sell",
      "i" : "JUPUSD-PERP",
      "m" : "4611686018428744287"
    }, {
      "d" : "1756440435487931126",
      "t" : 1756440435487,
      "tn" : 1756440435487931126,
      "q" : "19",
      "p" : "0.53866",
      "s" : "buy",
      "i" : "JUPUSD-PERP",
      "m" : "4611686018428744286"
    }, {
      "d" : "1756440435486294611",
      "t" : 1756440435486,
      "tn" : 1756440435486294611,
      "q" : "18",
      "p" : "0.53845",
      "s" : "buy",
      "i" : "JUPUSD-PERP",
      "m" : "4611686018428744285"
    }, {
      "d" : "1756440435480681014",
      "t" : 1756440435480,
      "tn" : 1756440435480681014,
      "q" : "1",
      "p" : "0.53805",
      "s" : "buy",
      "i" : "JUPUSD-PERP",
      "m" : "4611686018428744284"
    }, {
      "d" : "1756440435480679062",
      "t" : 1756440435480,
      "tn" : 1756440435480679062,
      "q" : "1",
      "p" : "0.53800",
      "s" : "buy",
      "i" : "JUPUSD-PERP",
      "m" : "4611686018428744283"
    }, {
      "d" : "1756440328899099578",
      "t" : 1756440328899,
      "tn" : 1756440328899099578,
      "q" : "86",
      "p" : "0.53830",
      "s" : "buy",
      "i" : "JUPUSD-PERP",
      "m" : "4611686018428744282"
    }, {
      "d" : "1756440327726216701",
      "t" : 1756440327726,
      "tn" : 1756440327726216701,
      "q" : "18",
      "p" : "0.53746",
      "s" : "buy",
      "i" : "JUPUSD-PERP",
      "m" : "4611686018428744281"
    }, {
      "d" : "1756440327726215146",
      "t" : 1756440327726,
      "tn" : 1756440327726215146,
      "q" : "1",
      "p" : "0.53715",
      "s" : "buy",
      "i" : "JUPUSD-PERP",
      "m" : "4611686018428744280"
    }, {
      "d" : "1756440327724048986",
      "t" : 1756440327724,
      "tn" : 1756440327724048986,
      "q" : "1",
      "p" : "0.53700",
      "s" : "buy",
      "i" : "JUPUSD-PERP",
      "m" : "4611686018428744279"
    }, {
      "d" : "1756440326819741948",
      "t" : 1756440326819,
      "tn" : 1756440326819741948,
      "q" : "144",
      "p" : "0.53770",
      "s" : "buy",
      "i" : "JUPUSD-PERP",
      "m" : "4611686018428744278"
    }, {
      "d" : "1756440326814952970",
      "t" : 1756440326814,
      "tn" : 1756440326814952970,
      "q" : "217",
      "p" : "0.53701",
      "s" : "buy",
      "i" : "JUPUSD-PERP",
      "m" : "4611686018428744277"
    }, {
      "d" : "1756440326811653129",
      "t" : 1756440326811,
      "tn" : 1756440326811653129,
      "q" : "372",
      "p" : "0.53690",
      "s" : "buy",
      "i" : "JUPUSD-PERP",
      "m" : "4611686018428744276"
    }, {
      "d" : "1756440326811650920",
      "t" : 1756440326811,
      "tn" : 1756440326811650920,
      "q" : "372",
      "p" : "0.53685",
      "s" : "buy",
      "i" : "JUPUSD-PERP",
      "m" : "4611686018428744275"
    }, {
      "d" : "1756440326811648946",
      "t" : 1756440326811,
      "tn" : 1756440326811648946,
      "q" : "18",
      "p" : "0.53669",
      "s" : "buy",
      "i" : "JUPUSD-PERP",
      "m" : "4611686018428744274"
    }, {
      "d" : "1756440326811646054",
      "t" : 1756440326811,
      "tn" : 1756440326811646054,
      "q" : "1",
      "p" : "0.53655",
      "s" : "buy",
      "i" : "JUPUSD-PERP",
      "m" : "4611686018428744273"
    }, {
      "d" : "1756440326811642039",
      "t" : 1756440326811,
      "tn" : 1756440326811642039,
      "q" : "1",
      "p" : "0.53649",
      "s" : "buy",
      "i" : "JUPUSD-PERP",
      "m" : "4611686018428744272"
    }, {
      "d" : "1756440067626761526",
      "t" : 1756440067626,
      "tn" : 1756440067626761526,
      "q" : "373",
      "p" : "0.53490",
      "s" : "sell",
      "i" : "JUPUSD-PERP",
      "m" : "4611686018428744271"
    }, {
      "d" : "1756440067626760057",
      "t" : 1756440067626,
      "tn" : 1756440067626760057,
      "q" : "373",
      "p" : "0.53495",
      "s" : "sell",
      "i" : "JUPUSD-PERP",
      "m" : "4611686018428744270"
    }, {
      "d" : "1756440067626758228",
      "t" : 1756440067626,
      "tn" : 1756440067626758228,
      "q" : "1",
      "p" : "0.53506",
      "s" : "sell",
      "i" : "JUPUSD-PERP",
      "m" : "4611686018428744269"
    }, {
      "d" : "1756439571256383179",
      "t" : 1756439571256,
      "tn" : 1756439571256383179,
      "q" : "36",
      "p" : "0.53530",
      "s" : "buy",
      "i" : "JUPUSD-PERP",
      "m" : "4611686018428744268"
    }, {
      "d" : "1756439571252331136",
      "t" : 1756439571252,
      "tn" : 1756439571252331136,
      "q" : "1326",
      "p" : "0.53506",
      "s" : "buy",
      "i" : "JUPUSD-PERP",
      "m" : "4611686018428744267"
    }, {
      "d" : "1756439571252328757",
      "t" : 1756439571252,
      "tn" : 1756439571252328757,
      "q" : "604",
      "p" : "0.53505",
      "s" : "buy",
      "i" : "JUPUSD-PERP",
      "m" : "4611686018428744266"
    }, {
      "d" : "1756439571244245287",
      "t" : 1756439571244,
      "tn" : 1756439571244245287,
      "q" : "374",
      "p" : "0.53450",
      "s" : "buy",
      "i" : "JUPUSD-PERP",
      "m" : "4611686018428744265"
    }, {
      "d" : "1756439571244243486",
      "t" : 1756439571244,
      "tn" : 1756439571244243486,
      "q" : "374",
      "p" : "0.53445",
      "s" : "buy",
      "i" : "JUPUSD-PERP",
      "m" : "4611686018428744264"
    }, {
      "d" : "1756439571244071039",
      "t" : 1756439571244,
      "tn" : 1756439571244071039,
      "q" : "70",
      "p" : "0.53434",
      "s" : "buy",
      "i" : "JUPUSD-PERP",
      "m" : "4611686018428744263"
    }, {
      "d" : "1756439571244067179",
      "t" : 1756439571244,
      "tn" : 1756439571244067179,
      "q" : "866",
      "p" : "0.53434",
      "s" : "buy",
      "i" : "JUPUSD-PERP",
      "m" : "4611686018428744262"
    }, {
      "d" : "1756439571244065737",
      "t" : 1756439571244,
      "tn" : 1756439571244065737,
      "q" : "18",
      "p" : "0.53416",
      "s" : "buy",
      "i" : "JUPUSD-PERP",
      "m" : "4611686018428744261"
    }, {
      "d" : "1756439571244061151",
      "t" : 1756439571244,
      "tn" : 1756439571244061151,
      "q" : "1",
      "p" : "0.53405",
      "s" : "buy",
      "i" : "JUPUSD-PERP",
      "m" : "4611686018428744260"
    }, {
      "d" : "1756439571244058307",
      "t" : 1756439571244,
      "tn" : 1756439571244058307,
      "q" : "50",
      "p" : "0.53404",
      "s" : "buy",
      "i" : "JUPUSD-PERP",
      "m" : "4611686018428744259"
    }, {
      "d" : "1756439571244055490",
      "t" : 1756439571244,
      "tn" : 1756439571244055490,
      "q" : "1",
      "p" : "0.53399",
      "s" : "buy",
      "i" : "JUPUSD-PERP",
      "m" : "4611686018428744258"
    }, {
      "d" : "1756439534740098042",
      "t" : 1756439534740,
      "tn" : 1756439534740098042,
      "q" : "1",
      "p" : "0.53315",
      "s" : "sell",
      "i" : "JUPUSD-PERP",
      "m" : "4611686018428744257"
    }, {
      "d" : "1756439534740092651",
      "t" : 1756439534740,
      "tn" : 1756439534740092651,
      "q" : "375",
      "p" : "0.53315",
      "s" : "sell",
      "i" : "JUPUSD-PERP",
      "m" : "4611686018428744256"
    }, {
      "d" : "1756439534740090232",
      "t" : 1756439534740,
      "tn" : 1756439534740090232,
      "q" : "50",
      "p" : "0.53316",
      "s" : "sell",
      "i" : "JUPUSD-PERP",
      "m" : "4611686018428744255"
    }, {
      "d" : "1756439534740086032",
      "t" : 1756439534740,
      "tn" : 1756439534740086032,
      "q" : "1",
      "p" : "0.53336",
      "s" : "sell",
      "i" : "JUPUSD-PERP",
      "m" : "4611686018428744254"
    }, {
      "d" : "1756438811028906131",
      "t" : 1756438811028,
      "tn" : 1756438811028906131,
      "q" : "374",
      "p" : "0.53360",
      "s" : "buy",
      "i" : "JUPUSD-PERP",
      "m" : "4611686018428744253"
    }, {
      "d" : "1756438811028904488",
      "t" : 1756438811028,
      "tn" : 1756438811028904488,
      "q" : "374",
      "p" : "0.53355",
      "s" : "buy",
      "i" : "JUPUSD-PERP",
      "m" : "4611686018428744252"
    }, {
      "d" : "1756438811028381955",
      "t" : 1756438811028,
      "tn" : 1756438811028381955,
      "q" : "18",
      "p" : "0.53328",
      "s" : "buy",
      "i" : "JUPUSD-PERP",
      "m" : "4611686018428744251"
    }, {
      "d" : "1756438811028379956",
      "t" : 1756438811028,
      "tn" : 1756438811028379956,
      "q" : "1",
      "p" : "0.53315",
      "s" : "buy",
      "i" : "JUPUSD-PERP",
      "m" : "4611686018428744250"
    }, {
      "d" : "1756438811028375898",
      "t" : 1756438811028,
      "tn" : 1756438811028375898,
      "q" : "1",
      "p" : "0.53309",
      "s" : "buy",
      "i" : "JUPUSD-PERP",
      "m" : "4611686018428744249"
    }, {
      "d" : "1756436944768525681",
      "t" : 1756436944768,
      "tn" : 1756436944768525681,
      "q" : "1",
      "p" : "0.52595",
      "s" : "sell",
      "i" : "JUPUSD-PERP",
      "m" : "4611686018428744248"
    }, {
      "d" : "1756435336801729732",
      "t" : 1756435336801,
      "tn" : 1756435336801729732,
      "q" : "1",
      "p" : "0.53115",
      "s" : "buy",
      "i" : "JUPUSD-PERP",
      "m" : "4611686018428744247"
    }, {
      "d" : "1756435290220414304",
      "t" : 1756435290220,
      "tn" : 1756435290220414304,
      "q" : "375",
      "p" : "0.53260",
      "s" : "buy",
      "i" : "JUPUSD-PERP",
      "m" : "4611686018428744246"
    }, {
      "d" : "1756435290218582467",
      "t" : 1756435290218,
      "tn" : 1756435290218582467,
      "q" : "18",
      "p" : "0.53240",
      "s" : "buy",
      "i" : "JUPUSD-PERP",
      "m" : "4611686018428744245"
    }, {
      "d" : "1756435290218033833",
      "t" : 1756435290218,
      "tn" : 1756435290218033833,
      "q" : "1",
      "p" : "0.53215",
      "s" : "buy",
      "i" : "JUPUSD-PERP",
      "m" : "4611686018428744244"
    }, {
      "d" : "1756435290218031358",
      "t" : 1756435290218,
      "tn" : 1756435290218031358,
      "q" : "1",
      "p" : "0.53209",
      "s" : "buy",
      "i" : "JUPUSD-PERP",
      "m" : "4611686018428744243"
    }, {
      "d" : "1756435154659722573",
      "t" : 1756435154659,
      "tn" : 1756435154659722573,
      "q" : "1",
      "p" : "0.53045",
      "s" : "buy",
      "i" : "JUPUSD-PERP",
      "m" : "4611686018428744242"
    }, {
      "d" : "1756435154659062809",
      "t" : 1756435154659,
      "tn" : 1756435154659062809,
      "q" : "1",
      "p" : "0.53020",
      "s" : "buy",
      "i" : "JUPUSD-PERP",
      "m" : "4611686018428744241"
    }, {
      "d" : "1756435154659060447",
      "t" : 1756435154659,
      "tn" : 1756435154659060447,
      "q" : "1",
      "p" : "0.53018",
      "s" : "buy",
      "i" : "JUPUSD-PERP",
      "m" : "4611686018428744240"
    }, {
      "d" : "1756433969635575986",
      "t" : 1756433969635,
      "tn" : 1756433969635575986,
      "q" : "1",
      "p" : "0.52810",
      "s" : "buy",
      "i" : "JUPUSD-PERP",
      "m" : "4611686018428744239"
    }, {
      "d" : "1756433969635573567",
      "t" : 1756433969635,
      "tn" : 1756433969635573567,
      "q" : "1",
      "p" : "0.52808",
      "s" : "buy",
      "i" : "JUPUSD-PERP",
      "m" : "4611686018428744238"
    }, {
      "d" : "1756433608732247895",
      "t" : 1756433608732,
      "tn" : 1756433608732247895,
      "q" : "367",
      "p" : "0.52704",
      "s" : "buy",
      "i" : "JUPUSD-PERP",
      "m" : "4611686018428744237"
    }, {
      "d" : "1756432787542510834",
      "t" : 1756432787542,
      "tn" : 1756432787542510834,
      "q" : "383",
      "p" : "0.52215",
      "s" : "sell",
      "i" : "JUPUSD-PERP",
      "m" : "4611686018428744236"
    }, {
      "d" : "1756432420938211910",
      "t" : 1756432420938,
      "tn" : 1756432420938211910,
      "q" : "278",
      "p" : "0.52215",
      "s" : "sell",
      "i" : "JUPUSD-PERP",
      "m" : "4611686018428744235"
    }, {
      "d" : "1756432420938207148",
      "t" : 1756432420938,
      "tn" : 1756432420938207148,
      "q" : "105",
      "p" : "0.52215",
      "s" : "sell",
      "i" : "JUPUSD-PERP",
      "m" : "4611686018428744234"
    }, {
      "d" : "1756432420938205635",
      "t" : 1756432420938,
      "tn" : 1756432420938205635,
      "q" : "382",
      "p" : "0.52220",
      "s" : "sell",
      "i" : "JUPUSD-PERP",
      "m" : "4611686018428744233"
    }, {
      "d" : "1756432420938203215",
      "t" : 1756432420938,
      "tn" : 1756432420938203215,
      "q" : "1",
      "p" : "0.52230",
      "s" : "sell",
      "i" : "JUPUSD-PERP",
      "m" : "4611686018428744232"
    }, {
      "d" : "1756432420938198635",
      "t" : 1756432420938,
      "tn" : 1756432420938198635,
      "q" : "1",
      "p" : "0.52254",
      "s" : "sell",
      "i" : "JUPUSD-PERP",
      "m" : "4611686018428744231"
    }, {
      "d" : "1756431664935683625",
      "t" : 1756431664935,
      "tn" : 1756431664935683625,
      "q" : "19",
      "p" : "0.52569",
      "s" : "buy",
      "i" : "JUPUSD-PERP",
      "m" : "4611686018428744230"
    }, {
      "d" : "1756431664935681511",
      "t" : 1756431664935,
      "tn" : 1756431664935681511,
      "q" : "1",
      "p" : "0.52560",
      "s" : "buy",
      "i" : "JUPUSD-PERP",
      "m" : "4611686018428744229"
    }, {
      "d" : "1756431664935680002",
      "t" : 1756431664935,
      "tn" : 1756431664935680002,
      "q" : "1",
      "p" : "0.52558",
      "s" : "buy",
      "i" : "JUPUSD-PERP",
      "m" : "4611686018428744228"
    }, {
      "d" : "1756431606885751950",
      "t" : 1756431606885,
      "tn" : 1756431606885751950,
      "q" : "19",
      "p" : "0.52340",
      "s" : "buy",
      "i" : "JUPUSD-PERP",
      "m" : "4611686018428744227"
    }, {
      "d" : "1756431606885750464",
      "t" : 1756431606885,
      "tn" : 1756431606885750464,
      "q" : "1",
      "p" : "0.52330",
      "s" : "buy",
      "i" : "JUPUSD-PERP",
      "m" : "4611686018428744226"
    }, {
      "d" : "1756431334160942378",
      "t" : 1756431334160,
      "tn" : 1756431334160942377,
      "q" : "1",
      "p" : "0.52260",
      "s" : "buy",
      "i" : "JUPUSD-PERP",
      "m" : "4611686018428744225"
    }, {
      "d" : "1756431334160942377",
      "t" : 1756431334160,
      "tn" : 1756431334160942377,
      "q" : "19",
      "p" : "0.52260",
      "s" : "buy",
      "i" : "JUPUSD-PERP",
      "m" : "4611686018428744225"
    }, {
      "d" : "1756429281305914604",
      "t" : 1756429281305,
      "tn" : 1756429281305914604,
      "q" : "1",
      "p" : "0.52960",
      "s" : "buy",
      "i" : "JUPUSD-PERP",
      "m" : "4611686018428744224"
    }, {
      "d" : "1756429281305912443",
      "t" : 1756429281305,
      "tn" : 1756429281305912443,
      "q" : "1",
      "p" : "0.52957",
      "s" : "buy",
      "i" : "JUPUSD-PERP",
      "m" : "4611686018428744223"
    }, {
      "d" : "1756427639661411269",
      "t" : 1756427639661,
      "tn" : 1756427639661411269,
      "q" : "376",
      "p" : "0.52995",
      "s" : "sell",
      "i" : "JUPUSD-PERP",
      "m" : "4611686018428744222"
    }, {
      "d" : "1756427639661409620",
      "t" : 1756427639661,
      "tn" : 1756427639661409620,
      "q" : "1",
      "p" : "0.53014",
      "s" : "sell",
      "i" : "JUPUSD-PERP",
      "m" : "4611686018428744221"
    }, {
      "d" : "1756427500369042030",
      "t" : 1756427500369,
      "tn" : 1756427500369042030,
      "q" : "1",
      "p" : "0.53020",
      "s" : "buy",
      "i" : "JUPUSD-PERP",
      "m" : "4611686018428744220"
    }, {
      "d" : "1756427500369039798",
      "t" : 1756427500369,
      "tn" : 1756427500369039798,
      "q" : "1",
      "p" : "0.53017",
      "s" : "buy",
      "i" : "JUPUSD-PERP",
      "m" : "4611686018428744219"
    }, {
      "d" : "1756427475937645095",
      "t" : 1756427475937,
      "tn" : 1756427475937645095,
      "q" : "1",
      "p" : "0.52904",
      "s" : "sell",
      "i" : "JUPUSD-PERP",
      "m" : "4611686018428744218"
    }, {
      "d" : "1756427472169157180",
      "t" : 1756427472169,
      "tn" : 1756427472169157180,
      "q" : "1",
      "p" : "0.53094",
      "s" : "sell",
      "i" : "JUPUSD-PERP",
      "m" : "4611686018428744217"
    }, {
      "d" : "1756427438276006417",
      "t" : 1756427438276,
      "tn" : 1756427438276006417,
      "q" : "1",
      "p" : "0.53265",
      "s" : "sell",
      "i" : "JUPUSD-PERP",
      "m" : "4611686018428744216"
    }, {
      "d" : "1756427299045235803",
      "t" : 1756427299045,
      "tn" : 1756427299045235803,
      "q" : "606",
      "p" : "0.53196",
      "s" : "buy",
      "i" : "JUPUSD-PERP",
      "m" : "4611686018428744215"
    }, {
      "d" : "1756425967057728418",
      "t" : 1756425967057,
      "tn" : 1756425967057728418,
      "q" : "2",
      "p" : "0.52811",
      "s" : "sell",
      "i" : "JUPUSD-PERP",
      "m" : "4611686018428744214"
    }, {
      "d" : "1756425967057442585",
      "t" : 1756425967057,
      "tn" : 1756425967057442585,
      "q" : "48",
      "p" : "0.52811",
      "s" : "sell",
      "i" : "JUPUSD-PERP",
      "m" : "4611686018428744213"
    }, {
      "d" : "1756425967057440168",
      "t" : 1756425967057,
      "tn" : 1756425967057440168,
      "q" : "378",
      "p" : "0.52815",
      "s" : "sell",
      "i" : "JUPUSD-PERP",
      "m" : "4611686018428744212"
    }, {
      "d" : "1756425967057438209",
      "t" : 1756425967057,
      "tn" : 1756425967057438209,
      "q" : "378",
      "p" : "0.52820",
      "s" : "sell",
      "i" : "JUPUSD-PERP",
      "m" : "4611686018428744211"
    }, {
      "d" : "1756425967057436814",
      "t" : 1756425967057,
      "tn" : 1756425967057436814,
      "q" : "1",
      "p" : "0.52840",
      "s" : "sell",
      "i" : "JUPUSD-PERP",
      "m" : "4611686018428744210"
    }, {
      "d" : "1756425967057433381",
      "t" : 1756425967057,
      "tn" : 1756425967057433381,
      "q" : "1",
      "p" : "0.52865",
      "s" : "sell",
      "i" : "JUPUSD-PERP",
      "m" : "4611686018428744209"
    }, {
      "d" : "1756424683516197805",
      "t" : 1756424683516,
      "tn" : 1756424683516197805,
      "q" : "18",
      "p" : "0.52767",
      "s" : "buy",
      "i" : "JUPUSD-PERP",
      "m" : "4611686018428744208"
    }, {
      "d" : "1756424683516195768",
      "t" : 1756424683516,
      "tn" : 1756424683516195768,
      "q" : "1",
      "p" : "0.52760",
      "s" : "buy",
      "i" : "JUPUSD-PERP",
      "m" : "4611686018428744207"
    }, {
      "d" : "1756424683516193076",
      "t" : 1756424683516,
      "tn" : 1756424683516193076,
      "q" : "1",
      "p" : "0.52759",
      "s" : "buy",
      "i" : "JUPUSD-PERP",
      "m" : "4611686018428744206"
    }, {
      "d" : "1756424429226896944",
      "t" : 1756424429226,
      "tn" : 1756424429226896944,
      "q" : "378",
      "p" : "0.52785",
      "s" : "buy",
      "i" : "JUPUSD-PERP",
      "m" : "4611686018428744205"
    }, {
      "d" : "1756424429226895252",
      "t" : 1756424429226,
      "tn" : 1756424429226895252,
      "q" : "378",
      "p" : "0.52780",
      "s" : "buy",
      "i" : "JUPUSD-PERP",
      "m" : "4611686018428744204"
    }, {
      "d" : "1756424429226893653",
      "t" : 1756424429226,
      "tn" : 1756424429226893653,
      "q" : "948",
      "p" : "0.52728",
      "s" : "buy",
      "i" : "JUPUSD-PERP",
      "m" : "4611686018428744203"
    }, {
      "d" : "1756424429226889750",
      "t" : 1756424429226,
      "tn" : 1756424429226889750,
      "q" : "18",
      "p" : "0.52723",
      "s" : "buy",
      "i" : "JUPUSD-PERP",
      "m" : "4611686018428744202"
    }, {
      "d" : "1756424429226888133",
      "t" : 1756424429226,
      "tn" : 1756424429226888133,
      "q" : "1",
      "p" : "0.52700",
      "s" : "buy",
      "i" : "JUPUSD-PERP",
      "m" : "4611686018428744201"
    }, {
      "d" : "1756424429226885639",
      "t" : 1756424429226,
      "tn" : 1756424429226885639,
      "q" : "1",
      "p" : "0.52698",
      "s" : "buy",
      "i" : "JUPUSD-PERP",
      "m" : "4611686018428744200"
    }, {
      "d" : "1756424378580217240",
      "t" : 1756424378580,
      "tn" : 1756424378580217240,
      "q" : "379",
      "p" : "0.52760",
      "s" : "buy",
      "i" : "JUPUSD-PERP",
      "m" : "4611686018428744199"
    } ]
  }
}