{
  "id" : -1,
  "method" : "public/get-trades",
  "code" : 0,
  "result" : {
    "data" : [ {
      "d" : "1756453285092759156",
      "t" : 1756453285092,
      "tn" : 1756453285092759156,
      "q" : "116",
      "p" : "0.14884",
      "s" : "buy",
      "i" : "KAIA_USDT",
      "m" : "4611686018428275306"
    }, {
      "d" : "1756447878170075617",
      "t" : 1756447878170,
      "tn" : 1756447878170075617,
      "q" : "960",
      "p" : "0.15165",
      "s" : "sell",
      "i" : "KAIA_USDT",
      "m" : "4611686018428275305"
    }, {
      "d" : "1756432199206971489",
      "t" : 1756432199206,
      "tn" : 1756432199206971489,
      "q" : "8",
      "p" : "0.15465",
      "s" : "buy",
      "i" : "KAIA_USDT",
      "m" : "4611686018428275304"
    }, {
      "d" : "1756431933534831607",
      "t" : 1756431933534,
      "tn" : 1756431933534831607,
      "q" : "1100",
      "p" : "0.15540",
      "s" : "buy",
      "i" : "KAIA_USDT",
      "m" : "4611686018428275303"
    }, {
      "d" : "1756431409008811661",
      "t" : 1756431409008,
      "tn" : 1756431409008811661,
      "q" : "8",
      "p" : "0.15498",
      "s" : "sell",
      "i" : "KAIA_USDT",
      "m" : "4611686018428275302"
    }, {
      "d" : "1756431408993736533",
      "t" : 1756431408993,
      "tn" : 1756431408993736533,
      "q" : "8",
      "p" : "0.15498",
      "s" : "sell",
      "i" : "KAIA_USDT",
      "m" : "4611686018428275301"
    }, {
      "d" : "1756431408908693390",
      "t" : 1756431408908,
      "tn" : 1756431408908693390,
      "q" : "8",
      "p" : "0.15498",
      "s" : "sell",
      "i" : "KAIA_USDT",
      "m" : "4611686018428275300"
    }, {
      "d" : "1756431408708395115",
      "t" : 1756431408708,
      "tn" : 1756431408708395115,
      "q" : "8",
      "p" : "0.15498",
      "s" : "sell",
      "i" : "KAIA_USDT",
      "m" : "4611686018428275299"
    }, {
      "d" : "1756431408608055822",
      "t" : 1756431408608,
      "tn" : 1756431408608055822,
      "q" : "8",
      "p" : "0.15498",
      "s" : "sell",
      "i" : "KAIA_USDT",
      "m" : "4611686018428275298"
    }, {
      "d" : "1756431408533093781",
      "t" : 1756431408533,
      "tn" : 1756431408533093781,
      "q" : "8",
      "p" : "0.15498",
      "s" : "sell",
      "i" : "KAIA_USDT",
      "m" : "4611686018428275297"
    }, {
      "d" : "1756431408237696583",
      "t" : 1756431408237,
      "tn" : 1756431408237696583,
      "q" : "974",
      "p" : "0.15498",
      "s" : "sell",
      "i" : "KAIA_USDT",
      "m" : "4611686018428275296"
    }, {
      "d" : "1756431407832405153",
      "t" : 1756431407832,
      "tn" : 1756431407832405153,
      "q" : "966",
      "p" : "0.15498",
      "s" : "sell",
      "i" : "KAIA_USDT",
      "m" : "4611686018428275295"
    }, {
      "d" : "1756431407466705000",
      "t" : 1756431407466,
      "tn" : 1756431407466705000,
      "q" : "964",
      "p" : "0.15498",
      "s" : "sell",
      "i" : "KAIA_USDT",
      "m" : "4611686018428275294"
    }, {
      "d" : "1756431407130069979",
      "t" : 1756431407130,
      "tn" : 1756431407130069979,
      "q" : "955",
      "p" : "0.15498",
      "s" : "sell",
      "i" : "KAIA_USDT",
      "m" : "4611686018428275293"
    }, {
      "d" : "1756431406965462625",
      "t" : 1756431406965,
      "tn" : 1756431406965462625,
      "q" : "14519",
      "p" : "0.15501",
      "s" : "sell",
      "i" : "KAIA_USDT",
      "m" : "4611686018428275292"
    }, {
      "d" : "1756431406908981805",
      "t" : 1756431406908,
      "tn" : 1756431406908981805,
      "q" : "8",
      "p" : "0.15501",
      "s" : "sell",
      "i" : "KAIA_USDT",
      "m" : "4611686018428275291"
    }, {
      "d" : "1756431406527922147",
      "t" : 1756431406527,
      "tn" : 1756431406527922147,
      "q" : "8",
      "p" : "0.15501",
      "s" : "sell",
      "i" : "KAIA_USDT",
      "m" : "4611686018428275290"
    }, {
      "d" : "1756431405906224579",
      "t" : 1756431405906,
      "tn" : 1756431405906224579,
      "q" : "8",
      "p" : "0.15501",
      "s" : "sell",
      "i" : "KAIA_USDT",
      "m" : "4611686018428275289"
    }, {
      "d" : "1756431405806140423",
      "t" : 1756431405806,
      "tn" : 1756431405806140423,
      "q" : "8",
      "p" : "0.15501",
      "s" : "sell",
      "i" : "KAIA_USDT",
      "m" : "4611686018428275288"
    }, {
      "d" : "1756431405530341774",
      "t" : 1756431405530,
      "tn" : 1756431405530341774,
      "q" : "8",
      "p" : "0.15501",
      "s" : "sell",
      "i" : "KAIA_USDT",
      "m" : "4611686018428275287"
    }, {
      "d" : "1756431405209083408",
      "t" : 1756431405209,
      "tn" : 1756431405209083408,
      "q" : "8",
      "p" : "0.15501",
      "s" : "sell",
      "i" : "KAIA_USDT",
      "m" : "4611686018428275286"
    }, {
      "d" : "1756431405109012992",
      "t" : 1756431405109,
      "tn" : 1756431405109012992,
      "q" : "8",
      "p" : "0.15501",
      "s" : "sell",
      "i" : "KAIA_USDT",
      "m" : "4611686018428275285"
    }, {
      "d" : "1756431405009009640",
      "t" : 1756431405009,
      "tn" : 1756431405009009640,
      "q" : "8",
      "p" : "0.15501",
      "s" : "sell",
      "i" : "KAIA_USDT",
      "m" : "4611686018428275284"
    }, {
      "d" : "1756431404908910462",
      "t" : 1756431404908,
      "tn" : 1756431404908910462,
      "q" : "8",
      "p" : "0.15501",
      "s" : "sell",
      "i" : "KAIA_USDT",
      "m" : "4611686018428275283"
    }, {
      "d" : "1756431404808771783",
      "t" : 1756431404808,
      "tn" : 1756431404808771783,
      "q" : "8",
      "p" : "0.15501",
      "s" : "sell",
      "i" : "KAIA_USDT",
      "m" : "4611686018428275282"
    }, {
      "d" : "1756431404533032253",
      "t" : 1756431404533,
      "tn" : 1756431404533032253,
      "q" : "8",
      "p" : "0.15501",
      "s" : "sell",
      "i" : "KAIA_USDT",
      "m" : "4611686018428275281"
    }, {
      "d" : "1756431404206760673",
      "t" : 1756431404206,
      "tn" : 1756431404206760673,
      "q" : "8",
      "p" : "0.15501",
      "s" : "sell",
      "i" : "KAIA_USDT",
      "m" : "4611686018428275280"
    }, {
      "d" : "1756431404116611451",
      "t" : 1756431404116,
      "tn" : 1756431404116611451,
      "q" : "8",
      "p" : "0.15501",
      "s" : "sell",
      "i" : "KAIA_USDT",
      "m" : "4611686018428275279"
    }, {
      "d" : "1756431404106674880",
      "t" : 1756431404106,
      "tn" : 1756431404106674880,
      "q" : "8",
      "p" : "0.15501",
      "s" : "sell",
      "i" : "KAIA_USDT",
      "m" : "4611686018428275278"
    }, {
      "d" : "1756431403709747326",
      "t" : 1756431403709,
      "tn" : 1756431403709747326,
      "q" : "8",
      "p" : "0.15501",
      "s" : "sell",
      "i" : "KAIA_USDT",
      "m" : "4611686018428275277"
    }, {
      "d" : "1756431403605736994",
      "t" : 1756431403605,
      "tn" : 1756431403605736994,
      "q" : "8",
      "p" : "0.15501",
      "s" : "sell",
      "i" : "KAIA_USDT",
      "m" : "4611686018428275276"
    }, {
      "d" : "1756431403530617883",
      "t" : 1756431403530,
      "tn" : 1756431403530617883,
      "q" : "8",
      "p" : "0.15501",
      "s" : "sell",
      "i" : "KAIA_USDT",
      "m" : "4611686018428275275"
    }, {
      "d" : "1756431345043751785",
      "t" : 1756431345043,
      "tn" : 1756431345043751785,
      "q" : "1848",
      "p" : "0.15501",
      "s" : "sell",
      "i" : "KAIA_USDT",
      "m" : "4611686018428275274"
    }, {
      "d" : "1756430513218357189",
      "t" : 1756430513218,
      "tn" : 1756430513218357189,
      "q" : "8",
      "p" : "0.15535",
      "s" : "buy",
      "i" : "KAIA_USDT",
      "m" : "4611686018428275273"
    }, {
      "d" : "1756430498133326060",
      "t" : 1756430498133,
      "tn" : 1756430498133326060,
      "q" : "8",
      "p" : "0.15535",
      "s" : "buy",
      "i" : "KAIA_USDT",
      "m" : "4611686018428275272"
    }, {
      "d" : "1756430483016543973",
      "t" : 1756430483016,
      "tn" : 1756430483016543973,
      "q" : "8",
      "p" : "0.15525",
      "s" : "buy",
      "i" : "KAIA_USDT",
      "m" : "4611686018428275271"
    }, {
      "d" : "1756430300332216694",
      "t" : 1756430300332,
      "tn" : 1756430300332216694,
      "q" : "12464",
      "p" : "0.15600",
      "s" : "sell",
      "i" : "KAIA_USDT",
      "m" : "4611686018428275270"
    }, {
      "d" : "1756430058011511347",
      "t" : 1756430058011,
      "tn" : 1756430058011511347,
      "q" : "8",
      "p" : "0.15625",
      "s" : "buy",
      "i" : "KAIA_USDT",
      "m" : "4611686018428275269"
    }, {
      "d" : "1756429547938134418",
      "t" : 1756429547938,
      "tn" : 1756429547938134418,
      "q" : "13988",
      "p" : "0.15683",
      "s" : "sell",
      "i" : "KAIA_USDT",
      "m" : "4611686018428275268"
    }, {
      "d" : "1756428630189967831",
      "t" : 1756428630189,
      "tn" : 1756428630189967831,
      "q" : "8",
      "p" : "0.15685",
      "s" : "buy",
      "i" : "KAIA_USDT",
      "m" : "4611686018428275267"
    }, {
      "d" : "1756428615099876451",
      "t" : 1756428615099,
      "tn" : 1756428615099876451,
      "q" : "8",
      "p" : "0.15685",
      "s" : "buy",
      "i" : "KAIA_USDT",
      "m" : "4611686018428275266"
    }, {
      "d" : "1756428469942328028",
      "t" : 1756428469942,
      "tn" : 1756428469942328028,
      "q" : "8",
      "p" : "0.15734",
      "s" : "sell",
      "i" : "KAIA_USDT",
      "m" : "4611686018428275265"
    }, {
      "d" : "1756428448560988543",
      "t" : 1756428448560,
      "tn" : 1756428448560988543,
      "q" : "8",
      "p" : "0.15715",
      "s" : "buy",
      "i" : "KAIA_USDT",
      "m" : "4611686018428275264"
    }, {
      "d" : "1756428286737898830",
      "t" : 1756428286737,
      "tn" : 1756428286737898830,
      "q" : "8",
      "p" : "0.15745",
      "s" : "buy",
      "i" : "KAIA_USDT",
      "m" : "4611686018428275263"
    }, {
      "d" : "1756427284124461094",
      "t" : 1756427284124,
      "tn" : 1756427284124461094,
      "q" : "14889",
      "p" : "0.15750",
      "s" : "buy",
      "i" : "KAIA_USDT",
      "m" : "4611686018428275262"
    }, {
      "d" : "1756427115609145734",
      "t" : 1756427115609,
      "tn" : 1756427115609145734,
      "q" : "2859",
      "p" : "0.15720",
      "s" : "sell",
      "i" : "KAIA_USDT",
      "m" : "4611686018428275261"
    }, {
      "d" : "1756427113692199966",
      "t" : 1756427113692,
      "tn" : 1756427113692199966,
      "q" : "8",
      "p" : "0.15729",
      "s" : "sell",
      "i" : "KAIA_USDT",
      "m" : "4611686018428275260"
    }, {
      "d" : "1756427113689594754",
      "t" : 1756427113689,
      "tn" : 1756427113689594754,
      "q" : "8",
      "p" : "0.15729",
      "s" : "sell",
      "i" : "KAIA_USDT",
      "m" : "4611686018428275259"
    }, {
      "d" : "1756427113687707319",
      "t" : 1756427113687,
      "tn" : 1756427113687707319,
      "q" : "8",
      "p" : "0.15729",
      "s" : "sell",
      "i" : "KAIA_USDT",
      "m" : "4611686018428275258"
    }, {
      "d" : "1756427113685690363",
      "t" : 1756427113685,
      "tn" : 1756427113685690363,
      "q" : "8",
      "p" : "0.15729",
      "s" : "sell",
      "i" : "KAIA_USDT",
      "m" : "4611686018428275257"
    }, {
      "d" : "1756427113684286151",
      "t" : 1756427113684,
      "tn" : 1756427113684286151,
      "q" : "8",
      "p" : "0.15729",
      "s" : "sell",
      "i" : "KAIA_USDT",
      "m" : "4611686018428275256"
    }, {
      "d" : "1756427113682828677",
      "t" : 1756427113682,
      "tn" : 1756427113682828677,
      "q" : "8",
      "p" : "0.15729",
      "s" : "sell",
      "i" : "KAIA_USDT",
      "m" : "4611686018428275255"
    }, {
      "d" : "1756427113679960183",
      "t" : 1756427113679,
      "tn" : 1756427113679960183,
      "q" : "8",
      "p" : "0.15729",
      "s" : "sell",
      "i" : "KAIA_USDT",
      "m" : "4611686018428275254"
    }, {
      "d" : "1756427113678549709",
      "t" : 1756427113678,
      "tn" : 1756427113678549709,
      "q" : "8",
      "p" : "0.15729",
      "s" : "sell",
      "i" : "KAIA_USDT",
      "m" : "4611686018428275253"
    }, {
      "d" : "1756427113676396422",
      "t" : 1756427113676,
      "tn" : 1756427113676396422,
      "q" : "8",
      "p" : "0.15729",
      "s" : "sell",
      "i" : "KAIA_USDT",
      "m" : "4611686018428275252"
    }, {
      "d" : "1756427113674379720",
      "t" : 1756427113674,
      "tn" : 1756427113674379720,
      "q" : "16385",
      "p" : "0.15775",
      "s" : "sell",
      "i" : "KAIA_USDT",
      "m" : "4611686018428275251"
    }, {
      "d" : "1756427113673703701",
      "t" : 1756427113673,
      "tn" : 1756427113673703701,
      "q" : "16052",
      "p" : "0.15780",
      "s" : "sell",
      "i" : "KAIA_USDT",
      "m" : "4611686018428275250"
    }, {
      "d" : "1756427113669983502",
      "t" : 1756427113669,
      "tn" : 1756427113669983502,
      "q" : "8",
      "p" : "0.15804",
      "s" : "sell",
      "i" : "KAIA_USDT",
      "m" : "4611686018428275249"
    }, {
      "d" : "1756426974305193431",
      "t" : 1756426974305,
      "tn" : 1756426974305193431,
      "q" : "8",
      "p" : "0.15814",
      "s" : "sell",
      "i" : "KAIA_USDT",
      "m" : "4611686018428275248"
    }, {
      "d" : "1756426839440975506",
      "t" : 1756426839440,
      "tn" : 1756426839440975506,
      "q" : "8",
      "p" : "0.15824",
      "s" : "sell",
      "i" : "KAIA_USDT",
      "m" : "4611686018428275247"
    }, {
      "d" : "1756426588275283563",
      "t" : 1756426588275,
      "tn" : 1756426588275283563,
      "q" : "8",
      "p" : "0.15824",
      "s" : "sell",
      "i" : "KAIA_USDT",
      "m" : "4611686018428275246"
    }, {
      "d" : "1756426541908785909",
      "t" : 1756426541908,
      "tn" : 1756426541908785909,
      "q" : "17789",
      "p" : "0.15810",
      "s" : "buy",
      "i" : "KAIA_USDT",
      "m" : "4611686018428275245"
    }, {
      "d" : "1756426541908777157",
      "t" : 1756426541908,
      "tn" : 1756426541908777157,
      "q" : "2888",
      "p" : "0.15810",
      "s" : "buy",
      "i" : "KAIA_USDT",
      "m" : "4611686018428275244"
    }, {
      "d" : "1756426031429488866",
      "t" : 1756426031429,
      "tn" : 1756426031429488866,
      "q" : "8326",
      "p" : "0.15780",
      "s" : "buy",
      "i" : "KAIA_USDT",
      "m" : "4611686018428275243"
    }, {
      "d" : "1756426026932987549",
      "t" : 1756426026932,
      "tn" : 1756426026932987549,
      "q" : "19527",
      "p" : "0.15780",
      "s" : "buy",
      "i" : "KAIA_USDT",
      "m" : "4611686018428275242"
    }, {
      "d" : "1756424450535209317",
      "t" : 1756424450535,
      "tn" : 1756424450535209317,
      "q" : "21465",
      "p" : "0.15780",
      "s" : "buy",
      "i" : "KAIA_USDT",
      "m" : "4611686018428275241"
    }, {
      "d" : "1756424339007203063",
      "t" : 1756424339007,
      "tn" : 1756424339007203063,
      "q" : "64",
      "p" : "0.15779",
      "s" : "buy",
      "i" : "KAIA_USDT",
      "m" : "4611686018428275240"
    }, {
      "d" : "1756423095284907528",
      "t" : 1756423095284,
      "tn" : 1756423095284907528,
      "q" : "8",
      "p" : "0.15715",
      "s" : "buy",
      "i" : "KAIA_USDT",
      "m" : "4611686018428275239"
    }, {
      "d" : "1756423080194555739",
      "t" : 1756423080194,
      "tn" : 1756423080194555739,
      "q" : "8",
      "p" : "0.15715",
      "s" : "buy",
      "i" : "KAIA_USDT",
      "m" : "4611686018428275238"
    }, {
      "d" : "1756423065101166287",
      "t" : 1756423065101,
      "tn" : 1756423065101166287,
      "q" : "8",
      "p" : "0.15715",
      "s" : "buy",
      "i" : "KAIA_USDT",
      "m" : "4611686018428275237"
    }, {
      "d" : "1756423050015399463",
      "t" : 1756423050015,
      "tn" : 1756423050015399463,
      "q" : "8",
      "p" : "0.15715",
      "s" : "buy",
      "i" : "KAIA_USDT",
      "m" : "4611686018428275236"
    }, {
      "d" : "1756423034909303876",
      "t" : 1756423034909,
      "tn" : 1756423034909303876,
      "q" : "8",
      "p" : "0.15715",
      "s" : "buy",
      "i" : "KAIA_USDT",
      "m" : "4611686018428275235"
    }, {
      "d" : "1756423019820387488",
      "t" : 1756423019820,
      "tn" : 1756423019820387488,
      "q" : "8",
      "p" : "0.15715",
      "s" : "buy",
      "i" : "KAIA_USDT",
      "m" : "4611686018428275234"
    }, {
      "d" : "1756423004726858782",
      "t" : 1756423004726,
      "tn" : 1756423004726858782,
      "q" : "8",
      "p" : "0.15715",
      "s" : "buy",
      "i" : "KAIA_USDT",
      "m" : "4611686018428275233"
    }, {
      "d" : "1756422989633045880",
      "t" : 1756422989633,
      "tn" : 1756422989633045880,
      "q" : "8",
      "p" : "0.15715",
      "s" : "buy",
      "i" : "KAIA_USDT",
      "m" : "4611686018428275232"
    }, {
      "d" : "1756422974537319473",
      "t" : 1756422974537,
      "tn" : 1756422974537319473,
      "q" : "8",
      "p" : "0.15715",
      "s" : "buy",
      "i" : "KAIA_USDT",
      "m" : "4611686018428275231"
    }, {
      "d" : "1756422944347528818",
      "t" : 1756422944347,
      "tn" : 1756422944347528818,
      "q" : "8",
      "p" : "0.15715",
      "s" : "buy",
      "i" : "KAIA_USDT",
      "m" : "4611686018428275230"
    }, {
      "d" : "1756422929248065669",
      "t" : 1756422929248,
      "tn" : 1756422929248065669,
      "q" : "8",
      "p" : "0.15705",
      "s" : "buy",
      "i" : "KAIA_USDT",
      "m" : "4611686018428275229"
    }, {
      "d" : "1756422914148153818",
      "t" : 1756422914148,
      "tn" : 1756422914148153818,
      "q" : "8",
      "p" : "0.15715",
      "s" : "buy",
      "i" : "KAIA_USDT",
      "m" : "4611686018428275228"
    }, {
      "d" : "1756422899050166023",
      "t" : 1756422899050,
      "tn" : 1756422899050166023,
      "q" : "8",
      "p" : "0.15705",
      "s" : "buy",
      "i" : "KAIA_USDT",
      "m" : "4611686018428275227"
    }, {
      "d" : "1756422868870054804",
      "t" : 1756422868870,
      "tn" : 1756422868870054804,
      "q" : "8",
      "p" : "0.15705",
      "s" : "buy",
      "i" : "KAIA_USDT",
      "m" : "4611686018428275226"
    }, {
      "d" : "1756419323785568063",
      "t" : 1756419323785,
      "tn" : 1756419323785568063,
      "q" : "8",
      "p" : "0.15595",
      "s" : "buy",
      "i" : "KAIA_USDT",
      "m" : "4611686018428275225"
    }, {
      "d" : "1756419052095785960",
      "t" : 1756419052095,
      "tn" : 1756419052095785960,
      "q" : "8",
      "p" : "0.15585",
      "s" : "buy",
      "i" : "KAIA_USDT",
      "m" : "4611686018428275224"
    }, {
      "d" : "1756418991723378726",
      "t" : 1756418991723,
      "tn" : 1756418991723378726,
      "q" : "8",
      "p" : "0.15600",
      "s" : "buy",
      "i" : "KAIA_USDT",
      "m" : "4611686018428275223"
    }, {
      "d" : "1756418710963001257",
      "t" : 1756418710963,
      "tn" : 1756418710963001257,
      "q" : "8",
      "p" : "0.15614",
      "s" : "sell",
      "i" : "KAIA_USDT",
      "m" : "4611686018428275222"
    }, {
      "d" : "1756418709239051440",
      "t" : 1756418709239,
      "tn" : 1756418709239051440,
      "q" : "5719",
      "p" : "0.15600",
      "s" : "buy",
      "i" : "KAIA_USDT",
      "m" : "4611686018428275221"
    }, {
      "d" : "1756418709239049756",
      "t" : 1756418709239,
      "tn" : 1756418709239049756,
      "q" : "65",
      "p" : "0.15599",
      "s" : "buy",
      "i" : "KAIA_USDT",
      "m" : "4611686018428275220"
    }, {
      "d" : "1756418709238519318",
      "t" : 1756418709238,
      "tn" : 1756418709238519318,
      "q" : "8",
      "p" : "0.15585",
      "s" : "buy",
      "i" : "KAIA_USDT",
      "m" : "4611686018428275219"
    }, {
      "d" : "1756417658836267165",
      "t" : 1756417658836,
      "tn" : 1756417658836267165,
      "q" : "8",
      "p" : "0.15495",
      "s" : "buy",
      "i" : "KAIA_USDT",
      "m" : "4611686018428275218"
    }, {
      "d" : "1756417643760770164",
      "t" : 1756417643760,
      "tn" : 1756417643760770164,
      "q" : "8",
      "p" : "0.15485",
      "s" : "buy",
      "i" : "KAIA_USDT",
      "m" : "4611686018428275217"
    }, {
      "d" : "1756417628678489067",
      "t" : 1756417628678,
      "tn" : 1756417628678489067,
      "q" : "8",
      "p" : "0.15485",
      "s" : "buy",
      "i" : "KAIA_USDT",
      "m" : "4611686018428275216"
    }, {
      "d" : "1756417613599972285",
      "t" : 1756417613599,
      "tn" : 1756417613599972285,
      "q" : "8",
      "p" : "0.15485",
      "s" : "buy",
      "i" : "KAIA_USDT",
      "m" : "4611686018428275215"
    }, {
      "d" : "1756417583436020316",
      "t" : 1756417583436,
      "tn" : 1756417583436020316,
      "q" : "8",
      "p" : "0.15485",
      "s" : "buy",
      "i" : "KAIA_USDT",
      "m" : "4611686018428275214"
    }, {
      "d" : "1756417553270065956",
      "t" : 1756417553270,
      "tn" : 1756417553270065956,
      "q" : "8",
      "p" : "0.15485",
      "s" : "buy",
      "i" : "KAIA_USDT",
      "m" : "4611686018428275213"
    }, {
      "d" : "1756417093011718939",
      "t" : 1756417093011,
      "tn" : 1756417093011718939,
      "q" : "8",
      "p" : "0.15485",
      "s" : "buy",
      "i" : "KAIA_USDT",
      "m" : "4611686018428275212"
    }, {
      "d" : "1756416835927640050",
      "t" : 1756416835927,
      "tn" : 1756416835927640050,
      "q" : "8",
      "p" : "0.15481",
      "s" : "buy",
      "i" : "KAIA_USDT",
      "m" : "4611686018428275211"
    }, {
      "d" : "1756416820838338043",
      "t" : 1756416820838,
      "tn" : 1756416820838338043,
      "q" : "8",
      "p" : "0.15481",
      "s" : "buy",
      "i" : "KAIA_USDT",
      "m" : "4611686018428275210"
    }, {
      "d" : "1756416805749838649",
      "t" : 1756416805749,
      "tn" : 1756416805749838649,
      "q" : "8",
      "p" : "0.15505",
      "s" : "buy",
      "i" : "KAIA_USDT",
      "m" : "4611686018428275209"
    }, {
      "d" : "1756416798341557017",
      "t" : 1756416798341,
      "tn" : 1756416798341557017,
      "q" : "23",
      "p" : "0.15532",
      "s" : "sell",
      "i" : "KAIA_USDT",
      "m" : "4611686018428275208"
    }, {
      "d" : "1756416795409593687",
      "t" : 1756416795409,
      "tn" : 1756416795409593687,
      "q" : "161",
      "p" : "0.15532",
      "s" : "sell",
      "i" : "KAIA_USDT",
      "m" : "4611686018428275207"
    }, {
      "d" : "1756416795392847733",
      "t" : 1756416795392,
      "tn" : 1756416795392847733,
      "q" : "1288",
      "p" : "0.15532",
      "s" : "sell",
      "i" : "KAIA_USDT",
      "m" : "4611686018428275206"
    }, {
      "d" : "1756416795379883914",
      "t" : 1756416795379,
      "tn" : 1756416795379883914,
      "q" : "8",
      "p" : "0.15532",
      "s" : "sell",
      "i" : "KAIA_USDT",
      "m" : "4611686018428275205"
    }, {
      "d" : "1756416795379270598",
      "t" : 1756416795379,
      "tn" : 1756416795379270598,
      "q" : "3219",
      "p" : "0.15532",
      "s" : "sell",
      "i" : "KAIA_USDT",
      "m" : "4611686018428275204"
    }, {
      "d" : "1756416795378423742",
      "t" : 1756416795378,
      "tn" : 1756416795378423742,
      "q" : "976",
      "p" : "0.15532",
      "s" : "sell",
      "i" : "KAIA_USDT",
      "m" : "4611686018428275203"
    }, {
      "d" : "1756416795373869036",
      "t" : 1756416795373,
      "tn" : 1756416795373869036,
      "q" : "696",
      "p" : "0.15532",
      "s" : "sell",
      "i" : "KAIA_USDT",
      "m" : "4611686018428275202"
    }, {
      "d" : "1756416795373669200",
      "t" : 1756416795373,
      "tn" : 1756416795373669200,
      "q" : "8",
      "p" : "0.15532",
      "s" : "sell",
      "i" : "KAIA_USDT",
      "m" : "4611686018428275201"
    }, {
      "d" : "1756416795367635227",
      "t" : 1756416795367,
      "tn" : 1756416795367635227,
      "q" : "2876",
      "p" : "0.15532",
      "s" : "sell",
      "i" : "KAIA_USDT",
      "m" : "4611686018428275200"
    }, {
      "d" : "1756416794532092291",
      "t" : 1756416794532,
      "tn" : 1756416794532092291,
      "q" : "8",
      "p" : "0.15532",
      "s" : "sell",
      "i" : "KAIA_USDT",
      "m" : "4611686018428275199"
    }, {
      "d" : "1756416793604842049",
      "t" : 1756416793604,
      "tn" : 1756416793604842049,
      "q" : "8",
      "p" : "0.15532",
      "s" : "sell",
      "i" : "KAIA_USDT",
      "m" : "4611686018428275198"
    }, {
      "d" : "1756416793549801962",
      "t" : 1756416793549,
      "tn" : 1756416793549801962,
      "q" : "8",
      "p" : "0.15532",
      "s" : "sell",
      "i" : "KAIA_USDT",
      "m" : "4611686018428275197"
    }, {
      "d" : "1756416793108256250",
      "t" : 1756416793108,
      "tn" : 1756416793108256250,
      "q" : "8",
      "p" : "0.15532",
      "s" : "sell",
      "i" : "KAIA_USDT",
      "m" : "4611686018428275196"
    }, {
      "d" : "1756416793003909782",
      "t" : 1756416793003,
      "tn" : 1756416793003909782,
      "q" : "8",
      "p" : "0.15532",
      "s" : "sell",
      "i" : "KAIA_USDT",
      "m" : "4611686018428275195"
    }, {
      "d" : "1756416792888118269",
      "t" : 1756416792888,
      "tn" : 1756416792888118269,
      "q" : "8",
      "p" : "0.15532",
      "s" : "sell",
      "i" : "KAIA_USDT",
      "m" : "4611686018428275194"
    }, {
      "d" : "1756416792527301439",
      "t" : 1756416792527,
      "tn" : 1756416792527301439,
      "q" : "8",
      "p" : "0.15532",
      "s" : "sell",
      "i" : "KAIA_USDT",
      "m" : "4611686018428275193"
    }, {
      "d" : "1756416792005987780",
      "t" : 1756416792005,
      "tn" : 1756416792005987780,
      "q" : "8",
      "p" : "0.15532",
      "s" : "sell",
      "i" : "KAIA_USDT",
      "m" : "4611686018428275192"
    }, {
      "d" : "1756416791706263777",
      "t" : 1756416791706,
      "tn" : 1756416791706263777,
      "q" : "8",
      "p" : "0.15532",
      "s" : "sell",
      "i" : "KAIA_USDT",
      "m" : "4611686018428275191"
    }, {
      "d" : "1756416791605208547",
      "t" : 1756416791605,
      "tn" : 1756416791605208547,
      "q" : "8",
      "p" : "0.15532",
      "s" : "sell",
      "i" : "KAIA_USDT",
      "m" : "4611686018428275190"
    }, {
      "d" : "1756416791560222574",
      "t" : 1756416791560,
      "tn" : 1756416791560222574,
      "q" : "8",
      "p" : "0.15532",
      "s" : "sell",
      "i" : "KAIA_USDT",
      "m" : "4611686018428275189"
    }, {
      "d" : "1756416791545617869",
      "t" : 1756416791545,
      "tn" : 1756416791545617869,
      "q" : "8",
      "p" : "0.15532",
      "s" : "sell",
      "i" : "KAIA_USDT",
      "m" : "4611686018428275188"
    }, {
      "d" : "1756416791485542317",
      "t" : 1756416791485,
      "tn" : 1756416791485542317,
      "q" : "8",
      "p" : "0.15532",
      "s" : "sell",
      "i" : "KAIA_USDT",
      "m" : "4611686018428275187"
    }, {
      "d" : "1756416791474841691",
      "t" : 1756416791474,
      "tn" : 1756416791474841691,
      "q" : "982",
      "p" : "0.15532",
      "s" : "sell",
      "i" : "KAIA_USDT",
      "m" : "4611686018428275186"
    }, {
      "d" : "1756416791469818285",
      "t" : 1756416791469,
      "tn" : 1756416791469818285,
      "q" : "8",
      "p" : "0.15532",
      "s" : "sell",
      "i" : "KAIA_USDT",
      "m" : "4611686018428275185"
    }, {
      "d" : "1756416791464420441",
      "t" : 1756416791464,
      "tn" : 1756416791464420441,
      "q" : "2839",
      "p" : "0.15532",
      "s" : "sell",
      "i" : "KAIA_USDT",
      "m" : "4611686018428275184"
    }, {
      "d" : "1756416791008479333",
      "t" : 1756416791008,
      "tn" : 1756416791008479333,
      "q" : "8",
      "p" : "0.15532",
      "s" : "sell",
      "i" : "KAIA_USDT",
      "m" : "4611686018428275183"
    }, {
      "d" : "1756416790973455972",
      "t" : 1756416790973,
      "tn" : 1756416790973455972,
      "q" : "8",
      "p" : "0.15532",
      "s" : "sell",
      "i" : "KAIA_USDT",
      "m" : "4611686018428275182"
    }, {
      "d" : "1756416790547792658",
      "t" : 1756416790547,
      "tn" : 1756416790547792658,
      "q" : "8",
      "p" : "0.15532",
      "s" : "sell",
      "i" : "KAIA_USDT",
      "m" : "4611686018428275181"
    }, {
      "d" : "1756416790306598922",
      "t" : 1756416790306,
      "tn" : 1756416790306598922,
      "q" : "8",
      "p" : "0.15532",
      "s" : "sell",
      "i" : "KAIA_USDT",
      "m" : "4611686018428275180"
    }, {
      "d" : "1756416789806063608",
      "t" : 1756416789806,
      "tn" : 1756416789806063608,
      "q" : "8",
      "p" : "0.15532",
      "s" : "sell",
      "i" : "KAIA_USDT",
      "m" : "4611686018428275179"
    }, {
      "d" : "1756416789652372794",
      "t" : 1756416789652,
      "tn" : 1756416789652372794,
      "q" : "8",
      "p" : "0.15533",
      "s" : "buy",
      "i" : "KAIA_USDT",
      "m" : "4611686018428275178"
    }, {
      "d" : "1756416789530456506",
      "t" : 1756416789530,
      "tn" : 1756416789530456506,
      "q" : "8",
      "p" : "0.15532",
      "s" : "sell",
      "i" : "KAIA_USDT",
      "m" : "4611686018428275177"
    }, {
      "d" : "1756416789209254068",
      "t" : 1756416789209,
      "tn" : 1756416789209254068,
      "q" : "8",
      "p" : "0.15532",
      "s" : "sell",
      "i" : "KAIA_USDT",
      "m" : "4611686018428275176"
    }, {
      "d" : "1756416789109212128",
      "t" : 1756416789109,
      "tn" : 1756416789109212128,
      "q" : "8",
      "p" : "0.15532",
      "s" : "sell",
      "i" : "KAIA_USDT",
      "m" : "4611686018428275175"
    }, {
      "d" : "1756416788553484170",
      "t" : 1756416788553,
      "tn" : 1756416788553484170,
      "q" : "8",
      "p" : "0.15532",
      "s" : "sell",
      "i" : "KAIA_USDT",
      "m" : "4611686018428275174"
    }, {
      "d" : "1756416788306973693",
      "t" : 1756416788306,
      "tn" : 1756416788306973693,
      "q" : "8",
      "p" : "0.15532",
      "s" : "sell",
      "i" : "KAIA_USDT",
      "m" : "4611686018428275173"
    }, {
      "d" : "1756416788246798678",
      "t" : 1756416788246,
      "tn" : 1756416788246798678,
      "q" : "8",
      "p" : "0.15532",
      "s" : "sell",
      "i" : "KAIA_USDT",
      "m" : "4611686018428275172"
    }, {
      "d" : "1756416788206640892",
      "t" : 1756416788206,
      "tn" : 1756416788206640892,
      "q" : "8",
      "p" : "0.15532",
      "s" : "sell",
      "i" : "KAIA_USDT",
      "m" : "4611686018428275171"
    }, {
      "d" : "1756416788106620601",
      "t" : 1756416788106,
      "tn" : 1756416788106620601,
      "q" : "8",
      "p" : "0.15532",
      "s" : "sell",
      "i" : "KAIA_USDT",
      "m" : "4611686018428275170"
    }, {
      "d" : "1756416787530596097",
      "t" : 1756416787530,
      "tn" : 1756416787530596097,
      "q" : "8",
      "p" : "0.15532",
      "s" : "sell",
      "i" : "KAIA_USDT",
      "m" : "4611686018428275169"
    }, {
      "d" : "1756416787109427780",
      "t" : 1756416787109,
      "tn" : 1756416787109427780,
      "q" : "8",
      "p" : "0.15532",
      "s" : "sell",
      "i" : "KAIA_USDT",
      "m" : "4611686018428275168"
    }, {
      "d" : "1756416786809034665",
      "t" : 1756416786809,
      "tn" : 1756416786809034665,
      "q" : "8",
      "p" : "0.15532",
      "s" : "sell",
      "i" : "KAIA_USDT",
      "m" : "4611686018428275167"
    }, {
      "d" : "1756416786733963012",
      "t" : 1756416786733,
      "tn" : 1756416786733963012,
      "q" : "8",
      "p" : "0.15532",
      "s" : "sell",
      "i" : "KAIA_USDT",
      "m" : "4611686018428275166"
    }, {
      "d" : "1756416786608610218",
      "t" : 1756416786608,
      "tn" : 1756416786608610218,
      "q" : "8",
      "p" : "0.15532",
      "s" : "sell",
      "i" : "KAIA_USDT",
      "m" : "4611686018428275165"
    }, {
      "d" : "1756416786563604732",
      "t" : 1756416786563,
      "tn" : 1756416786563604732,
      "q" : "8",
      "p" : "0.15532",
      "s" : "sell",
      "i" : "KAIA_USDT",
      "m" : "4611686018428275164"
    }, {
      "d" : "1756416786407401127",
      "t" : 1756416786407,
      "tn" : 1756416786407401127,
      "q" : "8",
      "p" : "0.15532",
      "s" : "sell",
      "i" : "KAIA_USDT",
      "m" : "4611686018428275163"
    }, {
      "d" : "1756416785576131204",
      "t" : 1756416785576,
      "tn" : 1756416785576131204,
      "q" : "8",
      "p" : "0.15532",
      "s" : "sell",
      "i" : "KAIA_USDT",
      "m" : "4611686018428275162"
    }, {
      "d" : "1756416785009544858",
      "t" : 1756416785009,
      "tn" : 1756416785009544858,
      "q" : "8",
      "p" : "0.15532",
      "s" : "sell",
      "i" : "KAIA_USDT",
      "m" : "4611686018428275161"
    }, {
      "d" : "1756416784939458943",
      "t" : 1756416784939,
      "tn" : 1756416784939458943,
      "q" : "8",
      "p" : "0.15532",
      "s" : "sell",
      "i" : "KAIA_USDT",
      "m" : "4611686018428275160"
    }, {
      "d" : "1756416784909440443",
      "t" : 1756416784909,
      "tn" : 1756416784909440443,
      "q" : "8",
      "p" : "0.15532",
      "s" : "sell",
      "i" : "KAIA_USDT",
      "m" : "4611686018428275159"
    }, {
      "d" : "1756416784709198626",
      "t" : 1756416784709,
      "tn" : 1756416784709198626,
      "q" : "8",
      "p" : "0.15532",
      "s" : "sell",
      "i" : "KAIA_USDT",
      "m" : "4611686018428275158"
    }, {
      "d" : "1756416784608934515",
      "t" : 1756416784608,
      "tn" : 1756416784608934515,
      "q" : "8",
      "p" : "0.15532",
      "s" : "sell",
      "i" : "KAIA_USDT",
      "m" : "4611686018428275157"
    } ]
  }
}