{
  "id" : -1,
  "method" : "public/get-trades",
  "code" : 0,
  "result" : {
    "data" : [ {
      "d" : "1756461422729351192",
      "t" : 1756461422729,
      "tn" : 1756461422729351192,
      "q" : "83",
      "p" : "0.14815",
      "s" : "buy",
      "i" : "KAIA_USD",
      "m" : "4611686018428005433"
    }, {
      "d" : "1756461422729346809",
      "t" : 1756461422729,
      "tn" : 1756461422729346809,
      "q" : "8",
      "p" : "0.14808",
      "s" : "buy",
      "i" : "KAIA_USD",
      "m" : "4611686018428005432"
    }, {
      "d" : "1756460760634308183",
      "t" : 1756460760634,
      "tn" : 1756460760634308183,
      "q" : "47",
      "p" : "0.14797",
      "s" : "buy",
      "i" : "KAIA_USD",
      "m" : "4611686018428005431"
    }, {
      "d" : "1756460758803043410",
      "t" : 1756460758803,
      "tn" : 1756460758803043410,
      "q" : "8",
      "p" : "0.14797",
      "s" : "sell",
      "i" : "KAIA_USD",
      "m" : "4611686018428005430"
    }, {
      "d" : "1756460752755738445",
      "t" : 1756460752755,
      "tn" : 1756460752755738445,
      "q" : "8",
      "p" : "0.14797",
      "s" : "sell",
      "i" : "KAIA_USD",
      "m" : "4611686018428005429"
    }, {
      "d" : "1756460342636640259",
      "t" : 1756460342636,
      "tn" : 1756460342636640259,
      "q" : "128",
      "p" : "0.14775",
      "s" : "buy",
      "i" : "KAIA_USD",
      "m" : "4611686018428005428"
    }, {
      "d" : "1756460339402104408",
      "t" : 1756460339402,
      "tn" : 1756460339402104408,
      "q" : "8",
      "p" : "0.14768",
      "s" : "buy",
      "i" : "KAIA_USD",
      "m" : "4611686018428005427"
    }, {
      "d" : "1756460333434026535",
      "t" : 1756460333434,
      "tn" : 1756460333434026535,
      "q" : "8",
      "p" : "0.14768",
      "s" : "buy",
      "i" : "KAIA_USD",
      "m" : "4611686018428005426"
    }, {
      "d" : "1756460327345839268",
      "t" : 1756460327345,
      "tn" : 1756460327345839268,
      "q" : "8",
      "p" : "0.14768",
      "s" : "buy",
      "i" : "KAIA_USD",
      "m" : "4611686018428005425"
    }, {
      "d" : "1756460321478919526",
      "t" : 1756460321478,
      "tn" : 1756460321478919526,
      "q" : "8",
      "p" : "0.14768",
      "s" : "buy",
      "i" : "KAIA_USD",
      "m" : "4611686018428005424"
    }, {
      "d" : "1756458705576935465",
      "t" : 1756458705576,
      "tn" : 1756458705576935465,
      "q" : "968",
      "p" : "0.14755",
      "s" : "buy",
      "i" : "KAIA_USD",
      "m" : "4611686018428005423"
    }, {
      "d" : "1756458464960633425",
      "t" : 1756458464960,
      "tn" : 1756458464960633425,
      "q" : "996",
      "p" : "0.14650",
      "s" : "buy",
      "i" : "KAIA_USD",
      "m" : "4611686018428005422"
    }, {
      "d" : "1756458464953781582",
      "t" : 1756458464953,
      "tn" : 1756458464953781582,
      "q" : "989",
      "p" : "0.14678",
      "s" : "sell",
      "i" : "KAIA_USD",
      "m" : "4611686018428005421"
    }, {
      "d" : "1756458464953779102",
      "t" : 1756458464953,
      "tn" : 1756458464953779102,
      "q" : "8",
      "p" : "0.14687",
      "s" : "sell",
      "i" : "KAIA_USD",
      "m" : "4611686018428005420"
    }, {
      "d" : "1756458183903950578",
      "t" : 1756458183903,
      "tn" : 1756458183903950578,
      "q" : "121",
      "p" : "0.14670",
      "s" : "buy",
      "i" : "KAIA_USD",
      "m" : "4611686018428005419"
    }, {
      "d" : "1756454532097556421",
      "t" : 1756454532097,
      "tn" : 1756454532097556421,
      "q" : "322",
      "p" : "0.14946",
      "s" : "buy",
      "i" : "KAIA_USD",
      "m" : "4611686018428005418"
    }, {
      "d" : "1756454242894463726",
      "t" : 1756454242894,
      "tn" : 1756454242894463726,
      "q" : "942",
      "p" : "0.14901",
      "s" : "sell",
      "i" : "KAIA_USD",
      "m" : "4611686018428005417"
    }, {
      "d" : "1756452840034923728",
      "t" : 1756452840034,
      "tn" : 1756452840034923728,
      "q" : "113",
      "p" : "0.14931",
      "s" : "buy",
      "i" : "KAIA_USD",
      "m" : "4611686018428005416"
    }, {
      "d" : "1756452833938574915",
      "t" : 1756452833938,
      "tn" : 1756452833938574915,
      "q" : "8",
      "p" : "0.14949",
      "s" : "buy",
      "i" : "KAIA_USD",
      "m" : "4611686018428005415"
    }, {
      "d" : "1756452828040180230",
      "t" : 1756452828040,
      "tn" : 1756452828040180230,
      "q" : "8",
      "p" : "0.14949",
      "s" : "buy",
      "i" : "KAIA_USD",
      "m" : "4611686018428005414"
    }, {
      "d" : "1756452261740387358",
      "t" : 1756452261740,
      "tn" : 1756452261740387358,
      "q" : "991",
      "p" : "0.14835",
      "s" : "buy",
      "i" : "KAIA_USD",
      "m" : "4611686018428005413"
    }, {
      "d" : "1756452241813452119",
      "t" : 1756452241813,
      "tn" : 1756452241813452119,
      "q" : "976",
      "p" : "0.14918",
      "s" : "buy",
      "i" : "KAIA_USD",
      "m" : "4611686018428005412"
    }, {
      "d" : "1756452241805819202",
      "t" : 1756452241805,
      "tn" : 1756452241805819202,
      "q" : "961",
      "p" : "0.14916",
      "s" : "buy",
      "i" : "KAIA_USD",
      "m" : "4611686018428005411"
    }, {
      "d" : "1756452013960831827",
      "t" : 1756452013960,
      "tn" : 1756452013960831827,
      "q" : "970",
      "p" : "0.14968",
      "s" : "buy",
      "i" : "KAIA_USD",
      "m" : "4611686018428005410"
    }, {
      "d" : "1756451680866084529",
      "t" : 1756451680866,
      "tn" : 1756451680866084529,
      "q" : "6153",
      "p" : "0.14948",
      "s" : "sell",
      "i" : "KAIA_USD",
      "m" : "4611686018428005409"
    }, {
      "d" : "1756451678931757390",
      "t" : 1756451678931,
      "tn" : 1756451678931757390,
      "q" : "992",
      "p" : "0.14948",
      "s" : "buy",
      "i" : "KAIA_USD",
      "m" : "4611686018428005408"
    }, {
      "d" : "1756451674078993008",
      "t" : 1756451674078,
      "tn" : 1756451674078993008,
      "q" : "24",
      "p" : "0.14942",
      "s" : "sell",
      "i" : "KAIA_USD",
      "m" : "4611686018428005407"
    }, {
      "d" : "1756451673031055606",
      "t" : 1756451673031,
      "tn" : 1756451673031055606,
      "q" : "8",
      "p" : "0.14942",
      "s" : "buy",
      "i" : "KAIA_USD",
      "m" : "4611686018428005406"
    }, {
      "d" : "1756451667161213666",
      "t" : 1756451667161,
      "tn" : 1756451667161213666,
      "q" : "8",
      "p" : "0.14941",
      "s" : "buy",
      "i" : "KAIA_USD",
      "m" : "4611686018428005405"
    }, {
      "d" : "1756451664013372270",
      "t" : 1756451664013,
      "tn" : 1756451664013372270,
      "q" : "1503",
      "p" : "0.14962",
      "s" : "sell",
      "i" : "KAIA_USD",
      "m" : "4611686018428005404"
    }, {
      "d" : "1756451661097807339",
      "t" : 1756451661097,
      "tn" : 1756451661097807339,
      "q" : "8",
      "p" : "0.14962",
      "s" : "buy",
      "i" : "KAIA_USD",
      "m" : "4611686018428005403"
    }, {
      "d" : "1756451655034451938",
      "t" : 1756451655034,
      "tn" : 1756451655034451938,
      "q" : "8",
      "p" : "0.14961",
      "s" : "buy",
      "i" : "KAIA_USD",
      "m" : "4611686018428005402"
    }, {
      "d" : "1756451648877742449",
      "t" : 1756451648877,
      "tn" : 1756451648877742449,
      "q" : "978",
      "p" : "0.14971",
      "s" : "buy",
      "i" : "KAIA_USD",
      "m" : "4611686018428005401"
    }, {
      "d" : "1756451642999887889",
      "t" : 1756451642999,
      "tn" : 1756451642999887889,
      "q" : "8",
      "p" : "0.14966",
      "s" : "buy",
      "i" : "KAIA_USD",
      "m" : "4611686018428005400"
    }, {
      "d" : "1756451636970782365",
      "t" : 1756451636970,
      "tn" : 1756451636970782365,
      "q" : "8",
      "p" : "0.14971",
      "s" : "buy",
      "i" : "KAIA_USD",
      "m" : "4611686018428005399"
    }, {
      "d" : "1756451631975406960",
      "t" : 1756451631975,
      "tn" : 1756451631975406960,
      "q" : "8",
      "p" : "0.14971",
      "s" : "buy",
      "i" : "KAIA_USD",
      "m" : "4611686018428005398"
    }, {
      "d" : "1756451625955655997",
      "t" : 1756451625955,
      "tn" : 1756451625955655997,
      "q" : "8",
      "p" : "0.14961",
      "s" : "buy",
      "i" : "KAIA_USD",
      "m" : "4611686018428005397"
    }, {
      "d" : "1756451619989525023",
      "t" : 1756451619989,
      "tn" : 1756451619989525023,
      "q" : "8",
      "p" : "0.14966",
      "s" : "buy",
      "i" : "KAIA_USD",
      "m" : "4611686018428005396"
    }, {
      "d" : "1756451613954411926",
      "t" : 1756451613954,
      "tn" : 1756451613954411926,
      "q" : "8",
      "p" : "0.14966",
      "s" : "buy",
      "i" : "KAIA_USD",
      "m" : "4611686018428005395"
    }, {
      "d" : "1756451608686201270",
      "t" : 1756451608686,
      "tn" : 1756451608686201270,
      "q" : "41",
      "p" : "0.14971",
      "s" : "sell",
      "i" : "KAIA_USD",
      "m" : "4611686018428005394"
    }, {
      "d" : "1756451607899668002",
      "t" : 1756451607899,
      "tn" : 1756451607899668002,
      "q" : "8",
      "p" : "0.14971",
      "s" : "buy",
      "i" : "KAIA_USD",
      "m" : "4611686018428005393"
    }, {
      "d" : "1756451601992751505",
      "t" : 1756451601992,
      "tn" : 1756451601992751505,
      "q" : "8",
      "p" : "0.14971",
      "s" : "buy",
      "i" : "KAIA_USD",
      "m" : "4611686018428005392"
    }, {
      "d" : "1756451595916219737",
      "t" : 1756451595916,
      "tn" : 1756451595916219737,
      "q" : "8",
      "p" : "0.14971",
      "s" : "buy",
      "i" : "KAIA_USD",
      "m" : "4611686018428005391"
    }, {
      "d" : "1756451589943167797",
      "t" : 1756451589943,
      "tn" : 1756451589943167797,
      "q" : "8",
      "p" : "0.14971",
      "s" : "buy",
      "i" : "KAIA_USD",
      "m" : "4611686018428005390"
    }, {
      "d" : "1756451583860050896",
      "t" : 1756451583860,
      "tn" : 1756451583860050896,
      "q" : "8",
      "p" : "0.14971",
      "s" : "buy",
      "i" : "KAIA_USD",
      "m" : "4611686018428005389"
    }, {
      "d" : "1756451578889886028",
      "t" : 1756451578889,
      "tn" : 1756451578889886027,
      "q" : "8",
      "p" : "0.14972",
      "s" : "buy",
      "i" : "KAIA_USD",
      "m" : "4611686018428005388"
    }, {
      "d" : "1756451578889886027",
      "t" : 1756451578889,
      "tn" : 1756451578889886027,
      "q" : "977",
      "p" : "0.14972",
      "s" : "buy",
      "i" : "KAIA_USD",
      "m" : "4611686018428005388"
    }, {
      "d" : "1756451573672856664",
      "t" : 1756451573672,
      "tn" : 1756451573672856664,
      "q" : "8",
      "p" : "0.14971",
      "s" : "buy",
      "i" : "KAIA_USD",
      "m" : "4611686018428005387"
    }, {
      "d" : "1756451567764249088",
      "t" : 1756451567764,
      "tn" : 1756451567764249088,
      "q" : "8",
      "p" : "0.14981",
      "s" : "buy",
      "i" : "KAIA_USD",
      "m" : "4611686018428005386"
    }, {
      "d" : "1756451561617839679",
      "t" : 1756451561617,
      "tn" : 1756451561617839679,
      "q" : "8",
      "p" : "0.14991",
      "s" : "buy",
      "i" : "KAIA_USD",
      "m" : "4611686018428005385"
    }, {
      "d" : "1756451555917459460",
      "t" : 1756451555917,
      "tn" : 1756451555917459460,
      "q" : "8",
      "p" : "0.14991",
      "s" : "buy",
      "i" : "KAIA_USD",
      "m" : "4611686018428005384"
    }, {
      "d" : "1756451550028782326",
      "t" : 1756451550028,
      "tn" : 1756451550028782326,
      "q" : "8",
      "p" : "0.15001",
      "s" : "buy",
      "i" : "KAIA_USD",
      "m" : "4611686018428005383"
    }, {
      "d" : "1756451543969594866",
      "t" : 1756451543969,
      "tn" : 1756451543969594866,
      "q" : "8",
      "p" : "0.14991",
      "s" : "buy",
      "i" : "KAIA_USD",
      "m" : "4611686018428005382"
    }, {
      "d" : "1756451537903705514",
      "t" : 1756451537903,
      "tn" : 1756451537903705514,
      "q" : "8",
      "p" : "0.14991",
      "s" : "buy",
      "i" : "KAIA_USD",
      "m" : "4611686018428005381"
    }, {
      "d" : "1756451531838682271",
      "t" : 1756451531838,
      "tn" : 1756451531838682271,
      "q" : "8",
      "p" : "0.14991",
      "s" : "buy",
      "i" : "KAIA_USD",
      "m" : "4611686018428005380"
    }, {
      "d" : "1756451525893080272",
      "t" : 1756451525893,
      "tn" : 1756451525893080272,
      "q" : "8",
      "p" : "0.14991",
      "s" : "buy",
      "i" : "KAIA_USD",
      "m" : "4611686018428005379"
    }, {
      "d" : "1756451519858483031",
      "t" : 1756451519858,
      "tn" : 1756451519858483031,
      "q" : "8",
      "p" : "0.14991",
      "s" : "buy",
      "i" : "KAIA_USD",
      "m" : "4611686018428005378"
    }, {
      "d" : "1756451513899358890",
      "t" : 1756451513899,
      "tn" : 1756451513899358890,
      "q" : "8",
      "p" : "0.14986",
      "s" : "buy",
      "i" : "KAIA_USD",
      "m" : "4611686018428005377"
    }, {
      "d" : "1756451507975931919",
      "t" : 1756451507975,
      "tn" : 1756451507975931918,
      "q" : "973",
      "p" : "0.14991",
      "s" : "buy",
      "i" : "KAIA_USD",
      "m" : "4611686018428005376"
    }, {
      "d" : "1756451507975931918",
      "t" : 1756451507975,
      "tn" : 1756451507975931918,
      "q" : "8",
      "p" : "0.14991",
      "s" : "buy",
      "i" : "KAIA_USD",
      "m" : "4611686018428005376"
    }, {
      "d" : "1756451502062684071",
      "t" : 1756451502062,
      "tn" : 1756451502062684071,
      "q" : "8",
      "p" : "0.14991",
      "s" : "buy",
      "i" : "KAIA_USD",
      "m" : "4611686018428005375"
    }, {
      "d" : "1756451496091113281",
      "t" : 1756451496091,
      "tn" : 1756451496091113281,
      "q" : "8",
      "p" : "0.14991",
      "s" : "buy",
      "i" : "KAIA_USD",
      "m" : "4611686018428005374"
    }, {
      "d" : "1756451489862502446",
      "t" : 1756451489862,
      "tn" : 1756451489862502446,
      "q" : "8",
      "p" : "0.15001",
      "s" : "buy",
      "i" : "KAIA_USD",
      "m" : "4611686018428005373"
    }, {
      "d" : "1756451484007895511",
      "t" : 1756451484007,
      "tn" : 1756451484007895511,
      "q" : "8",
      "p" : "0.15001",
      "s" : "buy",
      "i" : "KAIA_USD",
      "m" : "4611686018428005372"
    }, {
      "d" : "1756451477879766965",
      "t" : 1756451477879,
      "tn" : 1756451477879766965,
      "q" : "8",
      "p" : "0.15001",
      "s" : "buy",
      "i" : "KAIA_USD",
      "m" : "4611686018428005371"
    }, {
      "d" : "1756451471974772867",
      "t" : 1756451471974,
      "tn" : 1756451471974772867,
      "q" : "8",
      "p" : "0.15001",
      "s" : "buy",
      "i" : "KAIA_USD",
      "m" : "4611686018428005370"
    }, {
      "d" : "1756451465840211031",
      "t" : 1756451465840,
      "tn" : 1756451465840211031,
      "q" : "984",
      "p" : "0.15006",
      "s" : "buy",
      "i" : "KAIA_USD",
      "m" : "4611686018428005369"
    }, {
      "d" : "1756451459912119512",
      "t" : 1756451459912,
      "tn" : 1756451459912119512,
      "q" : "8",
      "p" : "0.15001",
      "s" : "buy",
      "i" : "KAIA_USD",
      "m" : "4611686018428005368"
    }, {
      "d" : "1756451455217571136",
      "t" : 1756451455217,
      "tn" : 1756451455217571136,
      "q" : "4151",
      "p" : "0.15011",
      "s" : "sell",
      "i" : "KAIA_USD",
      "m" : "4611686018428005367"
    }, {
      "d" : "1756451453902951834",
      "t" : 1756451453902,
      "tn" : 1756451453902951834,
      "q" : "8",
      "p" : "0.15011",
      "s" : "buy",
      "i" : "KAIA_USD",
      "m" : "4611686018428005366"
    }, {
      "d" : "1756451447915765391",
      "t" : 1756451447915,
      "tn" : 1756451447915765391,
      "q" : "8",
      "p" : "0.15011",
      "s" : "buy",
      "i" : "KAIA_USD",
      "m" : "4611686018428005365"
    }, {
      "d" : "1756451441922627147",
      "t" : 1756451441922,
      "tn" : 1756451441922627147,
      "q" : "8",
      "p" : "0.15011",
      "s" : "buy",
      "i" : "KAIA_USD",
      "m" : "4611686018428005364"
    }, {
      "d" : "1756451435868138995",
      "t" : 1756451435868,
      "tn" : 1756451435868138995,
      "q" : "8",
      "p" : "0.15011",
      "s" : "buy",
      "i" : "KAIA_USD",
      "m" : "4611686018428005363"
    }, {
      "d" : "1756451429848418731",
      "t" : 1756451429848,
      "tn" : 1756451429848418731,
      "q" : "8",
      "p" : "0.15011",
      "s" : "buy",
      "i" : "KAIA_USD",
      "m" : "4611686018428005362"
    }, {
      "d" : "1756451424126929241",
      "t" : 1756451424126,
      "tn" : 1756451424126929241,
      "q" : "8",
      "p" : "0.15011",
      "s" : "buy",
      "i" : "KAIA_USD",
      "m" : "4611686018428005361"
    }, {
      "d" : "1756451417900603712",
      "t" : 1756451417900,
      "tn" : 1756451417900603712,
      "q" : "8",
      "p" : "0.15011",
      "s" : "buy",
      "i" : "KAIA_USD",
      "m" : "4611686018428005360"
    }, {
      "d" : "1756451411976717197",
      "t" : 1756451411976,
      "tn" : 1756451411976717197,
      "q" : "8",
      "p" : "0.15001",
      "s" : "buy",
      "i" : "KAIA_USD",
      "m" : "4611686018428005359"
    }, {
      "d" : "1756451405926372201",
      "t" : 1756451405926,
      "tn" : 1756451405926372201,
      "q" : "966",
      "p" : "0.14996",
      "s" : "buy",
      "i" : "KAIA_USD",
      "m" : "4611686018428005358"
    }, {
      "d" : "1756451399847308109",
      "t" : 1756451399847,
      "tn" : 1756451399847308109,
      "q" : "8",
      "p" : "0.14991",
      "s" : "buy",
      "i" : "KAIA_USD",
      "m" : "4611686018428005357"
    }, {
      "d" : "1756451394189722499",
      "t" : 1756451394189,
      "tn" : 1756451394189722499,
      "q" : "967",
      "p" : "0.14994",
      "s" : "buy",
      "i" : "KAIA_USD",
      "m" : "4611686018428005356"
    }, {
      "d" : "1756451390915863042",
      "t" : 1756451390915,
      "tn" : 1756451390915863042,
      "q" : "968",
      "p" : "0.14992",
      "s" : "buy",
      "i" : "KAIA_USD",
      "m" : "4611686018428005355"
    }, {
      "d" : "1756451384838234017",
      "t" : 1756451384838,
      "tn" : 1756451384838234017,
      "q" : "8",
      "p" : "0.14991",
      "s" : "buy",
      "i" : "KAIA_USD",
      "m" : "4611686018428005354"
    }, {
      "d" : "1756448050971000934",
      "t" : 1756448050971,
      "tn" : 1756448050971000934,
      "q" : "925",
      "p" : "0.15123",
      "s" : "sell",
      "i" : "KAIA_USD",
      "m" : "4611686018428005353"
    }, {
      "d" : "1756448050970998903",
      "t" : 1756448050970,
      "tn" : 1756448050970998903,
      "q" : "8",
      "p" : "0.15174",
      "s" : "sell",
      "i" : "KAIA_USD",
      "m" : "4611686018428005352"
    }, {
      "d" : "1756447900968533402",
      "t" : 1756447900968,
      "tn" : 1756447900968533402,
      "q" : "19",
      "p" : "0.15159",
      "s" : "sell",
      "i" : "KAIA_USD",
      "m" : "4611686018428005351"
    }, {
      "d" : "1756447900968531207",
      "t" : 1756447900968,
      "tn" : 1756447900968531207,
      "q" : "8",
      "p" : "0.15167",
      "s" : "sell",
      "i" : "KAIA_USD",
      "m" : "4611686018428005350"
    }, {
      "d" : "1756447878170209725",
      "t" : 1756447878170,
      "tn" : 1756447878170209725,
      "q" : "996",
      "p" : "0.15178",
      "s" : "sell",
      "i" : "KAIA_USD",
      "m" : "4611686018428005349"
    }, {
      "d" : "1756447878165063860",
      "t" : 1756447878165,
      "tn" : 1756447878165063860,
      "q" : "980",
      "p" : "0.15190",
      "s" : "sell",
      "i" : "KAIA_USD",
      "m" : "4611686018428005348"
    }, {
      "d" : "1756447878165060188",
      "t" : 1756447878165,
      "tn" : 1756447878165060188,
      "q" : "8",
      "p" : "0.15197",
      "s" : "sell",
      "i" : "KAIA_USD",
      "m" : "4611686018428005347"
    }, {
      "d" : "1756447865804589482",
      "t" : 1756447865804,
      "tn" : 1756447865804589482,
      "q" : "103",
      "p" : "0.15188",
      "s" : "sell",
      "i" : "KAIA_USD",
      "m" : "4611686018428005346"
    }, {
      "d" : "1756447859625622733",
      "t" : 1756447859625,
      "tn" : 1756447859625622733,
      "q" : "8",
      "p" : "0.15207",
      "s" : "sell",
      "i" : "KAIA_USD",
      "m" : "4611686018428005345"
    }, {
      "d" : "1756446871498270795",
      "t" : 1756446871498,
      "tn" : 1756446871498270795,
      "q" : "2541",
      "p" : "0.15267",
      "s" : "buy",
      "i" : "KAIA_USD",
      "m" : "4611686018428005344"
    }, {
      "d" : "1756446871112078947",
      "t" : 1756446871112,
      "tn" : 1756446871112078947,
      "q" : "8",
      "p" : "0.15267",
      "s" : "sell",
      "i" : "KAIA_USD",
      "m" : "4611686018428005343"
    }, {
      "d" : "1756445453674029139",
      "t" : 1756445453674,
      "tn" : 1756445453674029139,
      "q" : "970",
      "p" : "0.15254",
      "s" : "buy",
      "i" : "KAIA_USD",
      "m" : "4611686018428005342"
    }, {
      "d" : "1756444251005033434",
      "t" : 1756444251005,
      "tn" : 1756444251005033434,
      "q" : "992",
      "p" : "0.15293",
      "s" : "buy",
      "i" : "KAIA_USD",
      "m" : "4611686018428005341"
    }, {
      "d" : "1756443424146252409",
      "t" : 1756443424146,
      "tn" : 1756443424146252409,
      "q" : "39",
      "p" : "0.15355",
      "s" : "buy",
      "i" : "KAIA_USD",
      "m" : "4611686018428005340"
    }, {
      "d" : "1756443300483937985",
      "t" : 1756443300483,
      "tn" : 1756443300483937985,
      "q" : "961",
      "p" : "0.15375",
      "s" : "buy",
      "i" : "KAIA_USD",
      "m" : "4611686018428005339"
    }, {
      "d" : "1756443299844967129",
      "t" : 1756443299844,
      "tn" : 1756443299844967129,
      "q" : "994",
      "p" : "0.15374",
      "s" : "buy",
      "i" : "KAIA_USD",
      "m" : "4611686018428005338"
    }, {
      "d" : "1756442367080005077",
      "t" : 1756442367080,
      "tn" : 1756442367080005077,
      "q" : "8",
      "p" : "0.15458",
      "s" : "buy",
      "i" : "KAIA_USD",
      "m" : "4611686018428005337"
    }, {
      "d" : "1756441603659581541",
      "t" : 1756441603659,
      "tn" : 1756441603659581541,
      "q" : "207",
      "p" : "0.15514",
      "s" : "buy",
      "i" : "KAIA_USD",
      "m" : "4611686018428005336"
    }, {
      "d" : "1756441597713066812",
      "t" : 1756441597713,
      "tn" : 1756441597713066812,
      "q" : "8",
      "p" : "0.15509",
      "s" : "buy",
      "i" : "KAIA_USD",
      "m" : "4611686018428005335"
    }, {
      "d" : "1756441591682535609",
      "t" : 1756441591682,
      "tn" : 1756441591682535609,
      "q" : "8",
      "p" : "0.15509",
      "s" : "buy",
      "i" : "KAIA_USD",
      "m" : "4611686018428005334"
    }, {
      "d" : "1756441467674491077",
      "t" : 1756441467674,
      "tn" : 1756441467674491077,
      "q" : "8",
      "p" : "0.15498",
      "s" : "sell",
      "i" : "KAIA_USD",
      "m" : "4611686018428005333"
    }, {
      "d" : "1756441461725261064",
      "t" : 1756441461725,
      "tn" : 1756441461725261064,
      "q" : "8",
      "p" : "0.15498",
      "s" : "sell",
      "i" : "KAIA_USD",
      "m" : "4611686018428005332"
    }, {
      "d" : "1756440708668857305",
      "t" : 1756440708668,
      "tn" : 1756440708668857305,
      "q" : "420",
      "p" : "0.15456",
      "s" : "buy",
      "i" : "KAIA_USD",
      "m" : "4611686018428005331"
    }, {
      "d" : "1756440649184786807",
      "t" : 1756440649184,
      "tn" : 1756440649184786807,
      "q" : "965",
      "p" : "0.15466",
      "s" : "buy",
      "i" : "KAIA_USD",
      "m" : "4611686018428005330"
    }, {
      "d" : "1756440602483808354",
      "t" : 1756440602483,
      "tn" : 1756440602483808354,
      "q" : "982",
      "p" : "0.15453",
      "s" : "buy",
      "i" : "KAIA_USD",
      "m" : "4611686018428005329"
    }, {
      "d" : "1756440602014094493",
      "t" : 1756440602014,
      "tn" : 1756440602014094493,
      "q" : "983",
      "p" : "0.15453",
      "s" : "buy",
      "i" : "KAIA_USD",
      "m" : "4611686018428005328"
    }, {
      "d" : "1756440581985884706",
      "t" : 1756440581985,
      "tn" : 1756440581985884706,
      "q" : "961",
      "p" : "0.15446",
      "s" : "buy",
      "i" : "KAIA_USD",
      "m" : "4611686018428005327"
    }, {
      "d" : "1756439111604674752",
      "t" : 1756439111604,
      "tn" : 1756439111604674752,
      "q" : "322",
      "p" : "0.15506",
      "s" : "buy",
      "i" : "KAIA_USD",
      "m" : "4611686018428005326"
    }, {
      "d" : "1756439105657823787",
      "t" : 1756439105657,
      "tn" : 1756439105657823787,
      "q" : "8",
      "p" : "0.15509",
      "s" : "buy",
      "i" : "KAIA_USD",
      "m" : "4611686018428005325"
    }, {
      "d" : "1756439099782860304",
      "t" : 1756439099782,
      "tn" : 1756439099782860304,
      "q" : "8",
      "p" : "0.15509",
      "s" : "buy",
      "i" : "KAIA_USD",
      "m" : "4611686018428005324"
    }, {
      "d" : "1756439093719427073",
      "t" : 1756439093719,
      "tn" : 1756439093719427073,
      "q" : "8",
      "p" : "0.15509",
      "s" : "buy",
      "i" : "KAIA_USD",
      "m" : "4611686018428005323"
    }, {
      "d" : "1756439087769677469",
      "t" : 1756439087769,
      "tn" : 1756439087769677469,
      "q" : "8",
      "p" : "0.15509",
      "s" : "buy",
      "i" : "KAIA_USD",
      "m" : "4611686018428005322"
    }, {
      "d" : "1756439081747645792",
      "t" : 1756439081747,
      "tn" : 1756439081747645792,
      "q" : "8",
      "p" : "0.15509",
      "s" : "buy",
      "i" : "KAIA_USD",
      "m" : "4611686018428005321"
    }, {
      "d" : "1756439075781603199",
      "t" : 1756439075781,
      "tn" : 1756439075781603199,
      "q" : "8",
      "p" : "0.15509",
      "s" : "buy",
      "i" : "KAIA_USD",
      "m" : "4611686018428005320"
    }, {
      "d" : "1756439069839229789",
      "t" : 1756439069839,
      "tn" : 1756439069839229789,
      "q" : "8",
      "p" : "0.15509",
      "s" : "buy",
      "i" : "KAIA_USD",
      "m" : "4611686018428005319"
    }, {
      "d" : "1756439064050098057",
      "t" : 1756439064050,
      "tn" : 1756439064050098057,
      "q" : "8",
      "p" : "0.15509",
      "s" : "buy",
      "i" : "KAIA_USD",
      "m" : "4611686018428005318"
    }, {
      "d" : "1756432990091960878",
      "t" : 1756432990091,
      "tn" : 1756432990091960878,
      "q" : "954",
      "p" : "0.15476",
      "s" : "buy",
      "i" : "KAIA_USD",
      "m" : "4611686018428005317"
    }, {
      "d" : "1756431409008758165",
      "t" : 1756431409008,
      "tn" : 1756431409008758165,
      "q" : "8",
      "p" : "0.15482",
      "s" : "buy",
      "i" : "KAIA_USD",
      "m" : "4611686018428005316"
    }, {
      "d" : "1756431408993731041",
      "t" : 1756431408993,
      "tn" : 1756431408993731041,
      "q" : "8",
      "p" : "0.15482",
      "s" : "buy",
      "i" : "KAIA_USD",
      "m" : "4611686018428005315"
    }, {
      "d" : "1756431408908688862",
      "t" : 1756431408908,
      "tn" : 1756431408908688862,
      "q" : "8",
      "p" : "0.15482",
      "s" : "buy",
      "i" : "KAIA_USD",
      "m" : "4611686018428005314"
    }, {
      "d" : "1756431408708374887",
      "t" : 1756431408708,
      "tn" : 1756431408708374887,
      "q" : "8",
      "p" : "0.15482",
      "s" : "buy",
      "i" : "KAIA_USD",
      "m" : "4611686018428005313"
    }, {
      "d" : "1756431408608045901",
      "t" : 1756431408608,
      "tn" : 1756431408608045901,
      "q" : "8",
      "p" : "0.15482",
      "s" : "buy",
      "i" : "KAIA_USD",
      "m" : "4611686018428005312"
    }, {
      "d" : "1756431408533041865",
      "t" : 1756431408533,
      "tn" : 1756431408533041865,
      "q" : "8",
      "p" : "0.15482",
      "s" : "buy",
      "i" : "KAIA_USD",
      "m" : "4611686018428005311"
    }, {
      "d" : "1756431408236662841",
      "t" : 1756431408236,
      "tn" : 1756431408236662841,
      "q" : "974",
      "p" : "0.15485",
      "s" : "buy",
      "i" : "KAIA_USD",
      "m" : "4611686018428005310"
    }, {
      "d" : "1756431407831354646",
      "t" : 1756431407831,
      "tn" : 1756431407831354646,
      "q" : "966",
      "p" : "0.15484",
      "s" : "buy",
      "i" : "KAIA_USD",
      "m" : "4611686018428005309"
    }, {
      "d" : "1756431407465564376",
      "t" : 1756431407465,
      "tn" : 1756431407465564376,
      "q" : "964",
      "p" : "0.15484",
      "s" : "buy",
      "i" : "KAIA_USD",
      "m" : "4611686018428005308"
    }, {
      "d" : "1756431407129103814",
      "t" : 1756431407129,
      "tn" : 1756431407129103814,
      "q" : "955",
      "p" : "0.15483",
      "s" : "buy",
      "i" : "KAIA_USD",
      "m" : "4611686018428005307"
    }, {
      "d" : "1756431406974082193",
      "t" : 1756431406974,
      "tn" : 1756431406974082193,
      "q" : "8",
      "p" : "0.15488",
      "s" : "buy",
      "i" : "KAIA_USD",
      "m" : "4611686018428005306"
    }, {
      "d" : "1756431406908921589",
      "t" : 1756431406908,
      "tn" : 1756431406908921589,
      "q" : "8",
      "p" : "0.15488",
      "s" : "buy",
      "i" : "KAIA_USD",
      "m" : "4611686018428005305"
    }, {
      "d" : "1756431406527870935",
      "t" : 1756431406527,
      "tn" : 1756431406527870935,
      "q" : "8",
      "p" : "0.15488",
      "s" : "buy",
      "i" : "KAIA_USD",
      "m" : "4611686018428005304"
    }, {
      "d" : "1756431405906208656",
      "t" : 1756431405906,
      "tn" : 1756431405906208656,
      "q" : "8",
      "p" : "0.15488",
      "s" : "buy",
      "i" : "KAIA_USD",
      "m" : "4611686018428005303"
    }, {
      "d" : "1756431405806127741",
      "t" : 1756431405806,
      "tn" : 1756431405806127741,
      "q" : "8",
      "p" : "0.15488",
      "s" : "buy",
      "i" : "KAIA_USD",
      "m" : "4611686018428005302"
    }, {
      "d" : "1756431405530321776",
      "t" : 1756431405530,
      "tn" : 1756431405530321776,
      "q" : "8",
      "p" : "0.15488",
      "s" : "buy",
      "i" : "KAIA_USD",
      "m" : "4611686018428005301"
    }, {
      "d" : "1756431405209074193",
      "t" : 1756431405209,
      "tn" : 1756431405209074193,
      "q" : "8",
      "p" : "0.15488",
      "s" : "buy",
      "i" : "KAIA_USD",
      "m" : "4611686018428005300"
    }, {
      "d" : "1756431405109000283",
      "t" : 1756431405109,
      "tn" : 1756431405109000283,
      "q" : "8",
      "p" : "0.15488",
      "s" : "buy",
      "i" : "KAIA_USD",
      "m" : "4611686018428005299"
    }, {
      "d" : "1756431405009001171",
      "t" : 1756431405009,
      "tn" : 1756431405009001171,
      "q" : "8",
      "p" : "0.15488",
      "s" : "buy",
      "i" : "KAIA_USD",
      "m" : "4611686018428005298"
    }, {
      "d" : "1756431404908871680",
      "t" : 1756431404908,
      "tn" : 1756431404908871680,
      "q" : "8",
      "p" : "0.15488",
      "s" : "buy",
      "i" : "KAIA_USD",
      "m" : "4611686018428005297"
    }, {
      "d" : "1756431404808748873",
      "t" : 1756431404808,
      "tn" : 1756431404808748873,
      "q" : "8",
      "p" : "0.15488",
      "s" : "buy",
      "i" : "KAIA_USD",
      "m" : "4611686018428005296"
    }, {
      "d" : "1756431404532989510",
      "t" : 1756431404532,
      "tn" : 1756431404532989510,
      "q" : "8",
      "p" : "0.15488",
      "s" : "buy",
      "i" : "KAIA_USD",
      "m" : "4611686018428005295"
    }, {
      "d" : "1756431404206757164",
      "t" : 1756431404206,
      "tn" : 1756431404206757164,
      "q" : "8",
      "p" : "0.15488",
      "s" : "buy",
      "i" : "KAIA_USD",
      "m" : "4611686018428005294"
    }, {
      "d" : "1756431404116608980",
      "t" : 1756431404116,
      "tn" : 1756431404116608980,
      "q" : "8",
      "p" : "0.15488",
      "s" : "buy",
      "i" : "KAIA_USD",
      "m" : "4611686018428005293"
    }, {
      "d" : "1756431404106653481",
      "t" : 1756431404106,
      "tn" : 1756431404106653481,
      "q" : "8",
      "p" : "0.15488",
      "s" : "buy",
      "i" : "KAIA_USD",
      "m" : "4611686018428005292"
    }, {
      "d" : "1756431403709741833",
      "t" : 1756431403709,
      "tn" : 1756431403709741833,
      "q" : "8",
      "p" : "0.15488",
      "s" : "buy",
      "i" : "KAIA_USD",
      "m" : "4611686018428005291"
    }, {
      "d" : "1756431403605727230",
      "t" : 1756431403605,
      "tn" : 1756431403605727230,
      "q" : "8",
      "p" : "0.15488",
      "s" : "buy",
      "i" : "KAIA_USD",
      "m" : "4611686018428005290"
    }, {
      "d" : "1756431403530613870",
      "t" : 1756431403530,
      "tn" : 1756431403530613870,
      "q" : "8",
      "p" : "0.15488",
      "s" : "buy",
      "i" : "KAIA_USD",
      "m" : "4611686018428005289"
    }, {
      "d" : "1756431103943464850",
      "t" : 1756431103943,
      "tn" : 1756431103943464849,
      "q" : "294",
      "p" : "0.15538",
      "s" : "buy",
      "i" : "KAIA_USD",
      "m" : "4611686018428005288"
    }, {
      "d" : "1756431103943464849",
      "t" : 1756431103943,
      "tn" : 1756431103943464849,
      "q" : "8",
      "p" : "0.15538",
      "s" : "buy",
      "i" : "KAIA_USD",
      "m" : "4611686018428005288"
    }, {
      "d" : "1756431097873550371",
      "t" : 1756431097873,
      "tn" : 1756431097873550371,
      "q" : "8",
      "p" : "0.15538",
      "s" : "buy",
      "i" : "KAIA_USD",
      "m" : "4611686018428005287"
    } ]
  }
}