{
  "id" : -1,
  "method" : "public/get-trades",
  "code" : 0,
  "result" : {
    "data" : [ {
      "d" : "1756461429956780791",
      "t" : 1756461429956,
      "tn" : 1756461429956780791,
      "q" : "1",
      "p" : "1.0663",
      "s" : "buy",
      "i" : "KAITOUSD-PERP",
      "m" : "4611686018427574821"
    }, {
      "d" : "1756461424998847548",
      "t" : 1756461424998,
      "tn" : 1756461424998847548,
      "q" : "1",
      "p" : "1.0661",
      "s" : "sell",
      "i" : "KAITOUSD-PERP",
      "m" : "4611686018427574820"
    }, {
      "d" : "1756461404027867027",
      "t" : 1756461404027,
      "tn" : 1756461404027867027,
      "q" : "1",
      "p" : "1.0665",
      "s" : "buy",
      "i" : "KAITOUSD-PERP",
      "m" : "4611686018427574819"
    }, {
      "d" : "1756461386189106766",
      "t" : 1756461386189,
      "tn" : 1756461386189106766,
      "q" : "1",
      "p" : "1.0665",
      "s" : "sell",
      "i" : "KAITOUSD-PERP",
      "m" : "4611686018427574818"
    }, {
      "d" : "1756461386002178240",
      "t" : 1756461386002,
      "tn" : 1756461386002178240,
      "q" : "1",
      "p" : "1.0667",
      "s" : "sell",
      "i" : "KAITOUSD-PERP",
      "m" : "4611686018427574817"
    }, {
      "d" : "1756461383783691083",
      "t" : 1756461383783,
      "tn" : 1756461383783691083,
      "q" : "1",
      "p" : "1.0670",
      "s" : "sell",
      "i" : "KAITOUSD-PERP",
      "m" : "4611686018427574816"
    }, {
      "d" : "1756461367183976837",
      "t" : 1756461367183,
      "tn" : 1756461367183976837,
      "q" : "1",
      "p" : "1.0664",
      "s" : "buy",
      "i" : "KAITOUSD-PERP",
      "m" : "4611686018427574815"
    }, {
      "d" : "1756461356896090447",
      "t" : 1756461356896,
      "tn" : 1756461356896090447,
      "q" : "1",
      "p" : "1.0662",
      "s" : "sell",
      "i" : "KAITOUSD-PERP",
      "m" : "4611686018427574814"
    }, {
      "d" : "1756461355070637048",
      "t" : 1756461355070,
      "tn" : 1756461355070637048,
      "q" : "1",
      "p" : "1.0663",
      "s" : "sell",
      "i" : "KAITOUSD-PERP",
      "m" : "4611686018427574813"
    }, {
      "d" : "1756461353260985107",
      "t" : 1756461353260,
      "tn" : 1756461353260985107,
      "q" : "1",
      "p" : "1.0666",
      "s" : "sell",
      "i" : "KAITOUSD-PERP",
      "m" : "4611686018427574812"
    }, {
      "d" : "1756461352577061816",
      "t" : 1756461352577,
      "tn" : 1756461352577061816,
      "q" : "1",
      "p" : "1.0666",
      "s" : "buy",
      "i" : "KAITOUSD-PERP",
      "m" : "4611686018427574811"
    }, {
      "d" : "1756461352577059146",
      "t" : 1756461352577,
      "tn" : 1756461352577059146,
      "q" : "1",
      "p" : "1.0665",
      "s" : "buy",
      "i" : "KAITOUSD-PERP",
      "m" : "4611686018427574810"
    }, {
      "d" : "1756461351856079172",
      "t" : 1756461351856,
      "tn" : 1756461351856079171,
      "q" : "1",
      "p" : "1.0664",
      "s" : "buy",
      "i" : "KAITOUSD-PERP",
      "m" : "4611686018427574809"
    }, {
      "d" : "1756461351856079171",
      "t" : 1756461351856,
      "tn" : 1756461351856079171,
      "q" : "1",
      "p" : "1.0664",
      "s" : "buy",
      "i" : "KAITOUSD-PERP",
      "m" : "4611686018427574809"
    }, {
      "d" : "1756461351748495466",
      "t" : 1756461351748,
      "tn" : 1756461351748495466,
      "q" : "1",
      "p" : "1.0658",
      "s" : "buy",
      "i" : "KAITOUSD-PERP",
      "m" : "4611686018427574808"
    }, {
      "d" : "1756461351748493692",
      "t" : 1756461351748,
      "tn" : 1756461351748493692,
      "q" : "1",
      "p" : "1.0657",
      "s" : "buy",
      "i" : "KAITOUSD-PERP",
      "m" : "4611686018427574807"
    }, {
      "d" : "1756461340438146010",
      "t" : 1756461340438,
      "tn" : 1756461340438146010,
      "q" : "1",
      "p" : "1.0653",
      "s" : "buy",
      "i" : "KAITOUSD-PERP",
      "m" : "4611686018427574806"
    }, {
      "d" : "1756461340438143955",
      "t" : 1756461340438,
      "tn" : 1756461340438143955,
      "q" : "1",
      "p" : "1.0652",
      "s" : "buy",
      "i" : "KAITOUSD-PERP",
      "m" : "4611686018427574805"
    }, {
      "d" : "1756461331743714935",
      "t" : 1756461331743,
      "tn" : 1756461331743714935,
      "q" : "1",
      "p" : "1.0646",
      "s" : "buy",
      "i" : "KAITOUSD-PERP",
      "m" : "4611686018427574804"
    }, {
      "d" : "1756461290984208658",
      "t" : 1756461290984,
      "tn" : 1756461290984208658,
      "q" : "1",
      "p" : "1.0645",
      "s" : "buy",
      "i" : "KAITOUSD-PERP",
      "m" : "4611686018427574803"
    }, {
      "d" : "1756461290796466740",
      "t" : 1756461290796,
      "tn" : 1756461290796466740,
      "q" : "1",
      "p" : "1.0644",
      "s" : "buy",
      "i" : "KAITOUSD-PERP",
      "m" : "4611686018427574802"
    }, {
      "d" : "1756461287371085796",
      "t" : 1756461287371,
      "tn" : 1756461287371085796,
      "q" : "1",
      "p" : "1.0643",
      "s" : "sell",
      "i" : "KAITOUSD-PERP",
      "m" : "4611686018427574801"
    }, {
      "d" : "1756461287371084284",
      "t" : 1756461287371,
      "tn" : 1756461287371084284,
      "q" : "1",
      "p" : "1.0644",
      "s" : "sell",
      "i" : "KAITOUSD-PERP",
      "m" : "4611686018427574800"
    }, {
      "d" : "1756461287300405863",
      "t" : 1756461287300,
      "tn" : 1756461287300405863,
      "q" : "1",
      "p" : "1.0645",
      "s" : "sell",
      "i" : "KAITOUSD-PERP",
      "m" : "4611686018427574799"
    }, {
      "d" : "1756461287300403184",
      "t" : 1756461287300,
      "tn" : 1756461287300403184,
      "q" : "117",
      "p" : "1.0646",
      "s" : "sell",
      "i" : "KAITOUSD-PERP",
      "m" : "4611686018427574798"
    }, {
      "d" : "1756461286758403419",
      "t" : 1756461286758,
      "tn" : 1756461286758403418,
      "q" : "1",
      "p" : "1.0646",
      "s" : "sell",
      "i" : "KAITOUSD-PERP",
      "m" : "4611686018427574797"
    }, {
      "d" : "1756461286758403418",
      "t" : 1756461286758,
      "tn" : 1756461286758403418,
      "q" : "31",
      "p" : "1.0646",
      "s" : "sell",
      "i" : "KAITOUSD-PERP",
      "m" : "4611686018427574797"
    }, {
      "d" : "1756461254499229378",
      "t" : 1756461254499,
      "tn" : 1756461254499229377,
      "q" : "1",
      "p" : "1.0647",
      "s" : "sell",
      "i" : "KAITOUSD-PERP",
      "m" : "4611686018427574796"
    }, {
      "d" : "1756461254499229377",
      "t" : 1756461254499,
      "tn" : 1756461254499229377,
      "q" : "1",
      "p" : "1.0647",
      "s" : "sell",
      "i" : "KAITOUSD-PERP",
      "m" : "4611686018427574796"
    }, {
      "d" : "1756461254499226751",
      "t" : 1756461254499,
      "tn" : 1756461254499226751,
      "q" : "35",
      "p" : "1.0648",
      "s" : "sell",
      "i" : "KAITOUSD-PERP",
      "m" : "4611686018427574795"
    }, {
      "d" : "1756461039272941396",
      "t" : 1756461039272,
      "tn" : 1756461039272941396,
      "q" : "1",
      "p" : "1.0636",
      "s" : "sell",
      "i" : "KAITOUSD-PERP",
      "m" : "4611686018427574794"
    }, {
      "d" : "1756460987740297385",
      "t" : 1756460987740,
      "tn" : 1756460987740297385,
      "q" : "1",
      "p" : "1.0652",
      "s" : "sell",
      "i" : "KAITOUSD-PERP",
      "m" : "4611686018427574793"
    }, {
      "d" : "1756460927372113373",
      "t" : 1756460927372,
      "tn" : 1756460927372113373,
      "q" : "1",
      "p" : "1.0649",
      "s" : "sell",
      "i" : "KAITOUSD-PERP",
      "m" : "4611686018427574792"
    }, {
      "d" : "1756460898099779202",
      "t" : 1756460898099,
      "tn" : 1756460898099779202,
      "q" : "1",
      "p" : "1.0645",
      "s" : "sell",
      "i" : "KAITOUSD-PERP",
      "m" : "4611686018427574791"
    }, {
      "d" : "1756460886198605067",
      "t" : 1756460886198,
      "tn" : 1756460886198605067,
      "q" : "1",
      "p" : "1.0644",
      "s" : "sell",
      "i" : "KAITOUSD-PERP",
      "m" : "4611686018427574790"
    }, {
      "d" : "1756460885478211046",
      "t" : 1756460885478,
      "tn" : 1756460885478211046,
      "q" : "1",
      "p" : "1.0646",
      "s" : "sell",
      "i" : "KAITOUSD-PERP",
      "m" : "4611686018427574789"
    }, {
      "d" : "1756460873370968648",
      "t" : 1756460873370,
      "tn" : 1756460873370968647,
      "q" : "99",
      "p" : "1.0645",
      "s" : "buy",
      "i" : "KAITOUSD-PERP",
      "m" : "4611686018427574788"
    }, {
      "d" : "1756460873370968647",
      "t" : 1756460873370,
      "tn" : 1756460873370968647,
      "q" : "28",
      "p" : "1.0645",
      "s" : "buy",
      "i" : "KAITOUSD-PERP",
      "m" : "4611686018427574788"
    }, {
      "d" : "1756460866923233158",
      "t" : 1756460866923,
      "tn" : 1756460866923233157,
      "q" : "1",
      "p" : "1.0644",
      "s" : "buy",
      "i" : "KAITOUSD-PERP",
      "m" : "4611686018427574787"
    }, {
      "d" : "1756460866923233157",
      "t" : 1756460866923,
      "tn" : 1756460866923233157,
      "q" : "1",
      "p" : "1.0644",
      "s" : "buy",
      "i" : "KAITOUSD-PERP",
      "m" : "4611686018427574787"
    }, {
      "d" : "1756460866923229377",
      "t" : 1756460866923,
      "tn" : 1756460866923229377,
      "q" : "28",
      "p" : "1.0643",
      "s" : "buy",
      "i" : "KAITOUSD-PERP",
      "m" : "4611686018427574786"
    }, {
      "d" : "1756460836786045719",
      "t" : 1756460836786,
      "tn" : 1756460836786045719,
      "q" : "31",
      "p" : "1.0631",
      "s" : "buy",
      "i" : "KAITOUSD-PERP",
      "m" : "4611686018427574785"
    }, {
      "d" : "1756460835784244123",
      "t" : 1756460835784,
      "tn" : 1756460835784244122,
      "q" : "1",
      "p" : "1.0628",
      "s" : "buy",
      "i" : "KAITOUSD-PERP",
      "m" : "4611686018427574784"
    }, {
      "d" : "1756460835784244122",
      "t" : 1756460835784,
      "tn" : 1756460835784244122,
      "q" : "1",
      "p" : "1.0628",
      "s" : "buy",
      "i" : "KAITOUSD-PERP",
      "m" : "4611686018427574784"
    }, {
      "d" : "1756460833648006848",
      "t" : 1756460833648,
      "tn" : 1756460833648006848,
      "q" : "1",
      "p" : "1.0625",
      "s" : "buy",
      "i" : "KAITOUSD-PERP",
      "m" : "4611686018427574783"
    }, {
      "d" : "1756460833648004607",
      "t" : 1756460833648,
      "tn" : 1756460833648004607,
      "q" : "1",
      "p" : "1.0624",
      "s" : "buy",
      "i" : "KAITOUSD-PERP",
      "m" : "4611686018427574782"
    }, {
      "d" : "1756460810593378899",
      "t" : 1756460810593,
      "tn" : 1756460810593378899,
      "q" : "1",
      "p" : "1.0619",
      "s" : "buy",
      "i" : "KAITOUSD-PERP",
      "m" : "4611686018427574781"
    }, {
      "d" : "1756460810372875920",
      "t" : 1756460810372,
      "tn" : 1756460810372875920,
      "q" : "1",
      "p" : "1.0617",
      "s" : "buy",
      "i" : "KAITOUSD-PERP",
      "m" : "4611686018427574780"
    }, {
      "d" : "1756460807411321700",
      "t" : 1756460807411,
      "tn" : 1756460807411321700,
      "q" : "1",
      "p" : "1.0617",
      "s" : "sell",
      "i" : "KAITOUSD-PERP",
      "m" : "4611686018427574779"
    }, {
      "d" : "1756460803515060898",
      "t" : 1756460803515,
      "tn" : 1756460803515060898,
      "q" : "1",
      "p" : "1.0625",
      "s" : "sell",
      "i" : "KAITOUSD-PERP",
      "m" : "4611686018427574778"
    }, {
      "d" : "1756460800250645756",
      "t" : 1756460800250,
      "tn" : 1756460800250645756,
      "q" : "1",
      "p" : "1.0626",
      "s" : "sell",
      "i" : "KAITOUSD-PERP",
      "m" : "4611686018427574777"
    }, {
      "d" : "1756460800041517664",
      "t" : 1756460800041,
      "tn" : 1756460800041517664,
      "q" : "1",
      "p" : "1.0627",
      "s" : "sell",
      "i" : "KAITOUSD-PERP",
      "m" : "4611686018427574776"
    }, {
      "d" : "1756460786118542593",
      "t" : 1756460786118,
      "tn" : 1756460786118542593,
      "q" : "1",
      "p" : "1.0626",
      "s" : "sell",
      "i" : "KAITOUSD-PERP",
      "m" : "4611686018427574775"
    }, {
      "d" : "1756460778114054216",
      "t" : 1756460778114,
      "tn" : 1756460778114054215,
      "q" : "1",
      "p" : "1.0624",
      "s" : "buy",
      "i" : "KAITOUSD-PERP",
      "m" : "4611686018427574774"
    }, {
      "d" : "1756460778114054215",
      "t" : 1756460778114,
      "tn" : 1756460778114054215,
      "q" : "1",
      "p" : "1.0624",
      "s" : "buy",
      "i" : "KAITOUSD-PERP",
      "m" : "4611686018427574774"
    }, {
      "d" : "1756460778021414748",
      "t" : 1756460778021,
      "tn" : 1756460778021414748,
      "q" : "1",
      "p" : "1.0622",
      "s" : "buy",
      "i" : "KAITOUSD-PERP",
      "m" : "4611686018427574773"
    }, {
      "d" : "1756460777941551243",
      "t" : 1756460777941,
      "tn" : 1756460777941551242,
      "q" : "1",
      "p" : "1.0621",
      "s" : "buy",
      "i" : "KAITOUSD-PERP",
      "m" : "4611686018427574772"
    }, {
      "d" : "1756460777941551242",
      "t" : 1756460777941,
      "tn" : 1756460777941551242,
      "q" : "1",
      "p" : "1.0621",
      "s" : "buy",
      "i" : "KAITOUSD-PERP",
      "m" : "4611686018427574772"
    }, {
      "d" : "1756460777867192909",
      "t" : 1756460777867,
      "tn" : 1756460777867192909,
      "q" : "1",
      "p" : "1.0620",
      "s" : "buy",
      "i" : "KAITOUSD-PERP",
      "m" : "4611686018427574771"
    }, {
      "d" : "1756460777773264066",
      "t" : 1756460777773,
      "tn" : 1756460777773264065,
      "q" : "1",
      "p" : "1.0617",
      "s" : "buy",
      "i" : "KAITOUSD-PERP",
      "m" : "4611686018427574770"
    }, {
      "d" : "1756460777773264065",
      "t" : 1756460777773,
      "tn" : 1756460777773264065,
      "q" : "117",
      "p" : "1.0617",
      "s" : "buy",
      "i" : "KAITOUSD-PERP",
      "m" : "4611686018427574770"
    }, {
      "d" : "1756460777773260255",
      "t" : 1756460777773,
      "tn" : 1756460777773260255,
      "q" : "1",
      "p" : "1.0616",
      "s" : "buy",
      "i" : "KAITOUSD-PERP",
      "m" : "4611686018427574769"
    }, {
      "d" : "1756460773044696602",
      "t" : 1756460773044,
      "tn" : 1756460773044696602,
      "q" : "1",
      "p" : "1.0613",
      "s" : "sell",
      "i" : "KAITOUSD-PERP",
      "m" : "4611686018427574768"
    }, {
      "d" : "1756460772761999425",
      "t" : 1756460772761,
      "tn" : 1756460772761999425,
      "q" : "1",
      "p" : "1.0615",
      "s" : "sell",
      "i" : "KAITOUSD-PERP",
      "m" : "4611686018427574767"
    }, {
      "d" : "1756460749583672091",
      "t" : 1756460749583,
      "tn" : 1756460749583672091,
      "q" : "1",
      "p" : "1.0613",
      "s" : "sell",
      "i" : "KAITOUSD-PERP",
      "m" : "4611686018427574766"
    }, {
      "d" : "1756460747353386365",
      "t" : 1756460747353,
      "tn" : 1756460747353386365,
      "q" : "1",
      "p" : "1.0612",
      "s" : "sell",
      "i" : "KAITOUSD-PERP",
      "m" : "4611686018427574765"
    }, {
      "d" : "1756460746919504700",
      "t" : 1756460746919,
      "tn" : 1756460746919504699,
      "q" : "1",
      "p" : "1.0610",
      "s" : "buy",
      "i" : "KAITOUSD-PERP",
      "m" : "4611686018427574764"
    }, {
      "d" : "1756460746919504699",
      "t" : 1756460746919,
      "tn" : 1756460746919504699,
      "q" : "117",
      "p" : "1.0610",
      "s" : "buy",
      "i" : "KAITOUSD-PERP",
      "m" : "4611686018427574764"
    }, {
      "d" : "1756460746919499417",
      "t" : 1756460746919,
      "tn" : 1756460746919499417,
      "q" : "1",
      "p" : "1.0609",
      "s" : "buy",
      "i" : "KAITOUSD-PERP",
      "m" : "4611686018427574763"
    }, {
      "d" : "1756460735702108041",
      "t" : 1756460735702,
      "tn" : 1756460735702108041,
      "q" : "1",
      "p" : "1.0600",
      "s" : "buy",
      "i" : "KAITOUSD-PERP",
      "m" : "4611686018427574762"
    }, {
      "d" : "1756460735702105990",
      "t" : 1756460735702,
      "tn" : 1756460735702105990,
      "q" : "1",
      "p" : "1.0599",
      "s" : "buy",
      "i" : "KAITOUSD-PERP",
      "m" : "4611686018427574761"
    }, {
      "d" : "1756460656235343699",
      "t" : 1756460656235,
      "tn" : 1756460656235343698,
      "q" : "1",
      "p" : "1.0601",
      "s" : "buy",
      "i" : "KAITOUSD-PERP",
      "m" : "4611686018427574760"
    }, {
      "d" : "1756460656235343698",
      "t" : 1756460656235,
      "tn" : 1756460656235343698,
      "q" : "1",
      "p" : "1.0601",
      "s" : "buy",
      "i" : "KAITOUSD-PERP",
      "m" : "4611686018427574760"
    }, {
      "d" : "1756460656235340458",
      "t" : 1756460656235,
      "tn" : 1756460656235340458,
      "q" : "31",
      "p" : "1.0600",
      "s" : "buy",
      "i" : "KAITOUSD-PERP",
      "m" : "4611686018427574759"
    }, {
      "d" : "1756460642841686461",
      "t" : 1756460642841,
      "tn" : 1756460642841686461,
      "q" : "1",
      "p" : "1.0600",
      "s" : "buy",
      "i" : "KAITOUSD-PERP",
      "m" : "4611686018427574758"
    }, {
      "d" : "1756460640859939207",
      "t" : 1756460640859,
      "tn" : 1756460640859939207,
      "q" : "1",
      "p" : "1.0599",
      "s" : "buy",
      "i" : "KAITOUSD-PERP",
      "m" : "4611686018427574757"
    }, {
      "d" : "1756460640859936938",
      "t" : 1756460640859,
      "tn" : 1756460640859936938,
      "q" : "1",
      "p" : "1.0598",
      "s" : "buy",
      "i" : "KAITOUSD-PERP",
      "m" : "4611686018427574756"
    }, {
      "d" : "1756460569215213705",
      "t" : 1756460569215,
      "tn" : 1756460569215213705,
      "q" : "1",
      "p" : "1.0589",
      "s" : "buy",
      "i" : "KAITOUSD-PERP",
      "m" : "4611686018427574755"
    }, {
      "d" : "1756460539372424877",
      "t" : 1756460539372,
      "tn" : 1756460539372424877,
      "q" : "108",
      "p" : "1.0597",
      "s" : "sell",
      "i" : "KAITOUSD-PERP",
      "m" : "4611686018427574754"
    }, {
      "d" : "1756460531357041974",
      "t" : 1756460531357,
      "tn" : 1756460531357041974,
      "q" : "1",
      "p" : "1.0596",
      "s" : "buy",
      "i" : "KAITOUSD-PERP",
      "m" : "4611686018427574753"
    }, {
      "d" : "1756460525888337440",
      "t" : 1756460525888,
      "tn" : 1756460525888337440,
      "q" : "1",
      "p" : "1.0597",
      "s" : "sell",
      "i" : "KAITOUSD-PERP",
      "m" : "4611686018427574752"
    }, {
      "d" : "1756460525888335480",
      "t" : 1756460525888,
      "tn" : 1756460525888335480,
      "q" : "1",
      "p" : "1.0598",
      "s" : "sell",
      "i" : "KAITOUSD-PERP",
      "m" : "4611686018427574751"
    }, {
      "d" : "1756460525582376301",
      "t" : 1756460525582,
      "tn" : 1756460525582376301,
      "q" : "1",
      "p" : "1.0595",
      "s" : "buy",
      "i" : "KAITOUSD-PERP",
      "m" : "4611686018427574750"
    }, {
      "d" : "1756460525447894391",
      "t" : 1756460525447,
      "tn" : 1756460525447894391,
      "q" : "1",
      "p" : "1.0592",
      "s" : "buy",
      "i" : "KAITOUSD-PERP",
      "m" : "4611686018427574749"
    }, {
      "d" : "1756460523627462877",
      "t" : 1756460523627,
      "tn" : 1756460523627462876,
      "q" : "1",
      "p" : "1.0591",
      "s" : "sell",
      "i" : "KAITOUSD-PERP",
      "m" : "4611686018427574748"
    }, {
      "d" : "1756460523627462876",
      "t" : 1756460523627,
      "tn" : 1756460523627462876,
      "q" : "1",
      "p" : "1.0591",
      "s" : "sell",
      "i" : "KAITOUSD-PERP",
      "m" : "4611686018427574748"
    }, {
      "d" : "1756460523627460249",
      "t" : 1756460523627,
      "tn" : 1756460523627460248,
      "q" : "117",
      "p" : "1.0592",
      "s" : "sell",
      "i" : "KAITOUSD-PERP",
      "m" : "4611686018427574747"
    }, {
      "d" : "1756460523627460248",
      "t" : 1756460523627,
      "tn" : 1756460523627460248,
      "q" : "35",
      "p" : "1.0592",
      "s" : "sell",
      "i" : "KAITOUSD-PERP",
      "m" : "4611686018427574747"
    }, {
      "d" : "1756460518030954888",
      "t" : 1756460518030,
      "tn" : 1756460518030954888,
      "q" : "1",
      "p" : "1.0594",
      "s" : "buy",
      "i" : "KAITOUSD-PERP",
      "m" : "4611686018427574746"
    }, {
      "d" : "1756460513143788355",
      "t" : 1756460513143,
      "tn" : 1756460513143788354,
      "q" : "117",
      "p" : "1.0594",
      "s" : "sell",
      "i" : "KAITOUSD-PERP",
      "m" : "4611686018427574745"
    }, {
      "d" : "1756460513143788354",
      "t" : 1756460513143,
      "tn" : 1756460513143788354,
      "q" : "35",
      "p" : "1.0594",
      "s" : "sell",
      "i" : "KAITOUSD-PERP",
      "m" : "4611686018427574745"
    }, {
      "d" : "1756460484724677535",
      "t" : 1756460484724,
      "tn" : 1756460484724677535,
      "q" : "35",
      "p" : "1.0595",
      "s" : "sell",
      "i" : "KAITOUSD-PERP",
      "m" : "4611686018427574744"
    }, {
      "d" : "1756460357852654392",
      "t" : 1756460357852,
      "tn" : 1756460357852654392,
      "q" : "1",
      "p" : "1.0577",
      "s" : "sell",
      "i" : "KAITOUSD-PERP",
      "m" : "4611686018427574743"
    }, {
      "d" : "1756460348285010882",
      "t" : 1756460348285,
      "tn" : 1756460348285010882,
      "q" : "1",
      "p" : "1.0584",
      "s" : "sell",
      "i" : "KAITOUSD-PERP",
      "m" : "4611686018427574742"
    }, {
      "d" : "1756460348285009399",
      "t" : 1756460348285,
      "tn" : 1756460348285009399,
      "q" : "1",
      "p" : "1.0585",
      "s" : "sell",
      "i" : "KAITOUSD-PERP",
      "m" : "4611686018427574741"
    }, {
      "d" : "1756460309457867532",
      "t" : 1756460309457,
      "tn" : 1756460309457867531,
      "q" : "1",
      "p" : "1.0583",
      "s" : "sell",
      "i" : "KAITOUSD-PERP",
      "m" : "4611686018427574740"
    }, {
      "d" : "1756460309457867531",
      "t" : 1756460309457,
      "tn" : 1756460309457867531,
      "q" : "1",
      "p" : "1.0583",
      "s" : "sell",
      "i" : "KAITOUSD-PERP",
      "m" : "4611686018427574740"
    }, {
      "d" : "1756460308405690336",
      "t" : 1756460308405,
      "tn" : 1756460308405690336,
      "q" : "1",
      "p" : "1.0586",
      "s" : "sell",
      "i" : "KAITOUSD-PERP",
      "m" : "4611686018427574739"
    }, {
      "d" : "1756460263602270633",
      "t" : 1756460263602,
      "tn" : 1756460263602270633,
      "q" : "1",
      "p" : "1.0584",
      "s" : "sell",
      "i" : "KAITOUSD-PERP",
      "m" : "4611686018427574738"
    }, {
      "d" : "1756460251761628147",
      "t" : 1756460251761,
      "tn" : 1756460251761628147,
      "q" : "1",
      "p" : "1.0577",
      "s" : "sell",
      "i" : "KAITOUSD-PERP",
      "m" : "4611686018427574737"
    }, {
      "d" : "1756460248220941265",
      "t" : 1756460248220,
      "tn" : 1756460248220941265,
      "q" : "35",
      "p" : "1.0576",
      "s" : "buy",
      "i" : "KAITOUSD-PERP",
      "m" : "4611686018427574736"
    }, {
      "d" : "1756460240527780425",
      "t" : 1756460240527,
      "tn" : 1756460240527780425,
      "q" : "1",
      "p" : "1.0576",
      "s" : "buy",
      "i" : "KAITOUSD-PERP",
      "m" : "4611686018427574735"
    }, {
      "d" : "1756460240527778336",
      "t" : 1756460240527,
      "tn" : 1756460240527778336,
      "q" : "1",
      "p" : "1.0575",
      "s" : "buy",
      "i" : "KAITOUSD-PERP",
      "m" : "4611686018427574734"
    }, {
      "d" : "1756460234673022426",
      "t" : 1756460234673,
      "tn" : 1756460234673022426,
      "q" : "35",
      "p" : "1.0567",
      "s" : "buy",
      "i" : "KAITOUSD-PERP",
      "m" : "4611686018427574733"
    }, {
      "d" : "1756460224321757239",
      "t" : 1756460224321,
      "tn" : 1756460224321757239,
      "q" : "1",
      "p" : "1.0564",
      "s" : "sell",
      "i" : "KAITOUSD-PERP",
      "m" : "4611686018427574732"
    }, {
      "d" : "1756460221754009162",
      "t" : 1756460221754,
      "tn" : 1756460221754009162,
      "q" : "1",
      "p" : "1.0561",
      "s" : "buy",
      "i" : "KAITOUSD-PERP",
      "m" : "4611686018427574731"
    }, {
      "d" : "1756460221754006690",
      "t" : 1756460221754,
      "tn" : 1756460221754006690,
      "q" : "1",
      "p" : "1.0560",
      "s" : "buy",
      "i" : "KAITOUSD-PERP",
      "m" : "4611686018427574730"
    }, {
      "d" : "1756460213050737202",
      "t" : 1756460213050,
      "tn" : 1756460213050737202,
      "q" : "1",
      "p" : "1.0558",
      "s" : "buy",
      "i" : "KAITOUSD-PERP",
      "m" : "4611686018427574729"
    }, {
      "d" : "1756460207335029754",
      "t" : 1756460207335,
      "tn" : 1756460207335029754,
      "q" : "1",
      "p" : "1.0556",
      "s" : "buy",
      "i" : "KAITOUSD-PERP",
      "m" : "4611686018427574728"
    }, {
      "d" : "1756460206992491760",
      "t" : 1756460206992,
      "tn" : 1756460206992491760,
      "q" : "1",
      "p" : "1.0558",
      "s" : "sell",
      "i" : "KAITOUSD-PERP",
      "m" : "4611686018427574727"
    }, {
      "d" : "1756460206961437933",
      "t" : 1756460206961,
      "tn" : 1756460206961437933,
      "q" : "1",
      "p" : "1.0558",
      "s" : "sell",
      "i" : "KAITOUSD-PERP",
      "m" : "4611686018427574726"
    }, {
      "d" : "1756460198126836948",
      "t" : 1756460198126,
      "tn" : 1756460198126836948,
      "q" : "1",
      "p" : "1.0562",
      "s" : "buy",
      "i" : "KAITOUSD-PERP",
      "m" : "4611686018427574725"
    }, {
      "d" : "1756460197909894900",
      "t" : 1756460197909,
      "tn" : 1756460197909894900,
      "q" : "1",
      "p" : "1.0563",
      "s" : "sell",
      "i" : "KAITOUSD-PERP",
      "m" : "4611686018427574724"
    }, {
      "d" : "1756460197909893146",
      "t" : 1756460197909,
      "tn" : 1756460197909893146,
      "q" : "1",
      "p" : "1.0564",
      "s" : "sell",
      "i" : "KAITOUSD-PERP",
      "m" : "4611686018427574723"
    }, {
      "d" : "1756460196490130665",
      "t" : 1756460196490,
      "tn" : 1756460196490130665,
      "q" : "1",
      "p" : "1.0568",
      "s" : "sell",
      "i" : "KAITOUSD-PERP",
      "m" : "4611686018427574722"
    }, {
      "d" : "1756460193450238667",
      "t" : 1756460193450,
      "tn" : 1756460193450238667,
      "q" : "1",
      "p" : "1.0569",
      "s" : "sell",
      "i" : "KAITOUSD-PERP",
      "m" : "4611686018427574721"
    }, {
      "d" : "1756460186646701077",
      "t" : 1756460186646,
      "tn" : 1756460186646701077,
      "q" : "1",
      "p" : "1.0568",
      "s" : "buy",
      "i" : "KAITOUSD-PERP",
      "m" : "4611686018427574720"
    }, {
      "d" : "1756460185604959380",
      "t" : 1756460185604,
      "tn" : 1756460185604959380,
      "q" : "1",
      "p" : "1.0563",
      "s" : "buy",
      "i" : "KAITOUSD-PERP",
      "m" : "4611686018427574719"
    }, {
      "d" : "1756460169460462841",
      "t" : 1756460169460,
      "tn" : 1756460169460462841,
      "q" : "1",
      "p" : "1.0557",
      "s" : "buy",
      "i" : "KAITOUSD-PERP",
      "m" : "4611686018427574718"
    }, {
      "d" : "1756460167144718732",
      "t" : 1756460167144,
      "tn" : 1756460167144718731,
      "q" : "1",
      "p" : "1.0559",
      "s" : "sell",
      "i" : "KAITOUSD-PERP",
      "m" : "4611686018427574717"
    }, {
      "d" : "1756460167144718731",
      "t" : 1756460167144,
      "tn" : 1756460167144718731,
      "q" : "1",
      "p" : "1.0559",
      "s" : "sell",
      "i" : "KAITOUSD-PERP",
      "m" : "4611686018427574717"
    }, {
      "d" : "1756460165230921947",
      "t" : 1756460165230,
      "tn" : 1756460165230921947,
      "q" : "1",
      "p" : "1.0560",
      "s" : "buy",
      "i" : "KAITOUSD-PERP",
      "m" : "4611686018427574716"
    }, {
      "d" : "1756460164580427235",
      "t" : 1756460164580,
      "tn" : 1756460164580427234,
      "q" : "1",
      "p" : "1.0562",
      "s" : "sell",
      "i" : "KAITOUSD-PERP",
      "m" : "4611686018427574715"
    }, {
      "d" : "1756460164580427234",
      "t" : 1756460164580,
      "tn" : 1756460164580427234,
      "q" : "1",
      "p" : "1.0562",
      "s" : "sell",
      "i" : "KAITOUSD-PERP",
      "m" : "4611686018427574715"
    }, {
      "d" : "1756460082897795005",
      "t" : 1756460082897,
      "tn" : 1756460082897795005,
      "q" : "1",
      "p" : "1.0557",
      "s" : "buy",
      "i" : "KAITOUSD-PERP",
      "m" : "4611686018427574714"
    }, {
      "d" : "1756460081590941141",
      "t" : 1756460081590,
      "tn" : 1756460081590941141,
      "q" : "1",
      "p" : "1.0560",
      "s" : "sell",
      "i" : "KAITOUSD-PERP",
      "m" : "4611686018427574713"
    }, {
      "d" : "1756460054140918809",
      "t" : 1756460054140,
      "tn" : 1756460054140918809,
      "q" : "1",
      "p" : "1.0567",
      "s" : "sell",
      "i" : "KAITOUSD-PERP",
      "m" : "4611686018427574712"
    }, {
      "d" : "1756460018806744000",
      "t" : 1756460018806,
      "tn" : 1756460018806744000,
      "q" : "1",
      "p" : "1.0560",
      "s" : "buy",
      "i" : "KAITOUSD-PERP",
      "m" : "4611686018427574711"
    }, {
      "d" : "1756459990439051494",
      "t" : 1756459990439,
      "tn" : 1756459990439051494,
      "q" : "1",
      "p" : "1.0568",
      "s" : "sell",
      "i" : "KAITOUSD-PERP",
      "m" : "4611686018427574710"
    }, {
      "d" : "1756459977329075998",
      "t" : 1756459977329,
      "tn" : 1756459977329075998,
      "q" : "1",
      "p" : "1.0563",
      "s" : "buy",
      "i" : "KAITOUSD-PERP",
      "m" : "4611686018427574709"
    }, {
      "d" : "1756459947071849903",
      "t" : 1756459947071,
      "tn" : 1756459947071849903,
      "q" : "1",
      "p" : "1.0552",
      "s" : "buy",
      "i" : "KAITOUSD-PERP",
      "m" : "4611686018427574708"
    }, {
      "d" : "1756459945752768132",
      "t" : 1756459945752,
      "tn" : 1756459945752768132,
      "q" : "1",
      "p" : "1.0550",
      "s" : "buy",
      "i" : "KAITOUSD-PERP",
      "m" : "4611686018427574707"
    }, {
      "d" : "1756459945214101236",
      "t" : 1756459945214,
      "tn" : 1756459945214101236,
      "q" : "1",
      "p" : "1.0550",
      "s" : "sell",
      "i" : "KAITOUSD-PERP",
      "m" : "4611686018427574706"
    }, {
      "d" : "1756459945214099343",
      "t" : 1756459945214,
      "tn" : 1756459945214099343,
      "q" : "1",
      "p" : "1.0551",
      "s" : "sell",
      "i" : "KAITOUSD-PERP",
      "m" : "4611686018427574705"
    }, {
      "d" : "1756459927960695057",
      "t" : 1756459927960,
      "tn" : 1756459927960695056,
      "q" : "1",
      "p" : "1.0565",
      "s" : "sell",
      "i" : "KAITOUSD-PERP",
      "m" : "4611686018427574704"
    }, {
      "d" : "1756459927960695056",
      "t" : 1756459927960,
      "tn" : 1756459927960695056,
      "q" : "1",
      "p" : "1.0565",
      "s" : "sell",
      "i" : "KAITOUSD-PERP",
      "m" : "4611686018427574704"
    }, {
      "d" : "1756459926542249996",
      "t" : 1756459926542,
      "tn" : 1756459926542249996,
      "q" : "1",
      "p" : "1.0571",
      "s" : "sell",
      "i" : "KAITOUSD-PERP",
      "m" : "4611686018427574703"
    }, {
      "d" : "1756459918460991581",
      "t" : 1756459918460,
      "tn" : 1756459918460991581,
      "q" : "1",
      "p" : "1.0573",
      "s" : "buy",
      "i" : "KAITOUSD-PERP",
      "m" : "4611686018427574702"
    }, {
      "d" : "1756459896691589345",
      "t" : 1756459896691,
      "tn" : 1756459896691589345,
      "q" : "1",
      "p" : "1.0578",
      "s" : "sell",
      "i" : "KAITOUSD-PERP",
      "m" : "4611686018427574701"
    }, {
      "d" : "1756459885282148274",
      "t" : 1756459885282,
      "tn" : 1756459885282148274,
      "q" : "1",
      "p" : "1.0579",
      "s" : "sell",
      "i" : "KAITOUSD-PERP",
      "m" : "4611686018427574700"
    }, {
      "d" : "1756459885097674074",
      "t" : 1756459885097,
      "tn" : 1756459885097674074,
      "q" : "1",
      "p" : "1.0584",
      "s" : "sell",
      "i" : "KAITOUSD-PERP",
      "m" : "4611686018427574699"
    }, {
      "d" : "1756459882660840171",
      "t" : 1756459882660,
      "tn" : 1756459882660840171,
      "q" : "1",
      "p" : "1.0576",
      "s" : "buy",
      "i" : "KAITOUSD-PERP",
      "m" : "4611686018427574698"
    }, {
      "d" : "1756459882201033870",
      "t" : 1756459882201,
      "tn" : 1756459882201033870,
      "q" : "1",
      "p" : "1.0575",
      "s" : "buy",
      "i" : "KAITOUSD-PERP",
      "m" : "4611686018427574697"
    }, {
      "d" : "1756459879701245917",
      "t" : 1756459879701,
      "tn" : 1756459879701245917,
      "q" : "1",
      "p" : "1.0567",
      "s" : "buy",
      "i" : "KAITOUSD-PERP",
      "m" : "4611686018427574696"
    }, {
      "d" : "1756459873335177453",
      "t" : 1756459873335,
      "tn" : 1756459873335177453,
      "q" : "1",
      "p" : "1.0581",
      "s" : "sell",
      "i" : "KAITOUSD-PERP",
      "m" : "4611686018427574695"
    }, {
      "d" : "1756459863768784921",
      "t" : 1756459863768,
      "tn" : 1756459863768784921,
      "q" : "1",
      "p" : "1.0582",
      "s" : "buy",
      "i" : "KAITOUSD-PERP",
      "m" : "4611686018427574694"
    }, {
      "d" : "1756459858734448869",
      "t" : 1756459858734,
      "tn" : 1756459858734448869,
      "q" : "1",
      "p" : "1.0578",
      "s" : "sell",
      "i" : "KAITOUSD-PERP",
      "m" : "4611686018427574693"
    }, {
      "d" : "1756459850899509923",
      "t" : 1756459850899,
      "tn" : 1756459850899509923,
      "q" : "1",
      "p" : "1.0576",
      "s" : "sell",
      "i" : "KAITOUSD-PERP",
      "m" : "4611686018427574692"
    }, {
      "d" : "1756459846238942211",
      "t" : 1756459846238,
      "tn" : 1756459846238942211,
      "q" : "1",
      "p" : "1.0579",
      "s" : "sell",
      "i" : "KAITOUSD-PERP",
      "m" : "4611686018427574691"
    }, {
      "d" : "1756459828697845990",
      "t" : 1756459828697,
      "tn" : 1756459828697845990,
      "q" : "1",
      "p" : "1.0574",
      "s" : "buy",
      "i" : "KAITOUSD-PERP",
      "m" : "4611686018427574690"
    } ]
  }
}