{
  "id" : -1,
  "method" : "public/get-trades",
  "code" : 0,
  "result" : {
    "data" : [ {
      "d" : "1756416971493640346",
      "t" : 1756416971493,
      "tn" : 1756416971493640346,
      "q" : "207.3",
      "p" : "1.1168",
      "s" : "buy",
      "i" : "KAITO_USD",
      "m" : "4611686018427415175"
    }, {
      "d" : "1756414214026603511",
      "t" : 1756414214026,
      "tn" : 1756414214026603511,
      "q" : "118.9",
      "p" : "1.1031",
      "s" : "buy",
      "i" : "KAITO_USD",
      "m" : "4611686018427415174"
    }, {
      "d" : "1756396572863495126",
      "t" : 1756396572863,
      "tn" : 1756396572863495126,
      "q" : "28.6",
      "p" : "1.0924",
      "s" : "buy",
      "i" : "KAITO_USD",
      "m" : "4611686018427415173"
    }, {
      "d" : "1756396572858509865",
      "t" : 1756396572858,
      "tn" : 1756396572858509865,
      "q" : "28.6",
      "p" : "1.0915",
      "s" : "buy",
      "i" : "KAITO_USD",
      "m" : "4611686018427415172"
    }, {
      "d" : "1756396572733281286",
      "t" : 1756396572733,
      "tn" : 1756396572733281286,
      "q" : "28.6",
      "p" : "1.0906",
      "s" : "buy",
      "i" : "KAITO_USD",
      "m" : "4611686018427415171"
    }, {
      "d" : "1756390611211707232",
      "t" : 1756390611211,
      "tn" : 1756390611211707232,
      "q" : "27.4",
      "p" : "1.0947",
      "s" : "buy",
      "i" : "KAITO_USD",
      "m" : "4611686018427415170"
    }, {
      "d" : "1756390607788898957",
      "t" : 1756390607788,
      "tn" : 1756390607788898957,
      "q" : "27.4",
      "p" : "1.0943",
      "s" : "buy",
      "i" : "KAITO_USD",
      "m" : "4611686018427415169"
    }, {
      "d" : "1756390605708607907",
      "t" : 1756390605708,
      "tn" : 1756390605708607907,
      "q" : "27.4",
      "p" : "1.0944",
      "s" : "buy",
      "i" : "KAITO_USD",
      "m" : "4611686018427415168"
    }, {
      "d" : "1756390600041579387",
      "t" : 1756390600041,
      "tn" : 1756390600041579387,
      "q" : "27.4",
      "p" : "1.0939",
      "s" : "buy",
      "i" : "KAITO_USD",
      "m" : "4611686018427415167"
    }, {
      "d" : "1756390592648664523",
      "t" : 1756390592648,
      "tn" : 1756390592648664523,
      "q" : "30.8",
      "p" : "1.0937",
      "s" : "buy",
      "i" : "KAITO_USD",
      "m" : "4611686018427415166"
    }, {
      "d" : "1756390500148545367",
      "t" : 1756390500148,
      "tn" : 1756390500148545367,
      "q" : "30.9",
      "p" : "1.0907",
      "s" : "buy",
      "i" : "KAITO_USD",
      "m" : "4611686018427415165"
    }, {
      "d" : "1756383777670738094",
      "t" : 1756383777670,
      "tn" : 1756383777670738094,
      "q" : "24.1",
      "p" : "1.0842",
      "s" : "buy",
      "i" : "KAITO_USD",
      "m" : "4611686018427415164"
    }, {
      "d" : "1756378843854741912",
      "t" : 1756378843854,
      "tn" : 1756378843854741912,
      "q" : "87.7",
      "p" : "1.0825",
      "s" : "sell",
      "i" : "KAITO_USD",
      "m" : "4611686018427415163"
    }, {
      "d" : "1756378843854740031",
      "t" : 1756378843854,
      "tn" : 1756378843854740031,
      "q" : "34.6",
      "p" : "1.0828",
      "s" : "sell",
      "i" : "KAITO_USD",
      "m" : "4611686018427415162"
    }, {
      "d" : "1756378834563229542",
      "t" : 1756378834563,
      "tn" : 1756378834563229542,
      "q" : "34.6",
      "p" : "1.0828",
      "s" : "sell",
      "i" : "KAITO_USD",
      "m" : "4611686018427415161"
    }, {
      "d" : "1756378542406173733",
      "t" : 1756378542406,
      "tn" : 1756378542406173733,
      "q" : "31.1",
      "p" : "1.0826",
      "s" : "buy",
      "i" : "KAITO_USD",
      "m" : "4611686018427415160"
    }, {
      "d" : "1756376294292547253",
      "t" : 1756376294292,
      "tn" : 1756376294292547253,
      "q" : "34.7",
      "p" : "1.0780",
      "s" : "buy",
      "i" : "KAITO_USD",
      "m" : "4611686018427415159"
    }, {
      "d" : "1756376207696006076",
      "t" : 1756376207696,
      "tn" : 1756376207696006076,
      "q" : "1.9",
      "p" : "1.0782",
      "s" : "buy",
      "i" : "KAITO_USD",
      "m" : "4611686018427415158"
    }, {
      "d" : "1756376094587218720",
      "t" : 1756376094587,
      "tn" : 1756376094587218720,
      "q" : "34.7",
      "p" : "1.0799",
      "s" : "buy",
      "i" : "KAITO_USD",
      "m" : "4611686018427415157"
    } ]
  }
}