{
  "id" : -1,
  "method" : "public/get-trades",
  "code" : 0,
  "result" : {
    "data" : [ {
      "d" : "1756456159635748916",
      "t" : 1756456159635,
      "tn" : 1756456159635748916,
      "q" : "73.9",
      "p" : "0.05679",
      "s" : "buy",
      "i" : "KARRAT_USD",
      "m" : "4611686018428220056"
    }, {
      "d" : "1756422588234780345",
      "t" : 1756422588234,
      "tn" : 1756422588234780345,
      "q" : "583.8",
      "p" : "0.05912",
      "s" : "buy",
      "i" : "KARRAT_USD",
      "m" : "4611686018428220055"
    }, {
      "d" : "1756410856685223045",
      "t" : 1756410856685,
      "tn" : 1756410856685223045,
      "q" : "339.9",
      "p" : "0.05884",
      "s" : "sell",
      "i" : "KARRAT_USD",
      "m" : "4611686018428220054"
    }, {
      "d" : "1756410854879723485",
      "t" : 1756410854879,
      "tn" : 1756410854879723485,
      "q" : "260.0",
      "p" : "0.05884",
      "s" : "sell",
      "i" : "KARRAT_USD",
      "m" : "4611686018428220053"
    }, {
      "d" : "1756410854731591749",
      "t" : 1756410854731,
      "tn" : 1756410854731591749,
      "q" : "330.0",
      "p" : "0.05884",
      "s" : "sell",
      "i" : "KARRAT_USD",
      "m" : "4611686018428220052"
    }, {
      "d" : "1756410854616899460",
      "t" : 1756410854616,
      "tn" : 1756410854616899460,
      "q" : "700.0",
      "p" : "0.05884",
      "s" : "sell",
      "i" : "KARRAT_USD",
      "m" : "4611686018428220051"
    }, {
      "d" : "1756410854616220792",
      "t" : 1756410854616,
      "tn" : 1756410854616220792,
      "q" : "280.0",
      "p" : "0.05884",
      "s" : "sell",
      "i" : "KARRAT_USD",
      "m" : "4611686018428220050"
    }, {
      "d" : "1756410854479654302",
      "t" : 1756410854479,
      "tn" : 1756410854479654302,
      "q" : "1300.0",
      "p" : "0.05884",
      "s" : "sell",
      "i" : "KARRAT_USD",
      "m" : "4611686018428220049"
    }, {
      "d" : "1756410854102006197",
      "t" : 1756410854102,
      "tn" : 1756410854102006197,
      "q" : "1028.6",
      "p" : "0.05884",
      "s" : "sell",
      "i" : "KARRAT_USD",
      "m" : "4611686018428220048"
    }, {
      "d" : "1756410854102004366",
      "t" : 1756410854102,
      "tn" : 1756410854102004366,
      "q" : "771.4",
      "p" : "0.05885",
      "s" : "sell",
      "i" : "KARRAT_USD",
      "m" : "4611686018428220047"
    }, {
      "d" : "1756410854061968874",
      "t" : 1756410854061,
      "tn" : 1756410854061968874,
      "q" : "339.9",
      "p" : "0.05885",
      "s" : "sell",
      "i" : "KARRAT_USD",
      "m" : "4611686018428220046"
    }, {
      "d" : "1756410853376849577",
      "t" : 1756410853376,
      "tn" : 1756410853376849577,
      "q" : "1866.0",
      "p" : "0.05884",
      "s" : "sell",
      "i" : "KARRAT_USD",
      "m" : "4611686018428220045"
    }, {
      "d" : "1756410853371438713",
      "t" : 1756410853371,
      "tn" : 1756410853371438713,
      "q" : "2054.0",
      "p" : "0.05884",
      "s" : "sell",
      "i" : "KARRAT_USD",
      "m" : "4611686018428220044"
    }, {
      "d" : "1756410853367659530",
      "t" : 1756410853367,
      "tn" : 1756410853367659530,
      "q" : "2054.0",
      "p" : "0.05884",
      "s" : "sell",
      "i" : "KARRAT_USD",
      "m" : "4611686018428220043"
    }, {
      "d" : "1756410853301179936",
      "t" : 1756410853301,
      "tn" : 1756410853301179935,
      "q" : "1025.0",
      "p" : "0.05884",
      "s" : "sell",
      "i" : "KARRAT_USD",
      "m" : "4611686018428220042"
    }, {
      "d" : "1756410853301179935",
      "t" : 1756410853301,
      "tn" : 1756410853301179935,
      "q" : "1175.0",
      "p" : "0.05884",
      "s" : "sell",
      "i" : "KARRAT_USD",
      "m" : "4611686018428220042"
    }, {
      "d" : "1756410853300199061",
      "t" : 1756410853300,
      "tn" : 1756410853300199061,
      "q" : "2200.0",
      "p" : "0.05884",
      "s" : "sell",
      "i" : "KARRAT_USD",
      "m" : "4611686018428220041"
    }, {
      "d" : "1756410853207153357",
      "t" : 1756410853207,
      "tn" : 1756410853207153357,
      "q" : "2269.0",
      "p" : "0.05884",
      "s" : "sell",
      "i" : "KARRAT_USD",
      "m" : "4611686018428220040"
    }, {
      "d" : "1756410853206326415",
      "t" : 1756410853206,
      "tn" : 1756410853206326415,
      "q" : "2269.0",
      "p" : "0.05884",
      "s" : "sell",
      "i" : "KARRAT_USD",
      "m" : "4611686018428220039"
    }, {
      "d" : "1756410853186819285",
      "t" : 1756410853186,
      "tn" : 1756410853186819285,
      "q" : "2200.0",
      "p" : "0.05884",
      "s" : "sell",
      "i" : "KARRAT_USD",
      "m" : "4611686018428220038"
    }, {
      "d" : "1756410853186006199",
      "t" : 1756410853186,
      "tn" : 1756410853186006199,
      "q" : "2200.0",
      "p" : "0.05884",
      "s" : "sell",
      "i" : "KARRAT_USD",
      "m" : "4611686018428220037"
    }, {
      "d" : "1756410851884225335",
      "t" : 1756410851884,
      "tn" : 1756410851884225335,
      "q" : "1630.2",
      "p" : "0.05947",
      "s" : "sell",
      "i" : "KARRAT_USD",
      "m" : "4611686018428220036"
    }, {
      "d" : "1756396290931321883",
      "t" : 1756396290931,
      "tn" : 1756396290931321883,
      "q" : "678.7",
      "p" : "0.06154",
      "s" : "sell",
      "i" : "KARRAT_USD",
      "m" : "4611686018428220035"
    }, {
      "d" : "1756393323830417527",
      "t" : 1756393323830,
      "tn" : 1756393323830417527,
      "q" : "2598.8",
      "p" : "0.06124",
      "s" : "buy",
      "i" : "KARRAT_USD",
      "m" : "4611686018428220034"
    }, {
      "d" : "1756393323812503368",
      "t" : 1756393323812,
      "tn" : 1756393323812503368,
      "q" : "3200.0",
      "p" : "0.06124",
      "s" : "buy",
      "i" : "KARRAT_USD",
      "m" : "4611686018428220033"
    }, {
      "d" : "1756393323811794186",
      "t" : 1756393323811,
      "tn" : 1756393323811794186,
      "q" : "629.0",
      "p" : "0.06124",
      "s" : "buy",
      "i" : "KARRAT_USD",
      "m" : "4611686018428220032"
    }, {
      "d" : "1756393323811714084",
      "t" : 1756393323811,
      "tn" : 1756393323811714084,
      "q" : "2439.0",
      "p" : "0.06124",
      "s" : "buy",
      "i" : "KARRAT_USD",
      "m" : "4611686018428220031"
    }, {
      "d" : "1756393323811704789",
      "t" : 1756393323811,
      "tn" : 1756393323811704789,
      "q" : "3228.0",
      "p" : "0.06124",
      "s" : "buy",
      "i" : "KARRAT_USD",
      "m" : "4611686018428220030"
    }, {
      "d" : "1756393323803419659",
      "t" : 1756393323803,
      "tn" : 1756393323803419659,
      "q" : "1200.0",
      "p" : "0.06124",
      "s" : "buy",
      "i" : "KARRAT_USD",
      "m" : "4611686018428220029"
    }, {
      "d" : "1756393323803309935",
      "t" : 1756393323803,
      "tn" : 1756393323803309935,
      "q" : "700.0",
      "p" : "0.06124",
      "s" : "buy",
      "i" : "KARRAT_USD",
      "m" : "4611686018428220028"
    }, {
      "d" : "1756393323779851929",
      "t" : 1756393323779,
      "tn" : 1756393323779851928,
      "q" : "902.6",
      "p" : "0.06124",
      "s" : "buy",
      "i" : "KARRAT_USD",
      "m" : "4611686018428220027"
    }, {
      "d" : "1756393323779851928",
      "t" : 1756393323779,
      "tn" : 1756393323779851928,
      "q" : "197.4",
      "p" : "0.06124",
      "s" : "buy",
      "i" : "KARRAT_USD",
      "m" : "4611686018428220027"
    }, {
      "d" : "1756393323755244774",
      "t" : 1756393323755,
      "tn" : 1756393323755244774,
      "q" : "490.0",
      "p" : "0.06124",
      "s" : "buy",
      "i" : "KARRAT_USD",
      "m" : "4611686018428220026"
    }, {
      "d" : "1756392978483631093",
      "t" : 1756392978483,
      "tn" : 1756392978483631093,
      "q" : "386.0",
      "p" : "0.06125",
      "s" : "sell",
      "i" : "KARRAT_USD",
      "m" : "4611686018428220025"
    }, {
      "d" : "1756392978462120854",
      "t" : 1756392978462,
      "tn" : 1756392978462120854,
      "q" : "445.0",
      "p" : "0.06125",
      "s" : "sell",
      "i" : "KARRAT_USD",
      "m" : "4611686018428220024"
    }, {
      "d" : "1756392978460243962",
      "t" : 1756392978460,
      "tn" : 1756392978460243962,
      "q" : "445.0",
      "p" : "0.06125",
      "s" : "sell",
      "i" : "KARRAT_USD",
      "m" : "4611686018428220023"
    }, {
      "d" : "1756392978431092130",
      "t" : 1756392978431,
      "tn" : 1756392978431092130,
      "q" : "1800.0",
      "p" : "0.06125",
      "s" : "sell",
      "i" : "KARRAT_USD",
      "m" : "4611686018428220022"
    }, {
      "d" : "1756392532381398017",
      "t" : 1756392532381,
      "tn" : 1756392532381398017,
      "q" : "329.4",
      "p" : "0.06072",
      "s" : "buy",
      "i" : "KARRAT_USD",
      "m" : "4611686018428220021"
    }, {
      "d" : "1756392532313728894",
      "t" : 1756392532313,
      "tn" : 1756392532313728894,
      "q" : "1482.2",
      "p" : "0.06072",
      "s" : "buy",
      "i" : "KARRAT_USD",
      "m" : "4611686018428220020"
    }, {
      "d" : "1756392532288838862",
      "t" : 1756392532288,
      "tn" : 1756392532288838862,
      "q" : "1482.2",
      "p" : "0.06072",
      "s" : "buy",
      "i" : "KARRAT_USD",
      "m" : "4611686018428220019"
    }, {
      "d" : "1756392529943797492",
      "t" : 1756392529943,
      "tn" : 1756392529943797492,
      "q" : "1181.5",
      "p" : "0.06072",
      "s" : "buy",
      "i" : "KARRAT_USD",
      "m" : "4611686018428220018"
    }, {
      "d" : "1756392418759379570",
      "t" : 1756392418759,
      "tn" : 1756392418759379570,
      "q" : "500.6",
      "p" : "0.05993",
      "s" : "buy",
      "i" : "KARRAT_USD",
      "m" : "4611686018428220017"
    }, {
      "d" : "1756392418720052332",
      "t" : 1756392418720,
      "tn" : 1756392418720052332,
      "q" : "698.9",
      "p" : "0.05993",
      "s" : "buy",
      "i" : "KARRAT_USD",
      "m" : "4611686018428220016"
    } ]
  }
}