{
  "id" : -1,
  "method" : "public/get-trades",
  "code" : 0,
  "result" : {
    "data" : [ {
      "d" : "1756458701161876397",
      "t" : 1756458701161,
      "tn" : 1756458701161876397,
      "q" : "71.6",
      "p" : "0.3736",
      "s" : "sell",
      "i" : "KAVA_USD",
      "m" : "4611686018430020871"
    }, {
      "d" : "1756458643491306809",
      "t" : 1756458643491,
      "tn" : 1756458643491306809,
      "q" : "26.5",
      "p" : "0.3739",
      "s" : "sell",
      "i" : "KAVA_USD",
      "m" : "4611686018430020870"
    }, {
      "d" : "1756458643483793772",
      "t" : 1756458643483,
      "tn" : 1756458643483793772,
      "q" : "26.5",
      "p" : "0.3755",
      "s" : "sell",
      "i" : "KAVA_USD",
      "m" : "4611686018430020869"
    }, {
      "d" : "1756458643483791367",
      "t" : 1756458643483,
      "tn" : 1756458643483791367,
      "q" : "73.6",
      "p" : "0.3757",
      "s" : "sell",
      "i" : "KAVA_USD",
      "m" : "4611686018430020868"
    }, {
      "d" : "1756452868823396196",
      "t" : 1756452868823,
      "tn" : 1756452868823396196,
      "q" : "84.8",
      "p" : "0.3801",
      "s" : "buy",
      "i" : "KAVA_USD",
      "m" : "4611686018430020867"
    }, {
      "d" : "1756450954677292779",
      "t" : 1756450954677,
      "tn" : 1756450954677292779,
      "q" : "148.7",
      "p" : "0.3794",
      "s" : "sell",
      "i" : "KAVA_USD",
      "m" : "4611686018430020866"
    }, {
      "d" : "1756449821976956093",
      "t" : 1756449821976,
      "tn" : 1756449821976956093,
      "q" : "606.3",
      "p" : "0.3828",
      "s" : "sell",
      "i" : "KAVA_USD",
      "m" : "4611686018430020865"
    }, {
      "d" : "1756449620399385962",
      "t" : 1756449620399,
      "tn" : 1756449620399385962,
      "q" : "72.5",
      "p" : "0.3818",
      "s" : "buy",
      "i" : "KAVA_USD",
      "m" : "4611686018430020864"
    }, {
      "d" : "1756448837655828567",
      "t" : 1756448837655,
      "tn" : 1756448837655828567,
      "q" : "37.7",
      "p" : "0.3808",
      "s" : "buy",
      "i" : "KAVA_USD",
      "m" : "4611686018430020863"
    }, {
      "d" : "1756446769264532177",
      "t" : 1756446769264,
      "tn" : 1756446769264532177,
      "q" : "38.0",
      "p" : "0.3830",
      "s" : "buy",
      "i" : "KAVA_USD",
      "m" : "4611686018430020862"
    }, {
      "d" : "1756445252721452274",
      "t" : 1756445252721,
      "tn" : 1756445252721452274,
      "q" : "500.0",
      "p" : "0.3823",
      "s" : "sell",
      "i" : "KAVA_USD",
      "m" : "4611686018430020861"
    }, {
      "d" : "1756444429767568497",
      "t" : 1756444429767,
      "tn" : 1756444429767568497,
      "q" : "12.5",
      "p" : "0.3847",
      "s" : "buy",
      "i" : "KAVA_USD",
      "m" : "4611686018430020860"
    }, {
      "d" : "1756443481635975783",
      "t" : 1756443481635,
      "tn" : 1756443481635975783,
      "q" : "38.5",
      "p" : "0.3814",
      "s" : "sell",
      "i" : "KAVA_USD",
      "m" : "4611686018430020859"
    }, {
      "d" : "1756442811093768204",
      "t" : 1756442811093,
      "tn" : 1756442811093768204,
      "q" : "19.7",
      "p" : "0.3831",
      "s" : "buy",
      "i" : "KAVA_USD",
      "m" : "4611686018430020858"
    }, {
      "d" : "1756441352953179706",
      "t" : 1756441352953,
      "tn" : 1756441352953179706,
      "q" : "17.2",
      "p" : "0.3826",
      "s" : "sell",
      "i" : "KAVA_USD",
      "m" : "4611686018430020857"
    }, {
      "d" : "1756439186387934483",
      "t" : 1756439186387,
      "tn" : 1756439186387934483,
      "q" : "546.4",
      "p" : "0.3839",
      "s" : "sell",
      "i" : "KAVA_USD",
      "m" : "4611686018430020856"
    }, {
      "d" : "1756438792444156250",
      "t" : 1756438792444,
      "tn" : 1756438792444156250,
      "q" : "546.6",
      "p" : "0.3837",
      "s" : "buy",
      "i" : "KAVA_USD",
      "m" : "4611686018430020855"
    }, {
      "d" : "1756438792438376437",
      "t" : 1756438792438,
      "tn" : 1756438792438376437,
      "q" : "260.6",
      "p" : "0.3837",
      "s" : "sell",
      "i" : "KAVA_USD",
      "m" : "4611686018430020854"
    }, {
      "d" : "1756437390213574160",
      "t" : 1756437390213,
      "tn" : 1756437390213574160,
      "q" : "263.7",
      "p" : "0.3827",
      "s" : "sell",
      "i" : "KAVA_USD",
      "m" : "4611686018430020853"
    }, {
      "d" : "1756436426106486043",
      "t" : 1756436426106,
      "tn" : 1756436426106486043,
      "q" : "11.5",
      "p" : "0.3828",
      "s" : "buy",
      "i" : "KAVA_USD",
      "m" : "4611686018430020852"
    }, {
      "d" : "1756436237339806529",
      "t" : 1756436237339,
      "tn" : 1756436237339806529,
      "q" : "253.5",
      "p" : "0.3828",
      "s" : "buy",
      "i" : "KAVA_USD",
      "m" : "4611686018430020851"
    }, {
      "d" : "1756432934927930390",
      "t" : 1756432934927,
      "tn" : 1756432934927930390,
      "q" : "213.5",
      "p" : "0.3830",
      "s" : "sell",
      "i" : "KAVA_USD",
      "m" : "4611686018430020850"
    }, {
      "d" : "1756432934919900798",
      "t" : 1756432934919,
      "tn" : 1756432934919900798,
      "q" : "30.0",
      "p" : "0.3830",
      "s" : "sell",
      "i" : "KAVA_USD",
      "m" : "4611686018430020849"
    }, {
      "d" : "1756432916531081919",
      "t" : 1756432916531,
      "tn" : 1756432916531081919,
      "q" : "1320.2",
      "p" : "0.3830",
      "s" : "sell",
      "i" : "KAVA_USD",
      "m" : "4611686018430020848"
    }, {
      "d" : "1756432916290839573",
      "t" : 1756432916290,
      "tn" : 1756432916290839573,
      "q" : "420.4",
      "p" : "0.3830",
      "s" : "sell",
      "i" : "KAVA_USD",
      "m" : "4611686018430020847"
    }, {
      "d" : "1756432913307123856",
      "t" : 1756432913307,
      "tn" : 1756432913307123856,
      "q" : "1327.6",
      "p" : "0.3830",
      "s" : "sell",
      "i" : "KAVA_USD",
      "m" : "4611686018430020846"
    }, {
      "d" : "1756432913302138962",
      "t" : 1756432913302,
      "tn" : 1756432913302138962,
      "q" : "1455.7",
      "p" : "0.3830",
      "s" : "sell",
      "i" : "KAVA_USD",
      "m" : "4611686018430020845"
    }, {
      "d" : "1756432913292240080",
      "t" : 1756432913292,
      "tn" : 1756432913292240080,
      "q" : "54.7",
      "p" : "0.3830",
      "s" : "sell",
      "i" : "KAVA_USD",
      "m" : "4611686018430020844"
    }, {
      "d" : "1756432913288084519",
      "t" : 1756432913288,
      "tn" : 1756432913288084519,
      "q" : "2591.0",
      "p" : "0.3830",
      "s" : "sell",
      "i" : "KAVA_USD",
      "m" : "4611686018430020843"
    }, {
      "d" : "1756428590989066555",
      "t" : 1756428590989,
      "tn" : 1756428590989066555,
      "q" : "47.7",
      "p" : "0.3835",
      "s" : "sell",
      "i" : "KAVA_USD",
      "m" : "4611686018430020842"
    }, {
      "d" : "1756428019178703876",
      "t" : 1756428019178,
      "tn" : 1756428019178703876,
      "q" : "22.7",
      "p" : "0.3848",
      "s" : "buy",
      "i" : "KAVA_USD",
      "m" : "4611686018430020841"
    }, {
      "d" : "1756425605279205739",
      "t" : 1756425605279,
      "tn" : 1756425605279205739,
      "q" : "259.7",
      "p" : "0.3850",
      "s" : "sell",
      "i" : "KAVA_USD",
      "m" : "4611686018430020840"
    }, {
      "d" : "1756423665998923287",
      "t" : 1756423665998,
      "tn" : 1756423665998923287,
      "q" : "69.0",
      "p" : "0.3843",
      "s" : "sell",
      "i" : "KAVA_USD",
      "m" : "4611686018430020839"
    }, {
      "d" : "1756422102514431921",
      "t" : 1756422102514,
      "tn" : 1756422102514431921,
      "q" : "20.3",
      "p" : "0.3856",
      "s" : "buy",
      "i" : "KAVA_USD",
      "m" : "4611686018430020838"
    }, {
      "d" : "1756422072647164121",
      "t" : 1756422072647,
      "tn" : 1756422072647164121,
      "q" : "11.2",
      "p" : "0.3847",
      "s" : "sell",
      "i" : "KAVA_USD",
      "m" : "4611686018430020837"
    }, {
      "d" : "1756415887334573955",
      "t" : 1756415887334,
      "tn" : 1756415887334573955,
      "q" : "251.8",
      "p" : "0.3808",
      "s" : "buy",
      "i" : "KAVA_USD",
      "m" : "4611686018430020836"
    }, {
      "d" : "1756415480929680961",
      "t" : 1756415480929,
      "tn" : 1756415480929680961,
      "q" : "29.8",
      "p" : "0.3799",
      "s" : "sell",
      "i" : "KAVA_USD",
      "m" : "4611686018430020835"
    }, {
      "d" : "1756413633407473589",
      "t" : 1756413633407,
      "tn" : 1756413633407473589,
      "q" : "137.5",
      "p" : "0.3800",
      "s" : "sell",
      "i" : "KAVA_USD",
      "m" : "4611686018430020834"
    }, {
      "d" : "1756413626929892850",
      "t" : 1756413626929,
      "tn" : 1756413626929892850,
      "q" : "119.8",
      "p" : "0.3803",
      "s" : "sell",
      "i" : "KAVA_USD",
      "m" : "4611686018430020833"
    }, {
      "d" : "1756413626928941285",
      "t" : 1756413626928,
      "tn" : 1756413626928941285,
      "q" : "129.6",
      "p" : "0.3803",
      "s" : "sell",
      "i" : "KAVA_USD",
      "m" : "4611686018430020832"
    }, {
      "d" : "1756413462871009371",
      "t" : 1756413462871,
      "tn" : 1756413462871009371,
      "q" : "72.5",
      "p" : "0.3799",
      "s" : "sell",
      "i" : "KAVA_USD",
      "m" : "4611686018430020831"
    }, {
      "d" : "1756413461754933331",
      "t" : 1756413461754,
      "tn" : 1756413461754933331,
      "q" : "877.9",
      "p" : "0.3814",
      "s" : "sell",
      "i" : "KAVA_USD",
      "m" : "4611686018430020830"
    }, {
      "d" : "1756411881663459233",
      "t" : 1756411881663,
      "tn" : 1756411881663459233,
      "q" : "200.9",
      "p" : "0.3819",
      "s" : "buy",
      "i" : "KAVA_USD",
      "m" : "4611686018430020829"
    }, {
      "d" : "1756411865364206358",
      "t" : 1756411865364,
      "tn" : 1756411865364206358,
      "q" : "15.0",
      "p" : "0.3820",
      "s" : "buy",
      "i" : "KAVA_USD",
      "m" : "4611686018430020828"
    }, {
      "d" : "1756410968338670946",
      "t" : 1756410968338,
      "tn" : 1756410968338670946,
      "q" : "25.2",
      "p" : "0.3826",
      "s" : "buy",
      "i" : "KAVA_USD",
      "m" : "4611686018430020827"
    }, {
      "d" : "1756410410330183566",
      "t" : 1756410410330,
      "tn" : 1756410410330183566,
      "q" : "504.8",
      "p" : "0.3824",
      "s" : "sell",
      "i" : "KAVA_USD",
      "m" : "4611686018430020826"
    }, {
      "d" : "1756408405948093018",
      "t" : 1756408405948,
      "tn" : 1756408405948093018,
      "q" : "100.0",
      "p" : "0.3843",
      "s" : "sell",
      "i" : "KAVA_USD",
      "m" : "4611686018430020825"
    }, {
      "d" : "1756407000482147086",
      "t" : 1756407000482,
      "tn" : 1756407000482147086,
      "q" : "164.3",
      "p" : "0.3831",
      "s" : "sell",
      "i" : "KAVA_USD",
      "m" : "4611686018430020824"
    }, {
      "d" : "1756406649898020807",
      "t" : 1756406649898,
      "tn" : 1756406649898020807,
      "q" : "110.1",
      "p" : "0.3851",
      "s" : "sell",
      "i" : "KAVA_USD",
      "m" : "4611686018430020823"
    }, {
      "d" : "1756405690989491142",
      "t" : 1756405690989,
      "tn" : 1756405690989491142,
      "q" : "2387.2",
      "p" : "0.3860",
      "s" : "sell",
      "i" : "KAVA_USD",
      "m" : "4611686018430020822"
    }, {
      "d" : "1756405420132979123",
      "t" : 1756405420132,
      "tn" : 1756405420132979123,
      "q" : "259.4",
      "p" : "0.3854",
      "s" : "sell",
      "i" : "KAVA_USD",
      "m" : "4611686018430020821"
    }, {
      "d" : "1756405178390948641",
      "t" : 1756405178390,
      "tn" : 1756405178390948641,
      "q" : "198.4",
      "p" : "0.3860",
      "s" : "buy",
      "i" : "KAVA_USD",
      "m" : "4611686018430020820"
    }, {
      "d" : "1756405178383157017",
      "t" : 1756405178383,
      "tn" : 1756405178383157017,
      "q" : "259.0",
      "p" : "0.3860",
      "s" : "sell",
      "i" : "KAVA_USD",
      "m" : "4611686018430020819"
    }, {
      "d" : "1756405077144543712",
      "t" : 1756405077144,
      "tn" : 1756405077144543712,
      "q" : "20.0",
      "p" : "0.3847",
      "s" : "sell",
      "i" : "KAVA_USD",
      "m" : "4611686018430020818"
    }, {
      "d" : "1756405065183100987",
      "t" : 1756405065183,
      "tn" : 1756405065183100987,
      "q" : "1349.2",
      "p" : "0.3855",
      "s" : "sell",
      "i" : "KAVA_USD",
      "m" : "4611686018430020817"
    }, {
      "d" : "1756405065177269885",
      "t" : 1756405065177,
      "tn" : 1756405065177269885,
      "q" : "100.0",
      "p" : "0.3854",
      "s" : "sell",
      "i" : "KAVA_USD",
      "m" : "4611686018430020816"
    }, {
      "d" : "1756405041853982915",
      "t" : 1756405041853,
      "tn" : 1756405041853982915,
      "q" : "475.6",
      "p" : "0.3855",
      "s" : "buy",
      "i" : "KAVA_USD",
      "m" : "4611686018430020815"
    }, {
      "d" : "1756405041853941806",
      "t" : 1756405041853,
      "tn" : 1756405041853941805,
      "q" : "1422.0",
      "p" : "0.3855",
      "s" : "buy",
      "i" : "KAVA_USD",
      "m" : "4611686018430020814"
    }, {
      "d" : "1756405041853941805",
      "t" : 1756405041853,
      "tn" : 1756405041853941805,
      "q" : "2791.7",
      "p" : "0.3855",
      "s" : "buy",
      "i" : "KAVA_USD",
      "m" : "4611686018430020814"
    }, {
      "d" : "1756405031653415714",
      "t" : 1756405031653,
      "tn" : 1756405031653415714,
      "q" : "23.4",
      "p" : "0.3845",
      "s" : "sell",
      "i" : "KAVA_USD",
      "m" : "4611686018430020813"
    }, {
      "d" : "1756404978998464354",
      "t" : 1756404978998,
      "tn" : 1756404978998464353,
      "q" : "72.0",
      "p" : "0.3824",
      "s" : "buy",
      "i" : "KAVA_USD",
      "m" : "4611686018430020812"
    }, {
      "d" : "1756404978998464353",
      "t" : 1756404978998,
      "tn" : 1756404978998464353,
      "q" : "288.0",
      "p" : "0.3824",
      "s" : "buy",
      "i" : "KAVA_USD",
      "m" : "4611686018430020812"
    }, {
      "d" : "1756404959400830782",
      "t" : 1756404959400,
      "tn" : 1756404959400830782,
      "q" : "32.9",
      "p" : "0.3803",
      "s" : "sell",
      "i" : "KAVA_USD",
      "m" : "4611686018430020811"
    }, {
      "d" : "1756404383571309180",
      "t" : 1756404383571,
      "tn" : 1756404383571309180,
      "q" : "462.8",
      "p" : "0.3805",
      "s" : "sell",
      "i" : "KAVA_USD",
      "m" : "4611686018430020810"
    }, {
      "d" : "1756404300419180483",
      "t" : 1756404300419,
      "tn" : 1756404300419180483,
      "q" : "327.2",
      "p" : "0.3818",
      "s" : "buy",
      "i" : "KAVA_USD",
      "m" : "4611686018430020809"
    }, {
      "d" : "1756403975254094755",
      "t" : 1756403975254,
      "tn" : 1756403975254094755,
      "q" : "86.8",
      "p" : "0.3827",
      "s" : "sell",
      "i" : "KAVA_USD",
      "m" : "4611686018430020808"
    }, {
      "d" : "1756403569953746221",
      "t" : 1756403569953,
      "tn" : 1756403569953746221,
      "q" : "23.4",
      "p" : "0.3855",
      "s" : "buy",
      "i" : "KAVA_USD",
      "m" : "4611686018430020807"
    }, {
      "d" : "1756403385393299652",
      "t" : 1756403385393,
      "tn" : 1756403385393299652,
      "q" : "260.6",
      "p" : "0.3836",
      "s" : "sell",
      "i" : "KAVA_USD",
      "m" : "4611686018430020806"
    }, {
      "d" : "1756403086639017537",
      "t" : 1756403086639,
      "tn" : 1756403086639017537,
      "q" : "7.7",
      "p" : "0.3872",
      "s" : "sell",
      "i" : "KAVA_USD",
      "m" : "4611686018430020805"
    }, {
      "d" : "1756403086639014085",
      "t" : 1756403086639,
      "tn" : 1756403086639014085,
      "q" : "250.5",
      "p" : "0.3872",
      "s" : "sell",
      "i" : "KAVA_USD",
      "m" : "4611686018430020804"
    }, {
      "d" : "1756402858442864116",
      "t" : 1756402858442,
      "tn" : 1756402858442864116,
      "q" : "231.8",
      "p" : "0.3893",
      "s" : "sell",
      "i" : "KAVA_USD",
      "m" : "4611686018430020803"
    }, {
      "d" : "1756402844062267878",
      "t" : 1756402844062,
      "tn" : 1756402844062267878,
      "q" : "2061.7",
      "p" : "0.3885",
      "s" : "buy",
      "i" : "KAVA_USD",
      "m" : "4611686018430020802"
    }, {
      "d" : "1756402844062265553",
      "t" : 1756402844062,
      "tn" : 1756402844062265553,
      "q" : "1897.6",
      "p" : "0.3884",
      "s" : "buy",
      "i" : "KAVA_USD",
      "m" : "4611686018430020801"
    }, {
      "d" : "1756402844062262552",
      "t" : 1756402844062,
      "tn" : 1756402844062262552,
      "q" : "199.5",
      "p" : "0.3883",
      "s" : "buy",
      "i" : "KAVA_USD",
      "m" : "4611686018430020800"
    }, {
      "d" : "1756402807830942526",
      "t" : 1756402807830,
      "tn" : 1756402807830942526,
      "q" : "72.0",
      "p" : "0.3877",
      "s" : "sell",
      "i" : "KAVA_USD",
      "m" : "4611686018430020799"
    }, {
      "d" : "1756402797603701831",
      "t" : 1756402797603,
      "tn" : 1756402797603701831,
      "q" : "231.0",
      "p" : "0.3903",
      "s" : "buy",
      "i" : "KAVA_USD",
      "m" : "4611686018430020798"
    }, {
      "d" : "1756402772021451416",
      "t" : 1756402772021,
      "tn" : 1756402772021451416,
      "q" : "164.3",
      "p" : "0.3906",
      "s" : "buy",
      "i" : "KAVA_USD",
      "m" : "4611686018430020797"
    }, {
      "d" : "1756402372293398908",
      "t" : 1756402372293,
      "tn" : 1756402372293398908,
      "q" : "13.1",
      "p" : "0.3876",
      "s" : "sell",
      "i" : "KAVA_USD",
      "m" : "4611686018430020796"
    }, {
      "d" : "1756402221369249967",
      "t" : 1756402221369,
      "tn" : 1756402221369249967,
      "q" : "19.3",
      "p" : "0.3887",
      "s" : "sell",
      "i" : "KAVA_USD",
      "m" : "4611686018430020795"
    }, {
      "d" : "1756402138624408577",
      "t" : 1756402138624,
      "tn" : 1756402138624408577,
      "q" : "38.6",
      "p" : "0.3883",
      "s" : "sell",
      "i" : "KAVA_USD",
      "m" : "4611686018430020794"
    }, {
      "d" : "1756402132064973914",
      "t" : 1756402132064,
      "tn" : 1756402132064973914,
      "q" : "287.1",
      "p" : "0.3884",
      "s" : "buy",
      "i" : "KAVA_USD",
      "m" : "4611686018430020793"
    }, {
      "d" : "1756401959751033448",
      "t" : 1756401959751,
      "tn" : 1756401959751033448,
      "q" : "13.1",
      "p" : "0.3861",
      "s" : "sell",
      "i" : "KAVA_USD",
      "m" : "4611686018430020792"
    }, {
      "d" : "1756401915920822867",
      "t" : 1756401915920,
      "tn" : 1756401915920822867,
      "q" : "4.0",
      "p" : "0.3834",
      "s" : "buy",
      "i" : "KAVA_USD",
      "m" : "4611686018430020791"
    }, {
      "d" : "1756401907361912218",
      "t" : 1756401907361,
      "tn" : 1756401907361912218,
      "q" : "45.0",
      "p" : "0.3834",
      "s" : "buy",
      "i" : "KAVA_USD",
      "m" : "4611686018430020790"
    }, {
      "d" : "1756401884887246203",
      "t" : 1756401884887,
      "tn" : 1756401884887246203,
      "q" : "261.2",
      "p" : "0.3828",
      "s" : "sell",
      "i" : "KAVA_USD",
      "m" : "4611686018430020789"
    }, {
      "d" : "1756401869757923025",
      "t" : 1756401869757,
      "tn" : 1756401869757923025,
      "q" : "261.1",
      "p" : "0.3829",
      "s" : "sell",
      "i" : "KAVA_USD",
      "m" : "4611686018430020788"
    }, {
      "d" : "1756401775808665427",
      "t" : 1756401775808,
      "tn" : 1756401775808665427,
      "q" : "32.4",
      "p" : "0.3832",
      "s" : "sell",
      "i" : "KAVA_USD",
      "m" : "4611686018430020787"
    }, {
      "d" : "1756401726264157599",
      "t" : 1756401726264,
      "tn" : 1756401726264157599,
      "q" : "40.1",
      "p" : "0.3849",
      "s" : "sell",
      "i" : "KAVA_USD",
      "m" : "4611686018430020786"
    }, {
      "d" : "1756401605490134757",
      "t" : 1756401605490,
      "tn" : 1756401605490134757,
      "q" : "457.6",
      "p" : "0.3825",
      "s" : "sell",
      "i" : "KAVA_USD",
      "m" : "4611686018430020785"
    }, {
      "d" : "1756401592005151494",
      "t" : 1756401592005,
      "tn" : 1756401592005151494,
      "q" : "88.5",
      "p" : "0.3867",
      "s" : "buy",
      "i" : "KAVA_USD",
      "m" : "4611686018430020784"
    }, {
      "d" : "1756401591967911044",
      "t" : 1756401591967,
      "tn" : 1756401591967911044,
      "q" : "189.4",
      "p" : "0.3867",
      "s" : "buy",
      "i" : "KAVA_USD",
      "m" : "4611686018430020783"
    }, {
      "d" : "1756401591963964552",
      "t" : 1756401591963,
      "tn" : 1756401591963964552,
      "q" : "1358.3",
      "p" : "0.3866",
      "s" : "buy",
      "i" : "KAVA_USD",
      "m" : "4611686018430020782"
    }, {
      "d" : "1756401578740062986",
      "t" : 1756401578740,
      "tn" : 1756401578740062986,
      "q" : "2968.7",
      "p" : "0.3856",
      "s" : "buy",
      "i" : "KAVA_USD",
      "m" : "4611686018430020781"
    }, {
      "d" : "1756401578365921717",
      "t" : 1756401578365,
      "tn" : 1756401578365921717,
      "q" : "26.2",
      "p" : "0.3832",
      "s" : "buy",
      "i" : "KAVA_USD",
      "m" : "4611686018430020780"
    }, {
      "d" : "1756401578365919638",
      "t" : 1756401578365,
      "tn" : 1756401578365919638,
      "q" : "1752.6",
      "p" : "0.3831",
      "s" : "buy",
      "i" : "KAVA_USD",
      "m" : "4611686018430020779"
    }, {
      "d" : "1756401574091018442",
      "t" : 1756401574091,
      "tn" : 1756401574091018442,
      "q" : "26.2",
      "p" : "0.3809",
      "s" : "buy",
      "i" : "KAVA_USD",
      "m" : "4611686018430020778"
    }, {
      "d" : "1756401539915925974",
      "t" : 1756401539915,
      "tn" : 1756401539915925974,
      "q" : "2061.7",
      "p" : "0.3732",
      "s" : "buy",
      "i" : "KAVA_USD",
      "m" : "4611686018430020777"
    }, {
      "d" : "1756401521372017146",
      "t" : 1756401521372,
      "tn" : 1756401521372017145,
      "q" : "268.6",
      "p" : "0.3703",
      "s" : "buy",
      "i" : "KAVA_USD",
      "m" : "4611686018430020776"
    }, {
      "d" : "1756401521372017145",
      "t" : 1756401521372,
      "tn" : 1756401521372017145,
      "q" : "878.8",
      "p" : "0.3703",
      "s" : "buy",
      "i" : "KAVA_USD",
      "m" : "4611686018430020776"
    }, {
      "d" : "1756401384697179595",
      "t" : 1756401384697,
      "tn" : 1756401384697179595,
      "q" : "1462.0",
      "p" : "0.3712",
      "s" : "sell",
      "i" : "KAVA_USD",
      "m" : "4611686018430020775"
    }, {
      "d" : "1756401355699719680",
      "t" : 1756401355699,
      "tn" : 1756401355699719680,
      "q" : "1897.6",
      "p" : "0.3721",
      "s" : "sell",
      "i" : "KAVA_USD",
      "m" : "4611686018430020774"
    }, {
      "d" : "1756401355699717338",
      "t" : 1756401355699,
      "tn" : 1756401355699717338,
      "q" : "268.6",
      "p" : "0.3723",
      "s" : "sell",
      "i" : "KAVA_USD",
      "m" : "4611686018430020773"
    }, {
      "d" : "1756401299919359768",
      "t" : 1756401299919,
      "tn" : 1756401299919359768,
      "q" : "2678.8",
      "p" : "0.3739",
      "s" : "buy",
      "i" : "KAVA_USD",
      "m" : "4611686018430020772"
    }, {
      "d" : "1756401283762949601",
      "t" : 1756401283762,
      "tn" : 1756401283762949601,
      "q" : "1891.0",
      "p" : "0.3728",
      "s" : "sell",
      "i" : "KAVA_USD",
      "m" : "4611686018430020771"
    }, {
      "d" : "1756401283749667053",
      "t" : 1756401283749,
      "tn" : 1756401283749667053,
      "q" : "324.8",
      "p" : "0.3728",
      "s" : "sell",
      "i" : "KAVA_USD",
      "m" : "4611686018430020770"
    }, {
      "d" : "1756401283743950608",
      "t" : 1756401283743,
      "tn" : 1756401283743950608,
      "q" : "1080.0",
      "p" : "0.3728",
      "s" : "sell",
      "i" : "KAVA_USD",
      "m" : "4611686018430020769"
    }, {
      "d" : "1756401258626227480",
      "t" : 1756401258626,
      "tn" : 1756401258626227480,
      "q" : "137.9",
      "p" : "0.3771",
      "s" : "buy",
      "i" : "KAVA_USD",
      "m" : "4611686018430020768"
    }, {
      "d" : "1756401253469870691",
      "t" : 1756401253469,
      "tn" : 1756401253469870691,
      "q" : "2.8",
      "p" : "0.3713",
      "s" : "buy",
      "i" : "KAVA_USD",
      "m" : "4611686018430020767"
    }, {
      "d" : "1756401253469310560",
      "t" : 1756401253469,
      "tn" : 1756401253469310560,
      "q" : "72.4",
      "p" : "0.3713",
      "s" : "buy",
      "i" : "KAVA_USD",
      "m" : "4611686018430020766"
    }, {
      "d" : "1756401253462912915",
      "t" : 1756401253462,
      "tn" : 1756401253462912915,
      "q" : "268.0",
      "p" : "0.3709",
      "s" : "buy",
      "i" : "KAVA_USD",
      "m" : "4611686018430020765"
    }, {
      "d" : "1756401147174111369",
      "t" : 1756401147174,
      "tn" : 1756401147174111369,
      "q" : "1897.6",
      "p" : "0.3708",
      "s" : "sell",
      "i" : "KAVA_USD",
      "m" : "4611686018430020764"
    }, {
      "d" : "1756400835983252007",
      "t" : 1756400835983,
      "tn" : 1756400835983252007,
      "q" : "268.0",
      "p" : "0.3731",
      "s" : "sell",
      "i" : "KAVA_USD",
      "m" : "4611686018430020763"
    }, {
      "d" : "1756399992093057849",
      "t" : 1756399992093,
      "tn" : 1756399992093057849,
      "q" : "1897.6",
      "p" : "0.3746",
      "s" : "sell",
      "i" : "KAVA_USD",
      "m" : "4611686018430020762"
    }, {
      "d" : "1756399992093056559",
      "t" : 1756399992093,
      "tn" : 1756399992093056559,
      "q" : "1564.4",
      "p" : "0.3747",
      "s" : "sell",
      "i" : "KAVA_USD",
      "m" : "4611686018430020761"
    }, {
      "d" : "1756398682509620456",
      "t" : 1756398682509,
      "tn" : 1756398682509620456,
      "q" : "200.0",
      "p" : "0.3774",
      "s" : "sell",
      "i" : "KAVA_USD",
      "m" : "4611686018430020760"
    }, {
      "d" : "1756398388612016349",
      "t" : 1756398388612,
      "tn" : 1756398388612016349,
      "q" : "75.2",
      "p" : "0.3778",
      "s" : "sell",
      "i" : "KAVA_USD",
      "m" : "4611686018430020759"
    }, {
      "d" : "1756398386921332468",
      "t" : 1756398386921,
      "tn" : 1756398386921332468,
      "q" : "2636.4",
      "p" : "0.3777",
      "s" : "sell",
      "i" : "KAVA_USD",
      "m" : "4611686018430020758"
    }, {
      "d" : "1756398385710952814",
      "t" : 1756398385710,
      "tn" : 1756398385710952814,
      "q" : "2643.4",
      "p" : "0.3778",
      "s" : "sell",
      "i" : "KAVA_USD",
      "m" : "4611686018430020757"
    }, {
      "d" : "1756397995909493342",
      "t" : 1756397995909,
      "tn" : 1756397995909493342,
      "q" : "1907.5",
      "p" : "0.3786",
      "s" : "buy",
      "i" : "KAVA_USD",
      "m" : "4611686018430020756"
    }, {
      "d" : "1756397995909489448",
      "t" : 1756397995909,
      "tn" : 1756397995909489448,
      "q" : "2615.2",
      "p" : "0.3784",
      "s" : "buy",
      "i" : "KAVA_USD",
      "m" : "4611686018430020755"
    }, {
      "d" : "1756397995909486782",
      "t" : 1756397995909,
      "tn" : 1756397995909486782,
      "q" : "1137.5",
      "p" : "0.3783",
      "s" : "buy",
      "i" : "KAVA_USD",
      "m" : "4611686018430020754"
    }, {
      "d" : "1756397995909483649",
      "t" : 1756397995909,
      "tn" : 1756397995909483649,
      "q" : "432.1",
      "p" : "0.3782",
      "s" : "buy",
      "i" : "KAVA_USD",
      "m" : "4611686018430020753"
    }, {
      "d" : "1756397481498006427",
      "t" : 1756397481498,
      "tn" : 1756397481498006427,
      "q" : "2888.1",
      "p" : "0.3767",
      "s" : "buy",
      "i" : "KAVA_USD",
      "m" : "4611686018430020752"
    }, {
      "d" : "1756397213147717790",
      "t" : 1756397213147,
      "tn" : 1756397213147717790,
      "q" : "147.5",
      "p" : "0.3766",
      "s" : "buy",
      "i" : "KAVA_USD",
      "m" : "4611686018430020751"
    }, {
      "d" : "1756397023598121621",
      "t" : 1756397023598,
      "tn" : 1756397023598121621,
      "q" : "3.2",
      "p" : "0.3747",
      "s" : "sell",
      "i" : "KAVA_USD",
      "m" : "4611686018430020750"
    }, {
      "d" : "1756396982684848307",
      "t" : 1756396982684,
      "tn" : 1756396982684848307,
      "q" : "7.0",
      "p" : "0.3756",
      "s" : "buy",
      "i" : "KAVA_USD",
      "m" : "4611686018430020749"
    }, {
      "d" : "1756396924073929959",
      "t" : 1756396924073,
      "tn" : 1756396924073929959,
      "q" : "10.0",
      "p" : "0.3763",
      "s" : "buy",
      "i" : "KAVA_USD",
      "m" : "4611686018430020748"
    }, {
      "d" : "1756396907510948598",
      "t" : 1756396907510,
      "tn" : 1756396907510948597,
      "q" : "1125.3",
      "p" : "0.3756",
      "s" : "buy",
      "i" : "KAVA_USD",
      "m" : "4611686018430020747"
    }, {
      "d" : "1756396907510948597",
      "t" : 1756396907510,
      "tn" : 1756396907510948597,
      "q" : "3240.2",
      "p" : "0.3756",
      "s" : "buy",
      "i" : "KAVA_USD",
      "m" : "4611686018430020747"
    }, {
      "d" : "1756396761417906175",
      "t" : 1756396761417,
      "tn" : 1756396761417906175,
      "q" : "990.3",
      "p" : "0.3755",
      "s" : "buy",
      "i" : "KAVA_USD",
      "m" : "4611686018430020746"
    }, {
      "d" : "1756396597130532504",
      "t" : 1756396597130,
      "tn" : 1756396597130532504,
      "q" : "296.3",
      "p" : "0.3749",
      "s" : "buy",
      "i" : "KAVA_USD",
      "m" : "4611686018430020745"
    }, {
      "d" : "1756396597129743680",
      "t" : 1756396597129,
      "tn" : 1756396597129743680,
      "q" : "215.0",
      "p" : "0.3749",
      "s" : "buy",
      "i" : "KAVA_USD",
      "m" : "4611686018430020744"
    }, {
      "d" : "1756396597124368524",
      "t" : 1756396597124,
      "tn" : 1756396597124368524,
      "q" : "148.6",
      "p" : "0.3747",
      "s" : "buy",
      "i" : "KAVA_USD",
      "m" : "4611686018430020743"
    }, {
      "d" : "1756395965398440174",
      "t" : 1756395965398,
      "tn" : 1756395965398440174,
      "q" : "334.9",
      "p" : "0.3732",
      "s" : "buy",
      "i" : "KAVA_USD",
      "m" : "4611686018430020742"
    }, {
      "d" : "1756394919768859056",
      "t" : 1756394919768,
      "tn" : 1756394919768859056,
      "q" : "76.1",
      "p" : "0.3733",
      "s" : "buy",
      "i" : "KAVA_USD",
      "m" : "4611686018430020741"
    }, {
      "d" : "1756393265848423665",
      "t" : 1756393265848,
      "tn" : 1756393265848423665,
      "q" : "100.0",
      "p" : "0.3751",
      "s" : "buy",
      "i" : "KAVA_USD",
      "m" : "4611686018430020740"
    }, {
      "d" : "1756392262007642985",
      "t" : 1756392262007,
      "tn" : 1756392262007642985,
      "q" : "317.2",
      "p" : "0.3735",
      "s" : "sell",
      "i" : "KAVA_USD",
      "m" : "4611686018430020739"
    }, {
      "d" : "1756391360826672343",
      "t" : 1756391360826,
      "tn" : 1756391360826672343,
      "q" : "49.5",
      "p" : "0.3733",
      "s" : "sell",
      "i" : "KAVA_USD",
      "m" : "4611686018430020738"
    }, {
      "d" : "1756390232232321834",
      "t" : 1756390232232,
      "tn" : 1756390232232321834,
      "q" : "51.6",
      "p" : "0.3746",
      "s" : "buy",
      "i" : "KAVA_USD",
      "m" : "4611686018430020737"
    }, {
      "d" : "1756389905383064420",
      "t" : 1756389905383,
      "tn" : 1756389905383064420,
      "q" : "16.7",
      "p" : "0.3740",
      "s" : "buy",
      "i" : "KAVA_USD",
      "m" : "4611686018430020736"
    }, {
      "d" : "1756388348200415217",
      "t" : 1756388348200,
      "tn" : 1756388348200415217,
      "q" : "18.9",
      "p" : "0.3735",
      "s" : "buy",
      "i" : "KAVA_USD",
      "m" : "4611686018430020735"
    }, {
      "d" : "1756387089528409391",
      "t" : 1756387089528,
      "tn" : 1756387089528409391,
      "q" : "516.5",
      "p" : "0.3732",
      "s" : "buy",
      "i" : "KAVA_USD",
      "m" : "4611686018430020734"
    }, {
      "d" : "1756387010197528239",
      "t" : 1756387010197,
      "tn" : 1756387010197528239,
      "q" : "411.0",
      "p" : "0.3724",
      "s" : "buy",
      "i" : "KAVA_USD",
      "m" : "4611686018430020733"
    }, {
      "d" : "1756387010191314887",
      "t" : 1756387010191,
      "tn" : 1756387010191314887,
      "q" : "113.3",
      "p" : "0.3724",
      "s" : "sell",
      "i" : "KAVA_USD",
      "m" : "4611686018430020732"
    }, {
      "d" : "1756385598727086317",
      "t" : 1756385598727,
      "tn" : 1756385598727086317,
      "q" : "155.1",
      "p" : "0.3720",
      "s" : "sell",
      "i" : "KAVA_USD",
      "m" : "4611686018430020731"
    }, {
      "d" : "1756385529247621075",
      "t" : 1756385529247,
      "tn" : 1756385529247621075,
      "q" : "251.7",
      "p" : "0.3721",
      "s" : "buy",
      "i" : "KAVA_USD",
      "m" : "4611686018430020730"
    }, {
      "d" : "1756385529245656872",
      "t" : 1756385529245,
      "tn" : 1756385529245656872,
      "q" : "268.7",
      "p" : "0.3721",
      "s" : "sell",
      "i" : "KAVA_USD",
      "m" : "4611686018430020729"
    }, {
      "d" : "1756384335423915063",
      "t" : 1756384335423,
      "tn" : 1756384335423915063,
      "q" : "20.0",
      "p" : "0.3722",
      "s" : "sell",
      "i" : "KAVA_USD",
      "m" : "4611686018430020728"
    }, {
      "d" : "1756383457215615479",
      "t" : 1756383457215,
      "tn" : 1756383457215615479,
      "q" : "28.2",
      "p" : "0.3722",
      "s" : "buy",
      "i" : "KAVA_USD",
      "m" : "4611686018430020727"
    }, {
      "d" : "1756383457209133739",
      "t" : 1756383457209,
      "tn" : 1756383457209133739,
      "q" : "234.0",
      "p" : "0.3722",
      "s" : "sell",
      "i" : "KAVA_USD",
      "m" : "4611686018430020726"
    } ]
  }
}