{
  "id" : -1,
  "method" : "public/get-trades",
  "code" : 0,
  "result" : {
    "data" : [ {
      "d" : "1756458643494388287",
      "t" : 1756458643494,
      "tn" : 1756458643494388287,
      "q" : "1",
      "p" : "0.3747",
      "s" : "sell",
      "i" : "KAVAUSD-PERP",
      "m" : "4611686018430281727"
    }, {
      "d" : "1756458643494386837",
      "t" : 1756458643494,
      "tn" : 1756458643494386837,
      "q" : "1",
      "p" : "0.3749",
      "s" : "sell",
      "i" : "KAVAUSD-PERP",
      "m" : "4611686018430281726"
    }, {
      "d" : "1756458641680926967",
      "t" : 1756458641680,
      "tn" : 1756458641680926967,
      "q" : "132",
      "p" : "0.3771",
      "s" : "sell",
      "i" : "KAVAUSD-PERP",
      "m" : "4611686018430281725"
    }, {
      "d" : "1756458641627484115",
      "t" : 1756458641627,
      "tn" : 1756458641627484115,
      "q" : "1",
      "p" : "0.3777",
      "s" : "sell",
      "i" : "KAVAUSD-PERP",
      "m" : "4611686018430281724"
    }, {
      "d" : "1756458641627482049",
      "t" : 1756458641627,
      "tn" : 1756458641627482049,
      "q" : "1",
      "p" : "0.3779",
      "s" : "sell",
      "i" : "KAVAUSD-PERP",
      "m" : "4611686018430281723"
    }, {
      "d" : "1756455179758430003",
      "t" : 1756455179758,
      "tn" : 1756455179758430003,
      "q" : "1",
      "p" : "0.3797",
      "s" : "sell",
      "i" : "KAVAUSD-PERP",
      "m" : "4611686018430281722"
    }, {
      "d" : "1756454897411887797",
      "t" : 1756454897411,
      "tn" : 1756454897411887797,
      "q" : "1",
      "p" : "0.3807",
      "s" : "sell",
      "i" : "KAVAUSD-PERP",
      "m" : "4611686018430281721"
    }, {
      "d" : "1756454881481819333",
      "t" : 1756454881481,
      "tn" : 1756454881481819333,
      "q" : "1",
      "p" : "0.3810",
      "s" : "sell",
      "i" : "KAVAUSD-PERP",
      "m" : "4611686018430281720"
    }, {
      "d" : "1756454871430080471",
      "t" : 1756454871430,
      "tn" : 1756454871430080471,
      "q" : "1",
      "p" : "0.3811",
      "s" : "sell",
      "i" : "KAVAUSD-PERP",
      "m" : "4611686018430281719"
    }, {
      "d" : "1756454861790135480",
      "t" : 1756454861790,
      "tn" : 1756454861790135480,
      "q" : "1",
      "p" : "0.3811",
      "s" : "sell",
      "i" : "KAVAUSD-PERP",
      "m" : "4611686018430281718"
    }, {
      "d" : "1756454861420669835",
      "t" : 1756454861420,
      "tn" : 1756454861420669835,
      "q" : "1",
      "p" : "0.3810",
      "s" : "sell",
      "i" : "KAVAUSD-PERP",
      "m" : "4611686018430281717"
    }, {
      "d" : "1756454842563119805",
      "t" : 1756454842563,
      "tn" : 1756454842563119805,
      "q" : "1",
      "p" : "0.3810",
      "s" : "sell",
      "i" : "KAVAUSD-PERP",
      "m" : "4611686018430281716"
    }, {
      "d" : "1756454827296115216",
      "t" : 1756454827296,
      "tn" : 1756454827296115216,
      "q" : "1",
      "p" : "0.3806",
      "s" : "sell",
      "i" : "KAVAUSD-PERP",
      "m" : "4611686018430281715"
    }, {
      "d" : "1756454826345690306",
      "t" : 1756454826345,
      "tn" : 1756454826345690306,
      "q" : "1",
      "p" : "0.3806",
      "s" : "sell",
      "i" : "KAVAUSD-PERP",
      "m" : "4611686018430281714"
    }, {
      "d" : "1756454825378088659",
      "t" : 1756454825378,
      "tn" : 1756454825378088659,
      "q" : "1",
      "p" : "0.3806",
      "s" : "sell",
      "i" : "KAVAUSD-PERP",
      "m" : "4611686018430281713"
    }, {
      "d" : "1756454817288713799",
      "t" : 1756454817288,
      "tn" : 1756454817288713799,
      "q" : "1",
      "p" : "0.3805",
      "s" : "sell",
      "i" : "KAVAUSD-PERP",
      "m" : "4611686018430281712"
    }, {
      "d" : "1756454816299574147",
      "t" : 1756454816299,
      "tn" : 1756454816299574147,
      "q" : "1",
      "p" : "0.3805",
      "s" : "sell",
      "i" : "KAVAUSD-PERP",
      "m" : "4611686018430281711"
    }, {
      "d" : "1756454815321461678",
      "t" : 1756454815321,
      "tn" : 1756454815321461678,
      "q" : "1",
      "p" : "0.3805",
      "s" : "sell",
      "i" : "KAVAUSD-PERP",
      "m" : "4611686018430281710"
    }, {
      "d" : "1756454807089356293",
      "t" : 1756454807089,
      "tn" : 1756454807089356293,
      "q" : "1",
      "p" : "0.3804",
      "s" : "sell",
      "i" : "KAVAUSD-PERP",
      "m" : "4611686018430281709"
    }, {
      "d" : "1756454781177446708",
      "t" : 1756454781177,
      "tn" : 1756454781177446708,
      "q" : "1",
      "p" : "0.3805",
      "s" : "sell",
      "i" : "KAVAUSD-PERP",
      "m" : "4611686018430281708"
    }, {
      "d" : "1756454771158859162",
      "t" : 1756454771158,
      "tn" : 1756454771158859162,
      "q" : "1",
      "p" : "0.3804",
      "s" : "sell",
      "i" : "KAVAUSD-PERP",
      "m" : "4611686018430281707"
    }, {
      "d" : "1756454759240588209",
      "t" : 1756454759240,
      "tn" : 1756454759240588209,
      "q" : "1",
      "p" : "0.3804",
      "s" : "sell",
      "i" : "KAVAUSD-PERP",
      "m" : "4611686018430281706"
    }, {
      "d" : "1756454749208989573",
      "t" : 1756454749208,
      "tn" : 1756454749208989573,
      "q" : "1",
      "p" : "0.3804",
      "s" : "sell",
      "i" : "KAVAUSD-PERP",
      "m" : "4611686018430281705"
    }, {
      "d" : "1756454739198673947",
      "t" : 1756454739198,
      "tn" : 1756454739198673947,
      "q" : "1",
      "p" : "0.3803",
      "s" : "sell",
      "i" : "KAVAUSD-PERP",
      "m" : "4611686018430281704"
    }, {
      "d" : "1756454735498403126",
      "t" : 1756454735498,
      "tn" : 1756454735498403126,
      "q" : "1",
      "p" : "0.3803",
      "s" : "sell",
      "i" : "KAVAUSD-PERP",
      "m" : "4611686018430281703"
    }, {
      "d" : "1756454727738573006",
      "t" : 1756454727738,
      "tn" : 1756454727738573006,
      "q" : "1",
      "p" : "0.3803",
      "s" : "sell",
      "i" : "KAVAUSD-PERP",
      "m" : "4611686018430281702"
    }, {
      "d" : "1756454720332218372",
      "t" : 1756454720332,
      "tn" : 1756454720332218372,
      "q" : "1",
      "p" : "0.3802",
      "s" : "sell",
      "i" : "KAVAUSD-PERP",
      "m" : "4611686018430281701"
    }, {
      "d" : "1756454716307749091",
      "t" : 1756454716307,
      "tn" : 1756454716307749091,
      "q" : "1",
      "p" : "0.3803",
      "s" : "sell",
      "i" : "KAVAUSD-PERP",
      "m" : "4611686018430281700"
    }, {
      "d" : "1756454644589187094",
      "t" : 1756454644589,
      "tn" : 1756454644589187094,
      "q" : "1",
      "p" : "0.3810",
      "s" : "sell",
      "i" : "KAVAUSD-PERP",
      "m" : "4611686018430281699"
    }, {
      "d" : "1756454616098960298",
      "t" : 1756454616098,
      "tn" : 1756454616098960298,
      "q" : "1",
      "p" : "0.3811",
      "s" : "sell",
      "i" : "KAVAUSD-PERP",
      "m" : "4611686018430281698"
    }, {
      "d" : "1756454595369891882",
      "t" : 1756454595369,
      "tn" : 1756454595369891882,
      "q" : "1",
      "p" : "0.3811",
      "s" : "sell",
      "i" : "KAVAUSD-PERP",
      "m" : "4611686018430281697"
    }, {
      "d" : "1756454585363951733",
      "t" : 1756454585363,
      "tn" : 1756454585363951733,
      "q" : "1",
      "p" : "0.3811",
      "s" : "sell",
      "i" : "KAVAUSD-PERP",
      "m" : "4611686018430281696"
    }, {
      "d" : "1756454575353178572",
      "t" : 1756454575353,
      "tn" : 1756454575353178572,
      "q" : "1",
      "p" : "0.3809",
      "s" : "sell",
      "i" : "KAVAUSD-PERP",
      "m" : "4611686018430281695"
    }, {
      "d" : "1756454565345628886",
      "t" : 1756454565345,
      "tn" : 1756454565345628886,
      "q" : "1",
      "p" : "0.3809",
      "s" : "sell",
      "i" : "KAVAUSD-PERP",
      "m" : "4611686018430281694"
    }, {
      "d" : "1756454555203321835",
      "t" : 1756454555203,
      "tn" : 1756454555203321835,
      "q" : "1",
      "p" : "0.3809",
      "s" : "sell",
      "i" : "KAVAUSD-PERP",
      "m" : "4611686018430281693"
    }, {
      "d" : "1756454545185963824",
      "t" : 1756454545185,
      "tn" : 1756454545185963824,
      "q" : "1",
      "p" : "0.3809",
      "s" : "sell",
      "i" : "KAVAUSD-PERP",
      "m" : "4611686018430281692"
    }, {
      "d" : "1756454535164959540",
      "t" : 1756454535164,
      "tn" : 1756454535164959540,
      "q" : "1",
      "p" : "0.3809",
      "s" : "sell",
      "i" : "KAVAUSD-PERP",
      "m" : "4611686018430281691"
    }, {
      "d" : "1756454525281121033",
      "t" : 1756454525281,
      "tn" : 1756454525281121033,
      "q" : "1",
      "p" : "0.3810",
      "s" : "sell",
      "i" : "KAVAUSD-PERP",
      "m" : "4611686018430281690"
    }, {
      "d" : "1756454525158070281",
      "t" : 1756454525158,
      "tn" : 1756454525158070281,
      "q" : "1",
      "p" : "0.3809",
      "s" : "sell",
      "i" : "KAVAUSD-PERP",
      "m" : "4611686018430281689"
    }, {
      "d" : "1756454471881506390",
      "t" : 1756454471881,
      "tn" : 1756454471881506390,
      "q" : "1",
      "p" : "0.3814",
      "s" : "sell",
      "i" : "KAVAUSD-PERP",
      "m" : "4611686018430281688"
    }, {
      "d" : "1756454288562869477",
      "t" : 1756454288562,
      "tn" : 1756454288562869477,
      "q" : "1",
      "p" : "0.3804",
      "s" : "sell",
      "i" : "KAVAUSD-PERP",
      "m" : "4611686018430281687"
    }, {
      "d" : "1756454114070657149",
      "t" : 1756454114070,
      "tn" : 1756454114070657149,
      "q" : "1",
      "p" : "0.3806",
      "s" : "sell",
      "i" : "KAVAUSD-PERP",
      "m" : "4611686018430281686"
    }, {
      "d" : "1756454060372465891",
      "t" : 1756454060372,
      "tn" : 1756454060372465891,
      "q" : "1",
      "p" : "0.3807",
      "s" : "sell",
      "i" : "KAVAUSD-PERP",
      "m" : "4611686018430281685"
    }, {
      "d" : "1756454024923572950",
      "t" : 1756454024923,
      "tn" : 1756454024923572950,
      "q" : "1",
      "p" : "0.3807",
      "s" : "sell",
      "i" : "KAVAUSD-PERP",
      "m" : "4611686018430281684"
    }, {
      "d" : "1756453906169243165",
      "t" : 1756453906169,
      "tn" : 1756453906169243165,
      "q" : "1",
      "p" : "0.3810",
      "s" : "sell",
      "i" : "KAVAUSD-PERP",
      "m" : "4611686018430281683"
    }, {
      "d" : "1756453658812573261",
      "t" : 1756453658812,
      "tn" : 1756453658812573261,
      "q" : "1",
      "p" : "0.3813",
      "s" : "sell",
      "i" : "KAVAUSD-PERP",
      "m" : "4611686018430281682"
    }, {
      "d" : "1756453648346861353",
      "t" : 1756453648346,
      "tn" : 1756453648346861353,
      "q" : "1",
      "p" : "0.3814",
      "s" : "sell",
      "i" : "KAVAUSD-PERP",
      "m" : "4611686018430281681"
    }, {
      "d" : "1756453275090868780",
      "t" : 1756453275090,
      "tn" : 1756453275090868780,
      "q" : "1",
      "p" : "0.3808",
      "s" : "sell",
      "i" : "KAVAUSD-PERP",
      "m" : "4611686018430281680"
    }, {
      "d" : "1756452737278127389",
      "t" : 1756452737278,
      "tn" : 1756452737278127389,
      "q" : "1",
      "p" : "0.3800",
      "s" : "buy",
      "i" : "KAVAUSD-PERP",
      "m" : "4611686018430281679"
    }, {
      "d" : "1756452736778098193",
      "t" : 1756452736778,
      "tn" : 1756452736778098193,
      "q" : "1",
      "p" : "0.3801",
      "s" : "buy",
      "i" : "KAVAUSD-PERP",
      "m" : "4611686018430281678"
    }, {
      "d" : "1756452730431753810",
      "t" : 1756452730431,
      "tn" : 1756452730431753810,
      "q" : "1",
      "p" : "0.3800",
      "s" : "buy",
      "i" : "KAVAUSD-PERP",
      "m" : "4611686018430281677"
    }, {
      "d" : "1756452725118013067",
      "t" : 1756452725118,
      "tn" : 1756452725118013067,
      "q" : "1",
      "p" : "0.3797",
      "s" : "buy",
      "i" : "KAVAUSD-PERP",
      "m" : "4611686018430281676"
    }, {
      "d" : "1756452694673403353",
      "t" : 1756452694673,
      "tn" : 1756452694673403353,
      "q" : "1",
      "p" : "0.3797",
      "s" : "buy",
      "i" : "KAVAUSD-PERP",
      "m" : "4611686018430281675"
    }, {
      "d" : "1756452684674666565",
      "t" : 1756452684674,
      "tn" : 1756452684674666565,
      "q" : "1",
      "p" : "0.3796",
      "s" : "buy",
      "i" : "KAVAUSD-PERP",
      "m" : "4611686018430281674"
    }, {
      "d" : "1756452684174651905",
      "t" : 1756452684174,
      "tn" : 1756452684174651905,
      "q" : "1",
      "p" : "0.3794",
      "s" : "buy",
      "i" : "KAVAUSD-PERP",
      "m" : "4611686018430281673"
    }, {
      "d" : "1756452664204646146",
      "t" : 1756452664204,
      "tn" : 1756452664204646146,
      "q" : "1",
      "p" : "0.3794",
      "s" : "buy",
      "i" : "KAVAUSD-PERP",
      "m" : "4611686018430281672"
    }, {
      "d" : "1756452656608671290",
      "t" : 1756452656608,
      "tn" : 1756452656608671290,
      "q" : "1",
      "p" : "0.3792",
      "s" : "buy",
      "i" : "KAVAUSD-PERP",
      "m" : "4611686018430281671"
    }, {
      "d" : "1756452636008805916",
      "t" : 1756452636008,
      "tn" : 1756452636008805916,
      "q" : "1",
      "p" : "0.3794",
      "s" : "buy",
      "i" : "KAVAUSD-PERP",
      "m" : "4611686018430281670"
    }, {
      "d" : "1756452627227459940",
      "t" : 1756452627227,
      "tn" : 1756452627227459940,
      "q" : "1",
      "p" : "0.3793",
      "s" : "buy",
      "i" : "KAVAUSD-PERP",
      "m" : "4611686018430281669"
    }, {
      "d" : "1756452626727439931",
      "t" : 1756452626727,
      "tn" : 1756452626727439931,
      "q" : "1",
      "p" : "0.3794",
      "s" : "buy",
      "i" : "KAVAUSD-PERP",
      "m" : "4611686018430281668"
    }, {
      "d" : "1756452619116713168",
      "t" : 1756452619116,
      "tn" : 1756452619116713168,
      "q" : "1",
      "p" : "0.3792",
      "s" : "buy",
      "i" : "KAVAUSD-PERP",
      "m" : "4611686018430281667"
    }, {
      "d" : "1756452618578370475",
      "t" : 1756452618578,
      "tn" : 1756452618578370475,
      "q" : "1",
      "p" : "0.3790",
      "s" : "buy",
      "i" : "KAVAUSD-PERP",
      "m" : "4611686018430281666"
    }, {
      "d" : "1756452618078325994",
      "t" : 1756452618078,
      "tn" : 1756452618078325994,
      "q" : "1",
      "p" : "0.3791",
      "s" : "buy",
      "i" : "KAVAUSD-PERP",
      "m" : "4611686018430281665"
    }, {
      "d" : "1756452617578314145",
      "t" : 1756452617578,
      "tn" : 1756452617578314145,
      "q" : "1",
      "p" : "0.3794",
      "s" : "buy",
      "i" : "KAVAUSD-PERP",
      "m" : "4611686018430281664"
    }, {
      "d" : "1756452607565024083",
      "t" : 1756452607565,
      "tn" : 1756452607565024083,
      "q" : "1",
      "p" : "0.3798",
      "s" : "buy",
      "i" : "KAVAUSD-PERP",
      "m" : "4611686018430281663"
    }, {
      "d" : "1756452604929334791",
      "t" : 1756452604929,
      "tn" : 1756452604929334791,
      "q" : "1",
      "p" : "0.3797",
      "s" : "buy",
      "i" : "KAVAUSD-PERP",
      "m" : "4611686018430281662"
    }, {
      "d" : "1756452604929332578",
      "t" : 1756452604929,
      "tn" : 1756452604929332578,
      "q" : "1",
      "p" : "0.3796",
      "s" : "buy",
      "i" : "KAVAUSD-PERP",
      "m" : "4611686018430281661"
    }, {
      "d" : "1756452602324806083",
      "t" : 1756452602324,
      "tn" : 1756452602324806082,
      "q" : "1",
      "p" : "0.3796",
      "s" : "buy",
      "i" : "KAVAUSD-PERP",
      "m" : "4611686018430281660"
    }, {
      "d" : "1756452602324806082",
      "t" : 1756452602324,
      "tn" : 1756452602324806082,
      "q" : "1",
      "p" : "0.3796",
      "s" : "buy",
      "i" : "KAVAUSD-PERP",
      "m" : "4611686018430281660"
    }, {
      "d" : "1756452598366718772",
      "t" : 1756452598366,
      "tn" : 1756452598366718772,
      "q" : "1",
      "p" : "0.3795",
      "s" : "buy",
      "i" : "KAVAUSD-PERP",
      "m" : "4611686018430281659"
    }, {
      "d" : "1756452598366716386",
      "t" : 1756452598366,
      "tn" : 1756452598366716386,
      "q" : "1",
      "p" : "0.3794",
      "s" : "buy",
      "i" : "KAVAUSD-PERP",
      "m" : "4611686018430281658"
    }, {
      "d" : "1756452592645566735",
      "t" : 1756452592645,
      "tn" : 1756452592645566734,
      "q" : "1",
      "p" : "0.3794",
      "s" : "buy",
      "i" : "KAVAUSD-PERP",
      "m" : "4611686018430281657"
    }, {
      "d" : "1756452592645566734",
      "t" : 1756452592645,
      "tn" : 1756452592645566734,
      "q" : "1",
      "p" : "0.3794",
      "s" : "buy",
      "i" : "KAVAUSD-PERP",
      "m" : "4611686018430281657"
    }, {
      "d" : "1756452589784552064",
      "t" : 1756452589784,
      "tn" : 1756452589784552064,
      "q" : "1",
      "p" : "0.3792",
      "s" : "buy",
      "i" : "KAVAUSD-PERP",
      "m" : "4611686018430281656"
    }, {
      "d" : "1756452589784549887",
      "t" : 1756452589784,
      "tn" : 1756452589784549887,
      "q" : "1",
      "p" : "0.3791",
      "s" : "buy",
      "i" : "KAVAUSD-PERP",
      "m" : "4611686018430281655"
    }, {
      "d" : "1756452587840716078",
      "t" : 1756452587840,
      "tn" : 1756452587840716078,
      "q" : "1",
      "p" : "0.3791",
      "s" : "buy",
      "i" : "KAVAUSD-PERP",
      "m" : "4611686018430281654"
    }, {
      "d" : "1756452587340806020",
      "t" : 1756452587340,
      "tn" : 1756452587340806020,
      "q" : "1",
      "p" : "0.3790",
      "s" : "buy",
      "i" : "KAVAUSD-PERP",
      "m" : "4611686018430281653"
    }, {
      "d" : "1756452587340804740",
      "t" : 1756452587340,
      "tn" : 1756452587340804740,
      "q" : "1",
      "p" : "0.3789",
      "s" : "buy",
      "i" : "KAVAUSD-PERP",
      "m" : "4611686018430281652"
    }, {
      "d" : "1756452585506779850",
      "t" : 1756452585506,
      "tn" : 1756452585506779850,
      "q" : "1",
      "p" : "0.3789",
      "s" : "buy",
      "i" : "KAVAUSD-PERP",
      "m" : "4611686018430281651"
    }, {
      "d" : "1756452578748458590",
      "t" : 1756452578748,
      "tn" : 1756452578748458590,
      "q" : "1",
      "p" : "0.3789",
      "s" : "sell",
      "i" : "KAVAUSD-PERP",
      "m" : "4611686018430281650"
    }, {
      "d" : "1756452578668503358",
      "t" : 1756452578668,
      "tn" : 1756452578668503358,
      "q" : "1",
      "p" : "0.3788",
      "s" : "buy",
      "i" : "KAVAUSD-PERP",
      "m" : "4611686018430281649"
    }, {
      "d" : "1756452578168464064",
      "t" : 1756452578168,
      "tn" : 1756452578168464063,
      "q" : "1",
      "p" : "0.3789",
      "s" : "buy",
      "i" : "KAVAUSD-PERP",
      "m" : "4611686018430281648"
    }, {
      "d" : "1756452578168464063",
      "t" : 1756452578168,
      "tn" : 1756452578168464063,
      "q" : "1",
      "p" : "0.3789",
      "s" : "buy",
      "i" : "KAVAUSD-PERP",
      "m" : "4611686018430281648"
    }, {
      "d" : "1756452568694652895",
      "t" : 1756452568694,
      "tn" : 1756452568694652895,
      "q" : "1",
      "p" : "0.3788",
      "s" : "buy",
      "i" : "KAVAUSD-PERP",
      "m" : "4611686018430281647"
    }, {
      "d" : "1756452568194616112",
      "t" : 1756452568194,
      "tn" : 1756452568194616112,
      "q" : "1",
      "p" : "0.3786",
      "s" : "buy",
      "i" : "KAVAUSD-PERP",
      "m" : "4611686018430281646"
    }, {
      "d" : "1756452476575375415",
      "t" : 1756452476575,
      "tn" : 1756452476575375415,
      "q" : "1",
      "p" : "0.3786",
      "s" : "buy",
      "i" : "KAVAUSD-PERP",
      "m" : "4611686018430281645"
    }, {
      "d" : "1756452455775772280",
      "t" : 1756452455775,
      "tn" : 1756452455775772280,
      "q" : "1",
      "p" : "0.3785",
      "s" : "buy",
      "i" : "KAVAUSD-PERP",
      "m" : "4611686018430281644"
    }, {
      "d" : "1756452455775770023",
      "t" : 1756452455775,
      "tn" : 1756452455775770023,
      "q" : "1",
      "p" : "0.3783",
      "s" : "buy",
      "i" : "KAVAUSD-PERP",
      "m" : "4611686018430281643"
    }, {
      "d" : "1756452443258418546",
      "t" : 1756452443258,
      "tn" : 1756452443258418546,
      "q" : "1",
      "p" : "0.3783",
      "s" : "buy",
      "i" : "KAVAUSD-PERP",
      "m" : "4611686018430281642"
    }, {
      "d" : "1756452442757616204",
      "t" : 1756452442757,
      "tn" : 1756452442757616204,
      "q" : "1",
      "p" : "0.3782",
      "s" : "buy",
      "i" : "KAVAUSD-PERP",
      "m" : "4611686018430281641"
    }, {
      "d" : "1756452442257525825",
      "t" : 1756452442257,
      "tn" : 1756452442257525825,
      "q" : "1",
      "p" : "0.3783",
      "s" : "buy",
      "i" : "KAVAUSD-PERP",
      "m" : "4611686018430281640"
    }, {
      "d" : "1756452430403448147",
      "t" : 1756452430403,
      "tn" : 1756452430403448147,
      "q" : "1",
      "p" : "0.3784",
      "s" : "buy",
      "i" : "KAVAUSD-PERP",
      "m" : "4611686018430281639"
    }, {
      "d" : "1756452429903503253",
      "t" : 1756452429903,
      "tn" : 1756452429903503253,
      "q" : "1",
      "p" : "0.3785",
      "s" : "buy",
      "i" : "KAVAUSD-PERP",
      "m" : "4611686018430281638"
    }, {
      "d" : "1756452429403440977",
      "t" : 1756452429403,
      "tn" : 1756452429403440977,
      "q" : "1",
      "p" : "0.3783",
      "s" : "buy",
      "i" : "KAVAUSD-PERP",
      "m" : "4611686018430281637"
    }, {
      "d" : "1756452405763752443",
      "t" : 1756452405763,
      "tn" : 1756452405763752443,
      "q" : "1",
      "p" : "0.3783",
      "s" : "buy",
      "i" : "KAVAUSD-PERP",
      "m" : "4611686018430281636"
    }, {
      "d" : "1756452405258864757",
      "t" : 1756452405258,
      "tn" : 1756452405258864757,
      "q" : "1",
      "p" : "0.3784",
      "s" : "buy",
      "i" : "KAVAUSD-PERP",
      "m" : "4611686018430281635"
    }, {
      "d" : "1756452402208758433",
      "t" : 1756452402208,
      "tn" : 1756452402208758433,
      "q" : "1",
      "p" : "0.3786",
      "s" : "buy",
      "i" : "KAVAUSD-PERP",
      "m" : "4611686018430281634"
    }, {
      "d" : "1756452401708518681",
      "t" : 1756452401708,
      "tn" : 1756452401708518681,
      "q" : "1",
      "p" : "0.3784",
      "s" : "buy",
      "i" : "KAVAUSD-PERP",
      "m" : "4611686018430281633"
    }, {
      "d" : "1756452400646373578",
      "t" : 1756452400646,
      "tn" : 1756452400646373578,
      "q" : "1",
      "p" : "0.3783",
      "s" : "buy",
      "i" : "KAVAUSD-PERP",
      "m" : "4611686018430281632"
    }, {
      "d" : "1756452397767143428",
      "t" : 1756452397767,
      "tn" : 1756452397767143428,
      "q" : "1",
      "p" : "0.3783",
      "s" : "buy",
      "i" : "KAVAUSD-PERP",
      "m" : "4611686018430281631"
    }, {
      "d" : "1756452397267198307",
      "t" : 1756452397267,
      "tn" : 1756452397267198307,
      "q" : "1",
      "p" : "0.3782",
      "s" : "buy",
      "i" : "KAVAUSD-PERP",
      "m" : "4611686018430281630"
    }, {
      "d" : "1756452390708141967",
      "t" : 1756452390708,
      "tn" : 1756452390708141967,
      "q" : "1",
      "p" : "0.3783",
      "s" : "buy",
      "i" : "KAVAUSD-PERP",
      "m" : "4611686018430281629"
    }, {
      "d" : "1756452387885409472",
      "t" : 1756452387885,
      "tn" : 1756452387885409472,
      "q" : "1",
      "p" : "0.3785",
      "s" : "buy",
      "i" : "KAVAUSD-PERP",
      "m" : "4611686018430281628"
    }, {
      "d" : "1756452387385392066",
      "t" : 1756452387385,
      "tn" : 1756452387385392066,
      "q" : "1",
      "p" : "0.3786",
      "s" : "buy",
      "i" : "KAVAUSD-PERP",
      "m" : "4611686018430281627"
    }, {
      "d" : "1756452351448666350",
      "t" : 1756452351448,
      "tn" : 1756452351448666350,
      "q" : "1",
      "p" : "0.3788",
      "s" : "buy",
      "i" : "KAVAUSD-PERP",
      "m" : "4611686018430281626"
    }, {
      "d" : "1756452351448664369",
      "t" : 1756452351448,
      "tn" : 1756452351448664369,
      "q" : "1",
      "p" : "0.3786",
      "s" : "buy",
      "i" : "KAVAUSD-PERP",
      "m" : "4611686018430281625"
    }, {
      "d" : "1756452349744830647",
      "t" : 1756452349744,
      "tn" : 1756452349744830647,
      "q" : "1",
      "p" : "0.3786",
      "s" : "buy",
      "i" : "KAVAUSD-PERP",
      "m" : "4611686018430281624"
    }, {
      "d" : "1756452349744828183",
      "t" : 1756452349744,
      "tn" : 1756452349744828183,
      "q" : "1",
      "p" : "0.3784",
      "s" : "buy",
      "i" : "KAVAUSD-PERP",
      "m" : "4611686018430281623"
    }, {
      "d" : "1756452313326603977",
      "t" : 1756452313326,
      "tn" : 1756452313326603977,
      "q" : "1",
      "p" : "0.3784",
      "s" : "buy",
      "i" : "KAVAUSD-PERP",
      "m" : "4611686018430281622"
    }, {
      "d" : "1756452309105929903",
      "t" : 1756452309105,
      "tn" : 1756452309105929903,
      "q" : "1",
      "p" : "0.3786",
      "s" : "buy",
      "i" : "KAVAUSD-PERP",
      "m" : "4611686018430281621"
    }, {
      "d" : "1756452308605894937",
      "t" : 1756452308605,
      "tn" : 1756452308605894937,
      "q" : "1",
      "p" : "0.3788",
      "s" : "buy",
      "i" : "KAVAUSD-PERP",
      "m" : "4611686018430281620"
    }, {
      "d" : "1756452284978290972",
      "t" : 1756452284978,
      "tn" : 1756452284978290972,
      "q" : "1",
      "p" : "0.3789",
      "s" : "buy",
      "i" : "KAVAUSD-PERP",
      "m" : "4611686018430281619"
    }, {
      "d" : "1756452284478259913",
      "t" : 1756452284478,
      "tn" : 1756452284478259913,
      "q" : "1",
      "p" : "0.3790",
      "s" : "buy",
      "i" : "KAVAUSD-PERP",
      "m" : "4611686018430281618"
    }, {
      "d" : "1756452283978164615",
      "t" : 1756452283978,
      "tn" : 1756452283978164615,
      "q" : "1",
      "p" : "0.3789",
      "s" : "buy",
      "i" : "KAVAUSD-PERP",
      "m" : "4611686018430281617"
    }, {
      "d" : "1756452283624213131",
      "t" : 1756452283624,
      "tn" : 1756452283624213131,
      "q" : "1",
      "p" : "0.3790",
      "s" : "sell",
      "i" : "KAVAUSD-PERP",
      "m" : "4611686018430281616"
    }, {
      "d" : "1756452283479194878",
      "t" : 1756452283479,
      "tn" : 1756452283479194878,
      "q" : "1",
      "p" : "0.3790",
      "s" : "buy",
      "i" : "KAVAUSD-PERP",
      "m" : "4611686018430281615"
    }, {
      "d" : "1756452282978137918",
      "t" : 1756452282978,
      "tn" : 1756452282978137918,
      "q" : "1",
      "p" : "0.3789",
      "s" : "buy",
      "i" : "KAVAUSD-PERP",
      "m" : "4611686018430281614"
    }, {
      "d" : "1756452282478096197",
      "t" : 1756452282478,
      "tn" : 1756452282478096197,
      "q" : "1",
      "p" : "0.3788",
      "s" : "buy",
      "i" : "KAVAUSD-PERP",
      "m" : "4611686018430281613"
    }, {
      "d" : "1756452281978043926",
      "t" : 1756452281978,
      "tn" : 1756452281978043926,
      "q" : "1",
      "p" : "0.3787",
      "s" : "buy",
      "i" : "KAVAUSD-PERP",
      "m" : "4611686018430281612"
    }, {
      "d" : "1756452281478053229",
      "t" : 1756452281478,
      "tn" : 1756452281478053229,
      "q" : "1",
      "p" : "0.3786",
      "s" : "buy",
      "i" : "KAVAUSD-PERP",
      "m" : "4611686018430281611"
    }, {
      "d" : "1756452280978001301",
      "t" : 1756452280978,
      "tn" : 1756452280978001301,
      "q" : "1",
      "p" : "0.3785",
      "s" : "buy",
      "i" : "KAVAUSD-PERP",
      "m" : "4611686018430281610"
    }, {
      "d" : "1756452280477997589",
      "t" : 1756452280477,
      "tn" : 1756452280477997589,
      "q" : "1",
      "p" : "0.3783",
      "s" : "buy",
      "i" : "KAVAUSD-PERP",
      "m" : "4611686018430281609"
    }, {
      "d" : "1756452279180755425",
      "t" : 1756452279180,
      "tn" : 1756452279180755425,
      "q" : "1",
      "p" : "0.3782",
      "s" : "buy",
      "i" : "KAVAUSD-PERP",
      "m" : "4611686018430281608"
    }, {
      "d" : "1756452264766265241",
      "t" : 1756452264766,
      "tn" : 1756452264766265241,
      "q" : "1",
      "p" : "0.3782",
      "s" : "buy",
      "i" : "KAVAUSD-PERP",
      "m" : "4611686018430281607"
    }, {
      "d" : "1756452264266112584",
      "t" : 1756452264266,
      "tn" : 1756452264266112584,
      "q" : "1",
      "p" : "0.3781",
      "s" : "buy",
      "i" : "KAVAUSD-PERP",
      "m" : "4611686018430281606"
    }, {
      "d" : "1756452250717065711",
      "t" : 1756452250717,
      "tn" : 1756452250717065711,
      "q" : "1",
      "p" : "0.3785",
      "s" : "buy",
      "i" : "KAVAUSD-PERP",
      "m" : "4611686018430281605"
    }, {
      "d" : "1756452249774881274",
      "t" : 1756452249774,
      "tn" : 1756452249774881274,
      "q" : "1",
      "p" : "0.3786",
      "s" : "buy",
      "i" : "KAVAUSD-PERP",
      "m" : "4611686018430281604"
    }, {
      "d" : "1756452248777834415",
      "t" : 1756452248777,
      "tn" : 1756452248777834415,
      "q" : "1",
      "p" : "0.3784",
      "s" : "buy",
      "i" : "KAVAUSD-PERP",
      "m" : "4611686018430281603"
    }, {
      "d" : "1756452241125591492",
      "t" : 1756452241125,
      "tn" : 1756452241125591492,
      "q" : "1",
      "p" : "0.3787",
      "s" : "buy",
      "i" : "KAVAUSD-PERP",
      "m" : "4611686018430281602"
    }, {
      "d" : "1756452240626530901",
      "t" : 1756452240626,
      "tn" : 1756452240626530901,
      "q" : "1",
      "p" : "0.3786",
      "s" : "buy",
      "i" : "KAVAUSD-PERP",
      "m" : "4611686018430281601"
    }, {
      "d" : "1756452228474468052",
      "t" : 1756452228474,
      "tn" : 1756452228474468052,
      "q" : "1",
      "p" : "0.3787",
      "s" : "buy",
      "i" : "KAVAUSD-PERP",
      "m" : "4611686018430281600"
    }, {
      "d" : "1756452220641857645",
      "t" : 1756452220641,
      "tn" : 1756452220641857645,
      "q" : "1",
      "p" : "0.3791",
      "s" : "buy",
      "i" : "KAVAUSD-PERP",
      "m" : "4611686018430281599"
    }, {
      "d" : "1756452210908356861",
      "t" : 1756452210908,
      "tn" : 1756452210908356861,
      "q" : "1",
      "p" : "0.3791",
      "s" : "buy",
      "i" : "KAVAUSD-PERP",
      "m" : "4611686018430281598"
    }, {
      "d" : "1756452210408318092",
      "t" : 1756452210408,
      "tn" : 1756452210408318092,
      "q" : "1",
      "p" : "0.3790",
      "s" : "buy",
      "i" : "KAVAUSD-PERP",
      "m" : "4611686018430281597"
    }, {
      "d" : "1756452209957501105",
      "t" : 1756452209957,
      "tn" : 1756452209957501105,
      "q" : "1",
      "p" : "0.3788",
      "s" : "sell",
      "i" : "KAVAUSD-PERP",
      "m" : "4611686018430281596"
    }, {
      "d" : "1756452209908267857",
      "t" : 1756452209908,
      "tn" : 1756452209908267857,
      "q" : "1",
      "p" : "0.3787",
      "s" : "buy",
      "i" : "KAVAUSD-PERP",
      "m" : "4611686018430281595"
    }, {
      "d" : "1756452208442529750",
      "t" : 1756452208442,
      "tn" : 1756452208442529750,
      "q" : "1",
      "p" : "0.3787",
      "s" : "buy",
      "i" : "KAVAUSD-PERP",
      "m" : "4611686018430281594"
    }, {
      "d" : "1756452208442526842",
      "t" : 1756452208442,
      "tn" : 1756452208442526842,
      "q" : "1",
      "p" : "0.3786",
      "s" : "buy",
      "i" : "KAVAUSD-PERP",
      "m" : "4611686018430281593"
    }, {
      "d" : "1756452200065810342",
      "t" : 1756452200065,
      "tn" : 1756452200065810342,
      "q" : "1",
      "p" : "0.3786",
      "s" : "buy",
      "i" : "KAVAUSD-PERP",
      "m" : "4611686018430281592"
    }, {
      "d" : "1756452199565743118",
      "t" : 1756452199565,
      "tn" : 1756452199565743118,
      "q" : "1",
      "p" : "0.3787",
      "s" : "buy",
      "i" : "KAVAUSD-PERP",
      "m" : "4611686018430281591"
    }, {
      "d" : "1756452154128867556",
      "t" : 1756452154128,
      "tn" : 1756452154128867556,
      "q" : "1",
      "p" : "0.3787",
      "s" : "buy",
      "i" : "KAVAUSD-PERP",
      "m" : "4611686018430281590"
    }, {
      "d" : "1756452146380438610",
      "t" : 1756452146380,
      "tn" : 1756452146380438610,
      "q" : "1",
      "p" : "0.3787",
      "s" : "buy",
      "i" : "KAVAUSD-PERP",
      "m" : "4611686018430281589"
    }, {
      "d" : "1756452145880430709",
      "t" : 1756452145880,
      "tn" : 1756452145880430709,
      "q" : "1",
      "p" : "0.3786",
      "s" : "buy",
      "i" : "KAVAUSD-PERP",
      "m" : "4611686018430281588"
    }, {
      "d" : "1756452145380410656",
      "t" : 1756452145380,
      "tn" : 1756452145380410656,
      "q" : "1",
      "p" : "0.3787",
      "s" : "buy",
      "i" : "KAVAUSD-PERP",
      "m" : "4611686018430281587"
    }, {
      "d" : "1756452144880364998",
      "t" : 1756452144880,
      "tn" : 1756452144880364998,
      "q" : "1",
      "p" : "0.3788",
      "s" : "buy",
      "i" : "KAVAUSD-PERP",
      "m" : "4611686018430281586"
    }, {
      "d" : "1756452144380271754",
      "t" : 1756452144380,
      "tn" : 1756452144380271754,
      "q" : "1",
      "p" : "0.3790",
      "s" : "buy",
      "i" : "KAVAUSD-PERP",
      "m" : "4611686018430281585"
    }, {
      "d" : "1756452143880339717",
      "t" : 1756452143880,
      "tn" : 1756452143880339717,
      "q" : "1",
      "p" : "0.3788",
      "s" : "buy",
      "i" : "KAVAUSD-PERP",
      "m" : "4611686018430281584"
    }, {
      "d" : "1756452135625289730",
      "t" : 1756452135625,
      "tn" : 1756452135625289730,
      "q" : "1",
      "p" : "0.3788",
      "s" : "buy",
      "i" : "KAVAUSD-PERP",
      "m" : "4611686018430281583"
    }, {
      "d" : "1756452134957369084",
      "t" : 1756452134957,
      "tn" : 1756452134957369084,
      "q" : "1",
      "p" : "0.3789",
      "s" : "buy",
      "i" : "KAVAUSD-PERP",
      "m" : "4611686018430281582"
    }, {
      "d" : "1756452134457333149",
      "t" : 1756452134457,
      "tn" : 1756452134457333149,
      "q" : "1",
      "p" : "0.3790",
      "s" : "buy",
      "i" : "KAVAUSD-PERP",
      "m" : "4611686018430281581"
    } ]
  }
}