{
  "id" : -1,
  "method" : "public/get-trades",
  "code" : 0,
  "result" : {
    "data" : [ {
      "d" : "1756458676843220933",
      "t" : 1756458676843,
      "tn" : 1756458676843220933,
      "q" : "63.5",
      "p" : "0.3737",
      "s" : "sell",
      "i" : "KAVA_USDT",
      "m" : "4611686018430188129"
    }, {
      "d" : "1756458643491194966",
      "t" : 1756458643491,
      "tn" : 1756458643491194966,
      "q" : "86.0",
      "p" : "0.3747",
      "s" : "sell",
      "i" : "KAVA_USDT",
      "m" : "4611686018430188128"
    }, {
      "d" : "1756458643490227493",
      "t" : 1756458643490,
      "tn" : 1756458643490227493,
      "q" : "98.0",
      "p" : "0.3748",
      "s" : "sell",
      "i" : "KAVA_USDT",
      "m" : "4611686018430188127"
    }, {
      "d" : "1756449813347944242",
      "t" : 1756449813347,
      "tn" : 1756449813347944242,
      "q" : "439.7",
      "p" : "0.3826",
      "s" : "sell",
      "i" : "KAVA_USDT",
      "m" : "4611686018430188126"
    }, {
      "d" : "1756449812836461832",
      "t" : 1756449812836,
      "tn" : 1756449812836461832,
      "q" : "523.0",
      "p" : "0.3826",
      "s" : "sell",
      "i" : "KAVA_USDT",
      "m" : "4611686018430188125"
    }, {
      "d" : "1756449812326019836",
      "t" : 1756449812326,
      "tn" : 1756449812326019836,
      "q" : "523.0",
      "p" : "0.3826",
      "s" : "sell",
      "i" : "KAVA_USDT",
      "m" : "4611686018430188124"
    }, {
      "d" : "1756432934919897092",
      "t" : 1756432934919,
      "tn" : 1756432934919897092,
      "q" : "245.6",
      "p" : "0.3830",
      "s" : "sell",
      "i" : "KAVA_USDT",
      "m" : "4611686018430188123"
    }, {
      "d" : "1756432916531073041",
      "t" : 1756432916531,
      "tn" : 1756432916531073041,
      "q" : "84.1",
      "p" : "0.3830",
      "s" : "sell",
      "i" : "KAVA_USDT",
      "m" : "4611686018430188122"
    }, {
      "d" : "1756415602448369643",
      "t" : 1756415602448,
      "tn" : 1756415602448369643,
      "q" : "50.0",
      "p" : "0.3810",
      "s" : "buy",
      "i" : "KAVA_USDT",
      "m" : "4611686018430188121"
    }, {
      "d" : "1756407387661130086",
      "t" : 1756407387661,
      "tn" : 1756407387661130086,
      "q" : "1897.6",
      "p" : "0.3825",
      "s" : "sell",
      "i" : "KAVA_USDT",
      "m" : "4611686018430188120"
    }, {
      "d" : "1756404979019830489",
      "t" : 1756404979019,
      "tn" : 1756404979019830489,
      "q" : "522.9",
      "p" : "0.3839",
      "s" : "buy",
      "i" : "KAVA_USDT",
      "m" : "4611686018430188119"
    }, {
      "d" : "1756403086639021571",
      "t" : 1756403086639,
      "tn" : 1756403086639021571,
      "q" : "863.8",
      "p" : "0.3870",
      "s" : "sell",
      "i" : "KAVA_USDT",
      "m" : "4611686018430188118"
    }, {
      "d" : "1756402844062272182",
      "t" : 1756402844062,
      "tn" : 1756402844062272182,
      "q" : "59.4",
      "p" : "0.3883",
      "s" : "buy",
      "i" : "KAVA_USDT",
      "m" : "4611686018430188117"
    }, {
      "d" : "1756401631749954124",
      "t" : 1756401631749,
      "tn" : 1756401631749954124,
      "q" : "64.5",
      "p" : "0.3845",
      "s" : "buy",
      "i" : "KAVA_USDT",
      "m" : "4611686018430188116"
    }, {
      "d" : "1756401631734962145",
      "t" : 1756401631734,
      "tn" : 1756401631734962144,
      "q" : "34.8",
      "p" : "0.3845",
      "s" : "buy",
      "i" : "KAVA_USDT",
      "m" : "4611686018430188115"
    }, {
      "d" : "1756401631734962144",
      "t" : 1756401631734,
      "tn" : 1756401631734962144,
      "q" : "729.8",
      "p" : "0.3845",
      "s" : "buy",
      "i" : "KAVA_USDT",
      "m" : "4611686018430188115"
    }, {
      "d" : "1756401605634103801",
      "t" : 1756401605634,
      "tn" : 1756401605634103800,
      "q" : "31.3",
      "p" : "0.3820",
      "s" : "sell",
      "i" : "KAVA_USDT",
      "m" : "4611686018430188114"
    }, {
      "d" : "1756401605634103800",
      "t" : 1756401605634,
      "tn" : 1756401605634103800,
      "q" : "56.0",
      "p" : "0.3820",
      "s" : "sell",
      "i" : "KAVA_USDT",
      "m" : "4611686018430188114"
    }, {
      "d" : "1756401582691868489",
      "t" : 1756401582691,
      "tn" : 1756401582691868489,
      "q" : "31.2",
      "p" : "0.3856",
      "s" : "buy",
      "i" : "KAVA_USDT",
      "m" : "4611686018430188113"
    }, {
      "d" : "1756401580618034324",
      "t" : 1756401580618,
      "tn" : 1756401580618034324,
      "q" : "1359.7",
      "p" : "0.3855",
      "s" : "buy",
      "i" : "KAVA_USDT",
      "m" : "4611686018430188112"
    }, {
      "d" : "1756401574063029745",
      "t" : 1756401574063,
      "tn" : 1756401574063029745,
      "q" : "63.4",
      "p" : "0.3789",
      "s" : "buy",
      "i" : "KAVA_USDT",
      "m" : "4611686018430188111"
    }, {
      "d" : "1756401541454743454",
      "t" : 1756401541454,
      "tn" : 1756401541454743454,
      "q" : "69.0",
      "p" : "0.3773",
      "s" : "buy",
      "i" : "KAVA_USDT",
      "m" : "4611686018430188110"
    }, {
      "d" : "1756401415284318329",
      "t" : 1756401415284,
      "tn" : 1756401415284318329,
      "q" : "137.8",
      "p" : "0.3707",
      "s" : "sell",
      "i" : "KAVA_USDT",
      "m" : "4611686018430188109"
    }, {
      "d" : "1756401258721254669",
      "t" : 1756401258721,
      "tn" : 1756401258721254669,
      "q" : "137.8",
      "p" : "0.3774",
      "s" : "buy",
      "i" : "KAVA_USDT",
      "m" : "4611686018430188108"
    }, {
      "d" : "1756399992093156146",
      "t" : 1756399992093,
      "tn" : 1756399992093156146,
      "q" : "56.6",
      "p" : "0.3745",
      "s" : "sell",
      "i" : "KAVA_USDT",
      "m" : "4611686018430188107"
    }, {
      "d" : "1756397995910140322",
      "t" : 1756397995910,
      "tn" : 1756397995910140322,
      "q" : "1897.6",
      "p" : "0.3785",
      "s" : "buy",
      "i" : "KAVA_USDT",
      "m" : "4611686018430188106"
    }, {
      "d" : "1756394919823000828",
      "t" : 1756394919823,
      "tn" : 1756394919823000828,
      "q" : "17.8",
      "p" : "0.3735",
      "s" : "buy",
      "i" : "KAVA_USDT",
      "m" : "4611686018430188105"
    }, {
      "d" : "1756392434625801906",
      "t" : 1756392434625,
      "tn" : 1756392434625801906,
      "q" : "80.7",
      "p" : "0.3738",
      "s" : "sell",
      "i" : "KAVA_USDT",
      "m" : "4611686018430188104"
    }, {
      "d" : "1756392432632801247",
      "t" : 1756392432632,
      "tn" : 1756392432632801247,
      "q" : "37.1",
      "p" : "0.3738",
      "s" : "sell",
      "i" : "KAVA_USDT",
      "m" : "4611686018430188103"
    } ]
  }
}