{
  "id" : -1,
  "method" : "public/get-trades",
  "code" : 0,
  "result" : {
    "data" : [ {
      "d" : "1756459090685387372",
      "t" : 1756459090685,
      "tn" : 1756459090685387372,
      "q" : "2.9",
      "p" : "0.35352",
      "s" : "sell",
      "i" : "KDA_USD",
      "m" : "4611686018428915646"
    }, {
      "d" : "1756458183885158252",
      "t" : 1756458183885,
      "tn" : 1756458183885158252,
      "q" : "2.9",
      "p" : "0.35344",
      "s" : "buy",
      "i" : "KDA_USD",
      "m" : "4611686018428915645"
    }, {
      "d" : "1756458161268993171",
      "t" : 1756458161268,
      "tn" : 1756458161268993171,
      "q" : "3.9",
      "p" : "0.35564",
      "s" : "buy",
      "i" : "KDA_USD",
      "m" : "4611686018428915644"
    }, {
      "d" : "1756458160899963332",
      "t" : 1756458160899,
      "tn" : 1756458160899963332,
      "q" : "8.9",
      "p" : "0.34999",
      "s" : "sell",
      "i" : "KDA_USD",
      "m" : "4611686018428915643"
    }, {
      "d" : "1756457708536844689",
      "t" : 1756457708536,
      "tn" : 1756457708536844689,
      "q" : "70.4",
      "p" : "0.35231",
      "s" : "sell",
      "i" : "KDA_USD",
      "m" : "4611686018428915642"
    }, {
      "d" : "1756457708536842358",
      "t" : 1756457708536,
      "tn" : 1756457708536842358,
      "q" : "573.3",
      "p" : "0.35232",
      "s" : "sell",
      "i" : "KDA_USD",
      "m" : "4611686018428915641"
    }, {
      "d" : "1756456382621532781",
      "t" : 1756456382621,
      "tn" : 1756456382621532781,
      "q" : "92.1",
      "p" : "0.35421",
      "s" : "sell",
      "i" : "KDA_USD",
      "m" : "4611686018428915640"
    }, {
      "d" : "1756456382621530264",
      "t" : 1756456382621,
      "tn" : 1756456382621530264,
      "q" : "1911.1",
      "p" : "0.35430",
      "s" : "sell",
      "i" : "KDA_USD",
      "m" : "4611686018428915639"
    }, {
      "d" : "1756456382621527411",
      "t" : 1756456382621,
      "tn" : 1756456382621527411,
      "q" : "718.8",
      "p" : "0.35431",
      "s" : "sell",
      "i" : "KDA_USD",
      "m" : "4611686018428915638"
    }, {
      "d" : "1756456382621524811",
      "t" : 1756456382621,
      "tn" : 1756456382621524811,
      "q" : "282.2",
      "p" : "0.35432",
      "s" : "sell",
      "i" : "KDA_USD",
      "m" : "4611686018428915637"
    }, {
      "d" : "1756456253291422243",
      "t" : 1756456253291,
      "tn" : 1756456253291422243,
      "q" : "1601.4",
      "p" : "0.35450",
      "s" : "buy",
      "i" : "KDA_USD",
      "m" : "4611686018428915636"
    }, {
      "d" : "1756456253291323510",
      "t" : 1756456253291,
      "tn" : 1756456253291323510,
      "q" : "352.5",
      "p" : "0.35431",
      "s" : "buy",
      "i" : "KDA_USD",
      "m" : "4611686018428915635"
    }, {
      "d" : "1756455645089115574",
      "t" : 1756455645089,
      "tn" : 1756455645089115574,
      "q" : "60.3",
      "p" : "0.35487",
      "s" : "sell",
      "i" : "KDA_USD",
      "m" : "4611686018428915634"
    }, {
      "d" : "1756455645087318131",
      "t" : 1756455645087,
      "tn" : 1756455645087318131,
      "q" : "221.4",
      "p" : "0.35487",
      "s" : "sell",
      "i" : "KDA_USD",
      "m" : "4611686018428915633"
    }, {
      "d" : "1756454727454094891",
      "t" : 1756454727454,
      "tn" : 1756454727454094891,
      "q" : "2.8",
      "p" : "0.36078",
      "s" : "buy",
      "i" : "KDA_USD",
      "m" : "4611686018428915632"
    }, {
      "d" : "1756454699741413431",
      "t" : 1756454699741,
      "tn" : 1756454699741413431,
      "q" : "2.9",
      "p" : "0.36212",
      "s" : "buy",
      "i" : "KDA_USD",
      "m" : "4611686018428915631"
    }, {
      "d" : "1756454456868141713",
      "t" : 1756454456868,
      "tn" : 1756454456868141713,
      "q" : "55.0",
      "p" : "0.35758",
      "s" : "buy",
      "i" : "KDA_USD",
      "m" : "4611686018428915630"
    }, {
      "d" : "1756454456392918642",
      "t" : 1756454456392,
      "tn" : 1756454456392918642,
      "q" : "353.2",
      "p" : "0.35758",
      "s" : "buy",
      "i" : "KDA_USD",
      "m" : "4611686018428915629"
    }, {
      "d" : "1756454456387342417",
      "t" : 1756454456387,
      "tn" : 1756454456387342417,
      "q" : "279.6",
      "p" : "0.35758",
      "s" : "sell",
      "i" : "KDA_USD",
      "m" : "4611686018428915628"
    }, {
      "d" : "1756454435121793955",
      "t" : 1756454435121,
      "tn" : 1756454435121793955,
      "q" : "3.0",
      "p" : "0.36295",
      "s" : "buy",
      "i" : "KDA_USD",
      "m" : "4611686018428915627"
    }, {
      "d" : "1756454064298258828",
      "t" : 1756454064298,
      "tn" : 1756454064298258828,
      "q" : "2.8",
      "p" : "0.36382",
      "s" : "buy",
      "i" : "KDA_USD",
      "m" : "4611686018428915626"
    }, {
      "d" : "1756453234146579116",
      "t" : 1756453234146,
      "tn" : 1756453234146579116,
      "q" : "3.1",
      "p" : "0.36346",
      "s" : "buy",
      "i" : "KDA_USD",
      "m" : "4611686018428915625"
    }, {
      "d" : "1756453094011539132",
      "t" : 1756453094011,
      "tn" : 1756453094011539132,
      "q" : "2.9",
      "p" : "0.36394",
      "s" : "buy",
      "i" : "KDA_USD",
      "m" : "4611686018428915624"
    }, {
      "d" : "1756452912759585863",
      "t" : 1756452912759,
      "tn" : 1756452912759585863,
      "q" : "3.2",
      "p" : "0.36346",
      "s" : "buy",
      "i" : "KDA_USD",
      "m" : "4611686018428915623"
    }, {
      "d" : "1756452911539510242",
      "t" : 1756452911539,
      "tn" : 1756452911539510242,
      "q" : "3.2",
      "p" : "0.36346",
      "s" : "buy",
      "i" : "KDA_USD",
      "m" : "4611686018428915622"
    }, {
      "d" : "1756452436651611433",
      "t" : 1756452436651,
      "tn" : 1756452436651611433,
      "q" : "3.3",
      "p" : "0.36299",
      "s" : "buy",
      "i" : "KDA_USD",
      "m" : "4611686018428915621"
    }, {
      "d" : "1756452435694745621",
      "t" : 1756452435694,
      "tn" : 1756452435694745621,
      "q" : "3.5",
      "p" : "0.36305",
      "s" : "buy",
      "i" : "KDA_USD",
      "m" : "4611686018428915620"
    }, {
      "d" : "1756452434698934435",
      "t" : 1756452434698,
      "tn" : 1756452434698934435,
      "q" : "3.7",
      "p" : "0.36309",
      "s" : "buy",
      "i" : "KDA_USD",
      "m" : "4611686018428915619"
    }, {
      "d" : "1756452433184073053",
      "t" : 1756452433184,
      "tn" : 1756452433184073053,
      "q" : "3.7",
      "p" : "0.36315",
      "s" : "buy",
      "i" : "KDA_USD",
      "m" : "4611686018428915618"
    }, {
      "d" : "1756452398889167913",
      "t" : 1756452398889,
      "tn" : 1756452398889167913,
      "q" : "2.9",
      "p" : "0.36260",
      "s" : "buy",
      "i" : "KDA_USD",
      "m" : "4611686018428915617"
    }, {
      "d" : "1756452397147199248",
      "t" : 1756452397147,
      "tn" : 1756452397147199248,
      "q" : "3.5",
      "p" : "0.36266",
      "s" : "buy",
      "i" : "KDA_USD",
      "m" : "4611686018428915616"
    }, {
      "d" : "1756452358621422125",
      "t" : 1756452358621,
      "tn" : 1756452358621422125,
      "q" : "3.4",
      "p" : "0.36411",
      "s" : "buy",
      "i" : "KDA_USD",
      "m" : "4611686018428915615"
    }, {
      "d" : "1756452356506510685",
      "t" : 1756452356506,
      "tn" : 1756452356506510685,
      "q" : "4.4",
      "p" : "0.36343",
      "s" : "buy",
      "i" : "KDA_USD",
      "m" : "4611686018428915614"
    }, {
      "d" : "1756452355540237903",
      "t" : 1756452355540,
      "tn" : 1756452355540237903,
      "q" : "4.9",
      "p" : "0.36345",
      "s" : "buy",
      "i" : "KDA_USD",
      "m" : "4611686018428915613"
    }, {
      "d" : "1756452322517078735",
      "t" : 1756452322517,
      "tn" : 1756452322517078735,
      "q" : "3.8",
      "p" : "0.36410",
      "s" : "buy",
      "i" : "KDA_USD",
      "m" : "4611686018428915612"
    }, {
      "d" : "1756452320115194504",
      "t" : 1756452320115,
      "tn" : 1756452320115194504,
      "q" : "4.0",
      "p" : "0.36416",
      "s" : "buy",
      "i" : "KDA_USD",
      "m" : "4611686018428915611"
    }, {
      "d" : "1756452319012427907",
      "t" : 1756452319012,
      "tn" : 1756452319012427907,
      "q" : "3.5",
      "p" : "0.36421",
      "s" : "buy",
      "i" : "KDA_USD",
      "m" : "4611686018428915610"
    }, {
      "d" : "1756452115293845362",
      "t" : 1756452115293,
      "tn" : 1756452115293845362,
      "q" : "2.9",
      "p" : "0.36010",
      "s" : "buy",
      "i" : "KDA_USD",
      "m" : "4611686018428915609"
    }, {
      "d" : "1756452114124020804",
      "t" : 1756452114124,
      "tn" : 1756452114124020804,
      "q" : "4.0",
      "p" : "0.36478",
      "s" : "buy",
      "i" : "KDA_USD",
      "m" : "4611686018428915608"
    }, {
      "d" : "1756452111957363211",
      "t" : 1756452111957,
      "tn" : 1756452111957363211,
      "q" : "5.3",
      "p" : "0.36483",
      "s" : "buy",
      "i" : "KDA_USD",
      "m" : "4611686018428915607"
    }, {
      "d" : "1756452110487175574",
      "t" : 1756452110487,
      "tn" : 1756452110487175574,
      "q" : "3.1",
      "p" : "0.36487",
      "s" : "buy",
      "i" : "KDA_USD",
      "m" : "4611686018428915606"
    }, {
      "d" : "1756451839163429009",
      "t" : 1756451839163,
      "tn" : 1756451839163429009,
      "q" : "2.8",
      "p" : "0.36025",
      "s" : "buy",
      "i" : "KDA_USD",
      "m" : "4611686018428915605"
    }, {
      "d" : "1756451834030216583",
      "t" : 1756451834030,
      "tn" : 1756451834030216583,
      "q" : "4.4",
      "p" : "0.36048",
      "s" : "buy",
      "i" : "KDA_USD",
      "m" : "4611686018428915604"
    }, {
      "d" : "1756451833154647145",
      "t" : 1756451833154,
      "tn" : 1756451833154647145,
      "q" : "6.1",
      "p" : "0.36483",
      "s" : "buy",
      "i" : "KDA_USD",
      "m" : "4611686018428915603"
    }, {
      "d" : "1756451832016645029",
      "t" : 1756451832016,
      "tn" : 1756451832016645029,
      "q" : "6.2",
      "p" : "0.36490",
      "s" : "buy",
      "i" : "KDA_USD",
      "m" : "4611686018428915602"
    }, {
      "d" : "1756451830879413012",
      "t" : 1756451830879,
      "tn" : 1756451830879413012,
      "q" : "3.9",
      "p" : "0.36454",
      "s" : "buy",
      "i" : "KDA_USD",
      "m" : "4611686018428915601"
    }, {
      "d" : "1756451665599017150",
      "t" : 1756451665599,
      "tn" : 1756451665599017150,
      "q" : "3.7",
      "p" : "0.36026",
      "s" : "buy",
      "i" : "KDA_USD",
      "m" : "4611686018428915600"
    }, {
      "d" : "1756451663773921095",
      "t" : 1756451663773,
      "tn" : 1756451663773921095,
      "q" : "6.7",
      "p" : "0.36533",
      "s" : "buy",
      "i" : "KDA_USD",
      "m" : "4611686018428915599"
    }, {
      "d" : "1756451662137039500",
      "t" : 1756451662137,
      "tn" : 1756451662137039500,
      "q" : "7.0",
      "p" : "0.36541",
      "s" : "buy",
      "i" : "KDA_USD",
      "m" : "4611686018428915598"
    }, {
      "d" : "1756451660797012694",
      "t" : 1756451660797,
      "tn" : 1756451660797012694,
      "q" : "5.7",
      "p" : "0.36550",
      "s" : "buy",
      "i" : "KDA_USD",
      "m" : "4611686018428915597"
    }, {
      "d" : "1756451417159250872",
      "t" : 1756451417159,
      "tn" : 1756451417159250872,
      "q" : "3.7",
      "p" : "0.36313",
      "s" : "buy",
      "i" : "KDA_USD",
      "m" : "4611686018428915596"
    }, {
      "d" : "1756451416319277317",
      "t" : 1756451416319,
      "tn" : 1756451416319277317,
      "q" : "6.5",
      "p" : "0.36766",
      "s" : "buy",
      "i" : "KDA_USD",
      "m" : "4611686018428915595"
    }, {
      "d" : "1756451415373928746",
      "t" : 1756451415373,
      "tn" : 1756451415373928746,
      "q" : "6.8",
      "p" : "0.36769",
      "s" : "buy",
      "i" : "KDA_USD",
      "m" : "4611686018428915594"
    }, {
      "d" : "1756451414466614447",
      "t" : 1756451414466,
      "tn" : 1756451414466614447,
      "q" : "7.1",
      "p" : "0.36774",
      "s" : "buy",
      "i" : "KDA_USD",
      "m" : "4611686018428915593"
    }, {
      "d" : "1756451412766444644",
      "t" : 1756451412766,
      "tn" : 1756451412766444644,
      "q" : "7.4",
      "p" : "0.36776",
      "s" : "buy",
      "i" : "KDA_USD",
      "m" : "4611686018428915592"
    }, {
      "d" : "1756451411502007802",
      "t" : 1756451411502,
      "tn" : 1756451411502007802,
      "q" : "3.4",
      "p" : "0.36782",
      "s" : "buy",
      "i" : "KDA_USD",
      "m" : "4611686018428915591"
    }, {
      "d" : "1756451348605609807",
      "t" : 1756451348605,
      "tn" : 1756451348605609807,
      "q" : "4.7",
      "p" : "0.36255",
      "s" : "buy",
      "i" : "KDA_USD",
      "m" : "4611686018428915590"
    }, {
      "d" : "1756451347121543485",
      "t" : 1756451347121,
      "tn" : 1756451347121543485,
      "q" : "7.5",
      "p" : "0.36720",
      "s" : "buy",
      "i" : "KDA_USD",
      "m" : "4611686018428915589"
    }, {
      "d" : "1756451346006422538",
      "t" : 1756451346006,
      "tn" : 1756451346006422538,
      "q" : "7.8",
      "p" : "0.36725",
      "s" : "buy",
      "i" : "KDA_USD",
      "m" : "4611686018428915588"
    }, {
      "d" : "1756451344662866889",
      "t" : 1756451344662,
      "tn" : 1756451344662866889,
      "q" : "5.8",
      "p" : "0.36729",
      "s" : "buy",
      "i" : "KDA_USD",
      "m" : "4611686018428915587"
    }, {
      "d" : "1756451278979406105",
      "t" : 1756451278979,
      "tn" : 1756451278979406105,
      "q" : "8.6",
      "p" : "0.36198",
      "s" : "sell",
      "i" : "KDA_USD",
      "m" : "4611686018428915586"
    }, {
      "d" : "1756451221366815590",
      "t" : 1756451221366,
      "tn" : 1756451221366815590,
      "q" : "4.1",
      "p" : "0.36286",
      "s" : "buy",
      "i" : "KDA_USD",
      "m" : "4611686018428915585"
    }, {
      "d" : "1756451205471780784",
      "t" : 1756451205471,
      "tn" : 1756451205471780784,
      "q" : "2449.8",
      "p" : "0.36294",
      "s" : "sell",
      "i" : "KDA_USD",
      "m" : "4611686018428915584"
    }, {
      "d" : "1756451205469733454",
      "t" : 1756451205469,
      "tn" : 1756451205469733454,
      "q" : "753.3",
      "p" : "0.36295",
      "s" : "sell",
      "i" : "KDA_USD",
      "m" : "4611686018428915583"
    }, {
      "d" : "1756451205469631880",
      "t" : 1756451205469,
      "tn" : 1756451205469631880,
      "q" : "1911.1",
      "p" : "0.36307",
      "s" : "sell",
      "i" : "KDA_USD",
      "m" : "4611686018428915582"
    }, {
      "d" : "1756451205469628672",
      "t" : 1756451205469,
      "tn" : 1756451205469628672,
      "q" : "275.4",
      "p" : "0.36308",
      "s" : "sell",
      "i" : "KDA_USD",
      "m" : "4611686018428915581"
    }, {
      "d" : "1756450718247987253",
      "t" : 1756450718247,
      "tn" : 1756450718247987253,
      "q" : "1123.4",
      "p" : "0.36614",
      "s" : "buy",
      "i" : "KDA_USD",
      "m" : "4611686018428915580"
    }, {
      "d" : "1756450718247985222",
      "t" : 1756450718247,
      "tn" : 1756450718247985222,
      "q" : "271.6",
      "p" : "0.36612",
      "s" : "buy",
      "i" : "KDA_USD",
      "m" : "4611686018428915579"
    }, {
      "d" : "1756447826789146271",
      "t" : 1756447826789,
      "tn" : 1756447826789146271,
      "q" : "73.1",
      "p" : "0.36819",
      "s" : "buy",
      "i" : "KDA_USD",
      "m" : "4611686018428915578"
    }, {
      "d" : "1756447821753926620",
      "t" : 1756447821753,
      "tn" : 1756447821753926620,
      "q" : "95.1",
      "p" : "0.36819",
      "s" : "buy",
      "i" : "KDA_USD",
      "m" : "4611686018428915577"
    }, {
      "d" : "1756441953603170053",
      "t" : 1756441953603,
      "tn" : 1756441953603170053,
      "q" : "1115.5",
      "p" : "0.37290",
      "s" : "buy",
      "i" : "KDA_USD",
      "m" : "4611686018428915576"
    }, {
      "d" : "1756441953603167434",
      "t" : 1756441953603,
      "tn" : 1756441953603167434,
      "q" : "331.0",
      "p" : "0.37287",
      "s" : "buy",
      "i" : "KDA_USD",
      "m" : "4611686018428915575"
    }, {
      "d" : "1756428333032129098",
      "t" : 1756428333032,
      "tn" : 1756428333032129098,
      "q" : "269.1",
      "p" : "0.37150",
      "s" : "sell",
      "i" : "KDA_USD",
      "m" : "4611686018428915574"
    }, {
      "d" : "1756427726946205054",
      "t" : 1756427726946,
      "tn" : 1756427726946205054,
      "q" : "345.0",
      "p" : "0.37456",
      "s" : "buy",
      "i" : "KDA_USD",
      "m" : "4611686018428915573"
    }, {
      "d" : "1756427726946202258",
      "t" : 1756427726946,
      "tn" : 1756427726946202258,
      "q" : "305.0",
      "p" : "0.37455",
      "s" : "buy",
      "i" : "KDA_USD",
      "m" : "4611686018428915572"
    }, {
      "d" : "1756422778398348596",
      "t" : 1756422778398,
      "tn" : 1756422778398348596,
      "q" : "1288.0",
      "p" : "0.37370",
      "s" : "sell",
      "i" : "KDA_USD",
      "m" : "4611686018428915571"
    }, {
      "d" : "1756421150034204104",
      "t" : 1756421150034,
      "tn" : 1756421150034204104,
      "q" : "459.1",
      "p" : "0.37359",
      "s" : "sell",
      "i" : "KDA_USD",
      "m" : "4611686018428915570"
    }, {
      "d" : "1756421150034202021",
      "t" : 1756421150034,
      "tn" : 1756421150034202021,
      "q" : "267.6",
      "p" : "0.37361",
      "s" : "sell",
      "i" : "KDA_USD",
      "m" : "4611686018428915569"
    }, {
      "d" : "1756417816378444056",
      "t" : 1756417816378,
      "tn" : 1756417816378444055,
      "q" : "56.1",
      "p" : "0.36990",
      "s" : "sell",
      "i" : "KDA_USD",
      "m" : "4611686018428915568"
    }, {
      "d" : "1756417816378444055",
      "t" : 1756417816378,
      "tn" : 1756417816378444055,
      "q" : "686.1",
      "p" : "0.36990",
      "s" : "sell",
      "i" : "KDA_USD",
      "m" : "4611686018428915568"
    }, {
      "d" : "1756411207106251899",
      "t" : 1756411207106,
      "tn" : 1756411207106251899,
      "q" : "38.4",
      "p" : "0.36333",
      "s" : "sell",
      "i" : "KDA_USD",
      "m" : "4611686018428915567"
    }, {
      "d" : "1756405601973264015",
      "t" : 1756405601973,
      "tn" : 1756405601973264015,
      "q" : "79.8",
      "p" : "0.36875",
      "s" : "sell",
      "i" : "KDA_USD",
      "m" : "4611686018428915566"
    }, {
      "d" : "1756400425052214694",
      "t" : 1756400425052,
      "tn" : 1756400425052214694,
      "q" : "2.8",
      "p" : "0.36548",
      "s" : "sell",
      "i" : "KDA_USD",
      "m" : "4611686018428915565"
    }, {
      "d" : "1756400408034538811",
      "t" : 1756400408034,
      "tn" : 1756400408034538811,
      "q" : "2.9",
      "p" : "0.36569",
      "s" : "buy",
      "i" : "KDA_USD",
      "m" : "4611686018428915564"
    }, {
      "d" : "1756400406282188411",
      "t" : 1756400406282,
      "tn" : 1756400406282188411,
      "q" : "5.5",
      "p" : "0.36572",
      "s" : "buy",
      "i" : "KDA_USD",
      "m" : "4611686018428915563"
    }, {
      "d" : "1756400405192691895",
      "t" : 1756400405192,
      "tn" : 1756400405192691895,
      "q" : "5.8",
      "p" : "0.36806",
      "s" : "buy",
      "i" : "KDA_USD",
      "m" : "4611686018428915562"
    }, {
      "d" : "1756400403396969666",
      "t" : 1756400403396,
      "tn" : 1756400403396969666,
      "q" : "4.3",
      "p" : "0.36818",
      "s" : "buy",
      "i" : "KDA_USD",
      "m" : "4611686018428915561"
    }, {
      "d" : "1756400381077114918",
      "t" : 1756400381077,
      "tn" : 1756400381077114918,
      "q" : "2.9",
      "p" : "0.36545",
      "s" : "sell",
      "i" : "KDA_USD",
      "m" : "4611686018428915560"
    }, {
      "d" : "1756400372803570805",
      "t" : 1756400372803,
      "tn" : 1756400372803570805,
      "q" : "3.2",
      "p" : "0.36688",
      "s" : "buy",
      "i" : "KDA_USD",
      "m" : "4611686018428915559"
    }, {
      "d" : "1756400371733254147",
      "t" : 1756400371733,
      "tn" : 1756400371733254147,
      "q" : "5.8",
      "p" : "0.36922",
      "s" : "buy",
      "i" : "KDA_USD",
      "m" : "4611686018428915558"
    }, {
      "d" : "1756400370760370087",
      "t" : 1756400370760,
      "tn" : 1756400370760370087,
      "q" : "5.8",
      "p" : "0.36921",
      "s" : "buy",
      "i" : "KDA_USD",
      "m" : "4611686018428915557"
    }, {
      "d" : "1756400367884337579",
      "t" : 1756400367884,
      "tn" : 1756400367884337579,
      "q" : "6.5",
      "p" : "0.36927",
      "s" : "buy",
      "i" : "KDA_USD",
      "m" : "4611686018428915556"
    }, {
      "d" : "1756400366774389375",
      "t" : 1756400366774,
      "tn" : 1756400366774389375,
      "q" : "6.6",
      "p" : "0.36723",
      "s" : "buy",
      "i" : "KDA_USD",
      "m" : "4611686018428915555"
    }, {
      "d" : "1756400364926648158",
      "t" : 1756400364926,
      "tn" : 1756400364926648158,
      "q" : "6.2",
      "p" : "0.36976",
      "s" : "buy",
      "i" : "KDA_USD",
      "m" : "4611686018428915554"
    }, {
      "d" : "1756400363348984635",
      "t" : 1756400363348,
      "tn" : 1756400363348984635,
      "q" : "2.8",
      "p" : "0.36355",
      "s" : "sell",
      "i" : "KDA_USD",
      "m" : "4611686018428915553"
    }, {
      "d" : "1756400362086724914",
      "t" : 1756400362086,
      "tn" : 1756400362086724914,
      "q" : "6.3",
      "p" : "0.36958",
      "s" : "buy",
      "i" : "KDA_USD",
      "m" : "4611686018428915552"
    }, {
      "d" : "1756400360989930098",
      "t" : 1756400360989,
      "tn" : 1756400360989930098,
      "q" : "3.1",
      "p" : "0.36343",
      "s" : "sell",
      "i" : "KDA_USD",
      "m" : "4611686018428915551"
    }, {
      "d" : "1756400357814749625",
      "t" : 1756400357814,
      "tn" : 1756400357814749625,
      "q" : "4.9",
      "p" : "0.36928",
      "s" : "buy",
      "i" : "KDA_USD",
      "m" : "4611686018428915550"
    }, {
      "d" : "1756399717296794890",
      "t" : 1756399717296,
      "tn" : 1756399717296794890,
      "q" : "2188.5",
      "p" : "0.37063",
      "s" : "sell",
      "i" : "KDA_USD",
      "m" : "4611686018428915549"
    }, {
      "d" : "1756399717296793144",
      "t" : 1756399717296,
      "tn" : 1756399717296793144,
      "q" : "269.8",
      "p" : "0.37064",
      "s" : "sell",
      "i" : "KDA_USD",
      "m" : "4611686018428915548"
    }, {
      "d" : "1756399717296790333",
      "t" : 1756399717296,
      "tn" : 1756399717296790333,
      "q" : "37.7",
      "p" : "0.37065",
      "s" : "sell",
      "i" : "KDA_USD",
      "m" : "4611686018428915547"
    }, {
      "d" : "1756395869637122591",
      "t" : 1756395869637,
      "tn" : 1756395869637122591,
      "q" : "1103.0",
      "p" : "0.37218",
      "s" : "buy",
      "i" : "KDA_USD",
      "m" : "4611686018428915546"
    }, {
      "d" : "1756395355508982165",
      "t" : 1756395355508,
      "tn" : 1756395355508982165,
      "q" : "2975.4",
      "p" : "0.37390",
      "s" : "sell",
      "i" : "KDA_USD",
      "m" : "4611686018428915545"
    }, {
      "d" : "1756395355501595913",
      "t" : 1756395355501,
      "tn" : 1756395355501595913,
      "q" : "36.4",
      "p" : "0.37390",
      "s" : "buy",
      "i" : "KDA_USD",
      "m" : "4611686018428915544"
    }, {
      "d" : "1756393840684267469",
      "t" : 1756393840684,
      "tn" : 1756393840684267469,
      "q" : "12.2",
      "p" : "0.37508",
      "s" : "buy",
      "i" : "KDA_USD",
      "m" : "4611686018428915543"
    }, {
      "d" : "1756393829209164869",
      "t" : 1756393829209,
      "tn" : 1756393829209164869,
      "q" : "16.3",
      "p" : "0.37495",
      "s" : "buy",
      "i" : "KDA_USD",
      "m" : "4611686018428915542"
    }, {
      "d" : "1756393802593727731",
      "t" : 1756393802593,
      "tn" : 1756393802593727731,
      "q" : "232.2",
      "p" : "0.37505",
      "s" : "buy",
      "i" : "KDA_USD",
      "m" : "4611686018428915541"
    }, {
      "d" : "1756393802593725300",
      "t" : 1756393802593,
      "tn" : 1756393802593725300,
      "q" : "267.8",
      "p" : "0.37502",
      "s" : "buy",
      "i" : "KDA_USD",
      "m" : "4611686018428915540"
    }, {
      "d" : "1756392819644987348",
      "t" : 1756392819644,
      "tn" : 1756392819644987348,
      "q" : "1908.4",
      "p" : "0.37338",
      "s" : "sell",
      "i" : "KDA_USD",
      "m" : "4611686018428915539"
    }, {
      "d" : "1756392819644985596",
      "t" : 1756392819644,
      "tn" : 1756392819644985596,
      "q" : "267.8",
      "p" : "0.37339",
      "s" : "sell",
      "i" : "KDA_USD",
      "m" : "4611686018428915538"
    }, {
      "d" : "1756390490426349359",
      "t" : 1756390490426,
      "tn" : 1756390490426349359,
      "q" : "2038.1",
      "p" : "0.37283",
      "s" : "buy",
      "i" : "KDA_USD",
      "m" : "4611686018428915537"
    }, {
      "d" : "1756390490426346968",
      "t" : 1756390490426,
      "tn" : 1756390490426346968,
      "q" : "1911.1",
      "p" : "0.37273",
      "s" : "buy",
      "i" : "KDA_USD",
      "m" : "4611686018428915536"
    }, {
      "d" : "1756390490426344703",
      "t" : 1756390490426,
      "tn" : 1756390490426344703,
      "q" : "23.6",
      "p" : "0.37268",
      "s" : "buy",
      "i" : "KDA_USD",
      "m" : "4611686018428915535"
    }, {
      "d" : "1756390490426319671",
      "t" : 1756390490426,
      "tn" : 1756390490426319671,
      "q" : "247.5",
      "p" : "0.37268",
      "s" : "buy",
      "i" : "KDA_USD",
      "m" : "4611686018428915534"
    }, {
      "d" : "1756389501213444906",
      "t" : 1756389501213,
      "tn" : 1756389501213444906,
      "q" : "8201.4",
      "p" : "0.36800",
      "s" : "buy",
      "i" : "KDA_USD",
      "m" : "4611686018428915533"
    }, {
      "d" : "1756389501213184430",
      "t" : 1756389501213,
      "tn" : 1756389501213184430,
      "q" : "6812.8",
      "p" : "0.36800",
      "s" : "buy",
      "i" : "KDA_USD",
      "m" : "4611686018428915532"
    }, {
      "d" : "1756389501212878355",
      "t" : 1756389501212,
      "tn" : 1756389501212878355,
      "q" : "244.6",
      "p" : "0.36800",
      "s" : "buy",
      "i" : "KDA_USD",
      "m" : "4611686018428915531"
    }, {
      "d" : "1756389501205894638",
      "t" : 1756389501205,
      "tn" : 1756389501205894638,
      "q" : "2449.8",
      "p" : "0.36800",
      "s" : "sell",
      "i" : "KDA_USD",
      "m" : "4611686018428915530"
    }, {
      "d" : "1756389501205892041",
      "t" : 1756389501205,
      "tn" : 1756389501205892041,
      "q" : "2223.5",
      "p" : "0.36823",
      "s" : "sell",
      "i" : "KDA_USD",
      "m" : "4611686018428915529"
    }, {
      "d" : "1756389501205889637",
      "t" : 1756389501205,
      "tn" : 1756389501205889637,
      "q" : "1853.5",
      "p" : "0.36846",
      "s" : "sell",
      "i" : "KDA_USD",
      "m" : "4611686018428915528"
    }, {
      "d" : "1756389501205887524",
      "t" : 1756389501205,
      "tn" : 1756389501205887524,
      "q" : "556.1",
      "p" : "0.36847",
      "s" : "sell",
      "i" : "KDA_USD",
      "m" : "4611686018428915527"
    }, {
      "d" : "1756389501205884958",
      "t" : 1756389501205,
      "tn" : 1756389501205884958,
      "q" : "1911.1",
      "p" : "0.36869",
      "s" : "sell",
      "i" : "KDA_USD",
      "m" : "4611686018428915526"
    }, {
      "d" : "1756389501205881991",
      "t" : 1756389501205,
      "tn" : 1756389501205881991,
      "q" : "2803.9",
      "p" : "0.36870",
      "s" : "sell",
      "i" : "KDA_USD",
      "m" : "4611686018428915525"
    }, {
      "d" : "1756389501205878507",
      "t" : 1756389501205,
      "tn" : 1756389501205878507,
      "q" : "271.1",
      "p" : "0.36874",
      "s" : "sell",
      "i" : "KDA_USD",
      "m" : "4611686018428915524"
    }, {
      "d" : "1756387831386720117",
      "t" : 1756387831386,
      "tn" : 1756387831386720117,
      "q" : "1506.4",
      "p" : "0.36974",
      "s" : "buy",
      "i" : "KDA_USD",
      "m" : "4611686018428915523"
    }, {
      "d" : "1756387831386717365",
      "t" : 1756387831386,
      "tn" : 1756387831386717365,
      "q" : "270.7",
      "p" : "0.36973",
      "s" : "buy",
      "i" : "KDA_USD",
      "m" : "4611686018428915522"
    }, {
      "d" : "1756386518102359844",
      "t" : 1756386518102,
      "tn" : 1756386518102359844,
      "q" : "270.6",
      "p" : "0.36946",
      "s" : "sell",
      "i" : "KDA_USD",
      "m" : "4611686018428915521"
    }, {
      "d" : "1756384603026926543",
      "t" : 1756384603026,
      "tn" : 1756384603026926543,
      "q" : "498.0",
      "p" : "0.37051",
      "s" : "buy",
      "i" : "KDA_USD",
      "m" : "4611686018428915520"
    }, {
      "d" : "1756384291894315918",
      "t" : 1756384291894,
      "tn" : 1756384291894315918,
      "q" : "37.8",
      "p" : "0.36890",
      "s" : "buy",
      "i" : "KDA_USD",
      "m" : "4611686018428915519"
    }, {
      "d" : "1756382566758765688",
      "t" : 1756382566758,
      "tn" : 1756382566758765688,
      "q" : "68.5",
      "p" : "0.36895",
      "s" : "buy",
      "i" : "KDA_USD",
      "m" : "4611686018428915518"
    }, {
      "d" : "1756382566758763608",
      "t" : 1756382566758,
      "tn" : 1756382566758763608,
      "q" : "278.1",
      "p" : "0.36893",
      "s" : "buy",
      "i" : "KDA_USD",
      "m" : "4611686018428915517"
    } ]
  }
}