{
  "id" : -1,
  "method" : "public/get-trades",
  "code" : 0,
  "result" : {
    "data" : [ {
      "d" : "1756461235251129233",
      "t" : 1756461235251,
      "tn" : 1756461235251129233,
      "q" : "7",
      "p" : "0.18387",
      "s" : "sell",
      "i" : "KERNEL_USD",
      "m" : "4611686018428193486"
    }, {
      "d" : "1756461233752258075",
      "t" : 1756461233752,
      "tn" : 1756461233752258075,
      "q" : "7",
      "p" : "0.18382",
      "s" : "sell",
      "i" : "KERNEL_USD",
      "m" : "4611686018428193485"
    }, {
      "d" : "1756461233444239892",
      "t" : 1756461233444,
      "tn" : 1756461233444239892,
      "q" : "7",
      "p" : "0.18387",
      "s" : "sell",
      "i" : "KERNEL_USD",
      "m" : "4611686018428193484"
    }, {
      "d" : "1756461232541807831",
      "t" : 1756461232541,
      "tn" : 1756461232541807831,
      "q" : "7",
      "p" : "0.18387",
      "s" : "sell",
      "i" : "KERNEL_USD",
      "m" : "4611686018428193483"
    }, {
      "d" : "1756461231041166662",
      "t" : 1756461231041,
      "tn" : 1756461231041166662,
      "q" : "7",
      "p" : "0.18382",
      "s" : "sell",
      "i" : "KERNEL_USD",
      "m" : "4611686018428193482"
    }, {
      "d" : "1756461230745321317",
      "t" : 1756461230745,
      "tn" : 1756461230745321317,
      "q" : "7",
      "p" : "0.18387",
      "s" : "sell",
      "i" : "KERNEL_USD",
      "m" : "4611686018428193481"
    }, {
      "d" : "1756461230135996072",
      "t" : 1756461230135,
      "tn" : 1756461230135996072,
      "q" : "7",
      "p" : "0.18387",
      "s" : "sell",
      "i" : "KERNEL_USD",
      "m" : "4611686018428193480"
    }, {
      "d" : "1756461229532702255",
      "t" : 1756461229532,
      "tn" : 1756461229532702255,
      "q" : "7",
      "p" : "0.18387",
      "s" : "sell",
      "i" : "KERNEL_USD",
      "m" : "4611686018428193479"
    }, {
      "d" : "1756461228932689928",
      "t" : 1756461228932,
      "tn" : 1756461228932689928,
      "q" : "7",
      "p" : "0.18387",
      "s" : "sell",
      "i" : "KERNEL_USD",
      "m" : "4611686018428193478"
    }, {
      "d" : "1756461227428816876",
      "t" : 1756461227428,
      "tn" : 1756461227428816876,
      "q" : "7",
      "p" : "0.18387",
      "s" : "sell",
      "i" : "KERNEL_USD",
      "m" : "4611686018428193477"
    }, {
      "d" : "1756461226825705567",
      "t" : 1756461226825,
      "tn" : 1756461226825705567,
      "q" : "7",
      "p" : "0.18382",
      "s" : "sell",
      "i" : "KERNEL_USD",
      "m" : "4611686018428193476"
    }, {
      "d" : "1756461224729744715",
      "t" : 1756461224729,
      "tn" : 1756461224729744715,
      "q" : "7",
      "p" : "0.18387",
      "s" : "sell",
      "i" : "KERNEL_USD",
      "m" : "4611686018428193475"
    }, {
      "d" : "1756461223821579305",
      "t" : 1756461223821,
      "tn" : 1756461223821579305,
      "q" : "7",
      "p" : "0.18382",
      "s" : "sell",
      "i" : "KERNEL_USD",
      "m" : "4611686018428193474"
    }, {
      "d" : "1756461222617868954",
      "t" : 1756461222617,
      "tn" : 1756461222617868954,
      "q" : "7",
      "p" : "0.18382",
      "s" : "sell",
      "i" : "KERNEL_USD",
      "m" : "4611686018428193473"
    }, {
      "d" : "1756461221712274283",
      "t" : 1756461221712,
      "tn" : 1756461221712274283,
      "q" : "7",
      "p" : "0.18382",
      "s" : "sell",
      "i" : "KERNEL_USD",
      "m" : "4611686018428193472"
    }, {
      "d" : "1756461217499464456",
      "t" : 1756461217499,
      "tn" : 1756461217499464456,
      "q" : "7",
      "p" : "0.18382",
      "s" : "sell",
      "i" : "KERNEL_USD",
      "m" : "4611686018428193471"
    }, {
      "d" : "1756461215393851447",
      "t" : 1756461215393,
      "tn" : 1756461215393851447,
      "q" : "7",
      "p" : "0.18382",
      "s" : "sell",
      "i" : "KERNEL_USD",
      "m" : "4611686018428193470"
    }, {
      "d" : "1756461212689138674",
      "t" : 1756461212689,
      "tn" : 1756461212689138674,
      "q" : "7",
      "p" : "0.18382",
      "s" : "sell",
      "i" : "KERNEL_USD",
      "m" : "4611686018428193469"
    }, {
      "d" : "1756461212088227375",
      "t" : 1756461212088,
      "tn" : 1756461212088227375,
      "q" : "7",
      "p" : "0.18382",
      "s" : "sell",
      "i" : "KERNEL_USD",
      "m" : "4611686018428193468"
    }, {
      "d" : "1756461210582626703",
      "t" : 1756461210582,
      "tn" : 1756461210582626703,
      "q" : "7",
      "p" : "0.18382",
      "s" : "sell",
      "i" : "KERNEL_USD",
      "m" : "4611686018428193467"
    }, {
      "d" : "1756461208773999734",
      "t" : 1756461208773,
      "tn" : 1756461208773999734,
      "q" : "7",
      "p" : "0.18382",
      "s" : "sell",
      "i" : "KERNEL_USD",
      "m" : "4611686018428193466"
    }, {
      "d" : "1756461207569850082",
      "t" : 1756461207569,
      "tn" : 1756461207569850082,
      "q" : "7",
      "p" : "0.18382",
      "s" : "sell",
      "i" : "KERNEL_USD",
      "m" : "4611686018428193465"
    }, {
      "d" : "1756461206975334789",
      "t" : 1756461206975,
      "tn" : 1756461206975334789,
      "q" : "7",
      "p" : "0.18382",
      "s" : "sell",
      "i" : "KERNEL_USD",
      "m" : "4611686018428193464"
    }, {
      "d" : "1756461206627811515",
      "t" : 1756461206627,
      "tn" : 1756461206627811515,
      "q" : "7",
      "p" : "0.18382",
      "s" : "sell",
      "i" : "KERNEL_USD",
      "m" : "4611686018428193463"
    }, {
      "d" : "1756461205763372728",
      "t" : 1756461205763,
      "tn" : 1756461205763372728,
      "q" : "7",
      "p" : "0.18382",
      "s" : "sell",
      "i" : "KERNEL_USD",
      "m" : "4611686018428193462"
    }, {
      "d" : "1756461202453639858",
      "t" : 1756461202453,
      "tn" : 1756461202453639858,
      "q" : "7",
      "p" : "0.18382",
      "s" : "sell",
      "i" : "KERNEL_USD",
      "m" : "4611686018428193461"
    }, {
      "d" : "1756461201850150784",
      "t" : 1756461201850,
      "tn" : 1756461201850150784,
      "q" : "7",
      "p" : "0.18382",
      "s" : "sell",
      "i" : "KERNEL_USD",
      "m" : "4611686018428193460"
    }, {
      "d" : "1756461200345324134",
      "t" : 1756461200345,
      "tn" : 1756461200345324134,
      "q" : "7",
      "p" : "0.18382",
      "s" : "sell",
      "i" : "KERNEL_USD",
      "m" : "4611686018428193459"
    }, {
      "d" : "1756461199723913033",
      "t" : 1756461199723,
      "tn" : 1756461199723913033,
      "q" : "7",
      "p" : "0.18382",
      "s" : "sell",
      "i" : "KERNEL_USD",
      "m" : "4611686018428193458"
    }, {
      "d" : "1756461198261215249",
      "t" : 1756461198261,
      "tn" : 1756461198261215249,
      "q" : "7",
      "p" : "0.18382",
      "s" : "sell",
      "i" : "KERNEL_USD",
      "m" : "4611686018428193457"
    }, {
      "d" : "1756461197642075488",
      "t" : 1756461197642,
      "tn" : 1756461197642075488,
      "q" : "7",
      "p" : "0.18382",
      "s" : "sell",
      "i" : "KERNEL_USD",
      "m" : "4611686018428193456"
    }, {
      "d" : "1756461196735378943",
      "t" : 1756461196735,
      "tn" : 1756461196735378943,
      "q" : "7",
      "p" : "0.18382",
      "s" : "sell",
      "i" : "KERNEL_USD",
      "m" : "4611686018428193455"
    }, {
      "d" : "1756461195832322788",
      "t" : 1756461195832,
      "tn" : 1756461195832322788,
      "q" : "7",
      "p" : "0.18382",
      "s" : "sell",
      "i" : "KERNEL_USD",
      "m" : "4611686018428193454"
    }, {
      "d" : "1756461195531204025",
      "t" : 1756461195531,
      "tn" : 1756461195531204025,
      "q" : "7",
      "p" : "0.18382",
      "s" : "sell",
      "i" : "KERNEL_USD",
      "m" : "4611686018428193453"
    }, {
      "d" : "1756461195231068967",
      "t" : 1756461195231,
      "tn" : 1756461195231068967,
      "q" : "7",
      "p" : "0.18382",
      "s" : "sell",
      "i" : "KERNEL_USD",
      "m" : "4611686018428193452"
    }, {
      "d" : "1756461148681947670",
      "t" : 1756461148681,
      "tn" : 1756461148681947670,
      "q" : "7",
      "p" : "0.18358",
      "s" : "buy",
      "i" : "KERNEL_USD",
      "m" : "4611686018428193451"
    }, {
      "d" : "1756461122878161282",
      "t" : 1756461122878,
      "tn" : 1756461122878161282,
      "q" : "7",
      "p" : "0.18357",
      "s" : "sell",
      "i" : "KERNEL_USD",
      "m" : "4611686018428193450"
    }, {
      "d" : "1756461111527578785",
      "t" : 1756461111527,
      "tn" : 1756461111527578785,
      "q" : "7",
      "p" : "0.18367",
      "s" : "sell",
      "i" : "KERNEL_USD",
      "m" : "4611686018428193449"
    }, {
      "d" : "1756461041687015823",
      "t" : 1756461041687,
      "tn" : 1756461041687015823,
      "q" : "7",
      "p" : "0.18372",
      "s" : "sell",
      "i" : "KERNEL_USD",
      "m" : "4611686018428193448"
    }, {
      "d" : "1756461041587642085",
      "t" : 1756461041587,
      "tn" : 1756461041587642085,
      "q" : "7",
      "p" : "0.18382",
      "s" : "sell",
      "i" : "KERNEL_USD",
      "m" : "4611686018428193447"
    }, {
      "d" : "1756461036639029990",
      "t" : 1756461036639,
      "tn" : 1756461036639029990,
      "q" : "7",
      "p" : "0.18392",
      "s" : "sell",
      "i" : "KERNEL_USD",
      "m" : "4611686018428193446"
    }, {
      "d" : "1756461036602048547",
      "t" : 1756461036602,
      "tn" : 1756461036602048547,
      "q" : "7",
      "p" : "0.18392",
      "s" : "sell",
      "i" : "KERNEL_USD",
      "m" : "4611686018428193445"
    }, {
      "d" : "1756461032625395516",
      "t" : 1756461032625,
      "tn" : 1756461032625395516,
      "q" : "7",
      "p" : "0.18397",
      "s" : "sell",
      "i" : "KERNEL_USD",
      "m" : "4611686018428193444"
    }, {
      "d" : "1756461028845130255",
      "t" : 1756461028845,
      "tn" : 1756461028845130255,
      "q" : "7",
      "p" : "0.18397",
      "s" : "sell",
      "i" : "KERNEL_USD",
      "m" : "4611686018428193443"
    }, {
      "d" : "1756461027622394472",
      "t" : 1756461027622,
      "tn" : 1756461027622394472,
      "q" : "7",
      "p" : "0.18397",
      "s" : "sell",
      "i" : "KERNEL_USD",
      "m" : "4611686018428193442"
    }, {
      "d" : "1756461027434938147",
      "t" : 1756461027434,
      "tn" : 1756461027434938147,
      "q" : "7",
      "p" : "0.18397",
      "s" : "sell",
      "i" : "KERNEL_USD",
      "m" : "4611686018428193441"
    }, {
      "d" : "1756461026739948568",
      "t" : 1756461026739,
      "tn" : 1756461026739948568,
      "q" : "7",
      "p" : "0.18397",
      "s" : "sell",
      "i" : "KERNEL_USD",
      "m" : "4611686018428193440"
    }, {
      "d" : "1756461026425920779",
      "t" : 1756461026425,
      "tn" : 1756461026425920779,
      "q" : "7",
      "p" : "0.18397",
      "s" : "sell",
      "i" : "KERNEL_USD",
      "m" : "4611686018428193439"
    }, {
      "d" : "1756461019089252705",
      "t" : 1756461019089,
      "tn" : 1756461019089252705,
      "q" : "7",
      "p" : "0.18402",
      "s" : "sell",
      "i" : "KERNEL_USD",
      "m" : "4611686018428193438"
    }, {
      "d" : "1756461017896213820",
      "t" : 1756461017896,
      "tn" : 1756461017896213820,
      "q" : "7",
      "p" : "0.18402",
      "s" : "sell",
      "i" : "KERNEL_USD",
      "m" : "4611686018428193437"
    }, {
      "d" : "1756460988498215274",
      "t" : 1756460988498,
      "tn" : 1756460988498215274,
      "q" : "7",
      "p" : "0.18407",
      "s" : "sell",
      "i" : "KERNEL_USD",
      "m" : "4611686018428193436"
    }, {
      "d" : "1756460988478448666",
      "t" : 1756460988478,
      "tn" : 1756460988478448666,
      "q" : "7",
      "p" : "0.18412",
      "s" : "sell",
      "i" : "KERNEL_USD",
      "m" : "4611686018428193435"
    }, {
      "d" : "1756460988463501972",
      "t" : 1756460988463,
      "tn" : 1756460988463501972,
      "q" : "7",
      "p" : "0.18412",
      "s" : "sell",
      "i" : "KERNEL_USD",
      "m" : "4611686018428193434"
    }, {
      "d" : "1756460781077955371",
      "t" : 1756460781077,
      "tn" : 1756460781077955371,
      "q" : "55",
      "p" : "0.18395",
      "s" : "buy",
      "i" : "KERNEL_USD",
      "m" : "4611686018428193433"
    }, {
      "d" : "1756460779686279952",
      "t" : 1756460779686,
      "tn" : 1756460779686279952,
      "q" : "100",
      "p" : "0.18395",
      "s" : "buy",
      "i" : "KERNEL_USD",
      "m" : "4611686018428193432"
    }, {
      "d" : "1756460778084052837",
      "t" : 1756460778084,
      "tn" : 1756460778084052837,
      "q" : "20",
      "p" : "0.18395",
      "s" : "buy",
      "i" : "KERNEL_USD",
      "m" : "4611686018428193431"
    }, {
      "d" : "1756460563467662195",
      "t" : 1756460563467,
      "tn" : 1756460563467662195,
      "q" : "7",
      "p" : "0.18347",
      "s" : "sell",
      "i" : "KERNEL_USD",
      "m" : "4611686018428193430"
    }, {
      "d" : "1756460487374099578",
      "t" : 1756460487374,
      "tn" : 1756460487374099578,
      "q" : "7",
      "p" : "0.18357",
      "s" : "sell",
      "i" : "KERNEL_USD",
      "m" : "4611686018428193429"
    }, {
      "d" : "1756460311878736928",
      "t" : 1756460311878,
      "tn" : 1756460311878736928,
      "q" : "7",
      "p" : "0.18322",
      "s" : "sell",
      "i" : "KERNEL_USD",
      "m" : "4611686018428193428"
    }, {
      "d" : "1756460202948151876",
      "t" : 1756460202948,
      "tn" : 1756460202948151876,
      "q" : "7",
      "p" : "0.18333",
      "s" : "buy",
      "i" : "KERNEL_USD",
      "m" : "4611686018428193427"
    }, {
      "d" : "1756459651009958298",
      "t" : 1756459651009,
      "tn" : 1756459651009958298,
      "q" : "7",
      "p" : "0.18347",
      "s" : "sell",
      "i" : "KERNEL_USD",
      "m" : "4611686018428193426"
    }, {
      "d" : "1756459648500575945",
      "t" : 1756459648500,
      "tn" : 1756459648500575945,
      "q" : "7",
      "p" : "0.18357",
      "s" : "sell",
      "i" : "KERNEL_USD",
      "m" : "4611686018428193425"
    }, {
      "d" : "1756459639695210729",
      "t" : 1756459639695,
      "tn" : 1756459639695210729,
      "q" : "7",
      "p" : "0.18357",
      "s" : "sell",
      "i" : "KERNEL_USD",
      "m" : "4611686018428193424"
    }, {
      "d" : "1756459638734796151",
      "t" : 1756459638734,
      "tn" : 1756459638734796151,
      "q" : "7",
      "p" : "0.18357",
      "s" : "sell",
      "i" : "KERNEL_USD",
      "m" : "4611686018428193423"
    }, {
      "d" : "1756459638660937289",
      "t" : 1756459638660,
      "tn" : 1756459638660937289,
      "q" : "7",
      "p" : "0.18357",
      "s" : "sell",
      "i" : "KERNEL_USD",
      "m" : "4611686018428193422"
    }, {
      "d" : "1756459638322037977",
      "t" : 1756459638322,
      "tn" : 1756459638322037977,
      "q" : "7",
      "p" : "0.18357",
      "s" : "sell",
      "i" : "KERNEL_USD",
      "m" : "4611686018428193421"
    }, {
      "d" : "1756459629835837192",
      "t" : 1756459629835,
      "tn" : 1756459629835837192,
      "q" : "7",
      "p" : "0.18342",
      "s" : "sell",
      "i" : "KERNEL_USD",
      "m" : "4611686018428193420"
    }, {
      "d" : "1756459625873724704",
      "t" : 1756459625873,
      "tn" : 1756459625873724704,
      "q" : "7",
      "p" : "0.18337",
      "s" : "sell",
      "i" : "KERNEL_USD",
      "m" : "4611686018428193419"
    }, {
      "d" : "1756459625082723759",
      "t" : 1756459625082,
      "tn" : 1756459625082723759,
      "q" : "7",
      "p" : "0.18337",
      "s" : "sell",
      "i" : "KERNEL_USD",
      "m" : "4611686018428193418"
    }, {
      "d" : "1756459624494037423",
      "t" : 1756459624494,
      "tn" : 1756459624494037423,
      "q" : "7",
      "p" : "0.18337",
      "s" : "sell",
      "i" : "KERNEL_USD",
      "m" : "4611686018428193417"
    }, {
      "d" : "1756459624486517705",
      "t" : 1756459624486,
      "tn" : 1756459624486517705,
      "q" : "7",
      "p" : "0.18337",
      "s" : "sell",
      "i" : "KERNEL_USD",
      "m" : "4611686018428193416"
    }, {
      "d" : "1756459624419665132",
      "t" : 1756459624419,
      "tn" : 1756459624419665132,
      "q" : "7",
      "p" : "0.18342",
      "s" : "sell",
      "i" : "KERNEL_USD",
      "m" : "4611686018428193415"
    }, {
      "d" : "1756459618995767972",
      "t" : 1756459618995,
      "tn" : 1756459618995767972,
      "q" : "7",
      "p" : "0.18352",
      "s" : "sell",
      "i" : "KERNEL_USD",
      "m" : "4611686018428193414"
    }, {
      "d" : "1756459617993404701",
      "t" : 1756459617993,
      "tn" : 1756459617993404701,
      "q" : "7",
      "p" : "0.18352",
      "s" : "sell",
      "i" : "KERNEL_USD",
      "m" : "4611686018428193413"
    }, {
      "d" : "1756459617747779491",
      "t" : 1756459617747,
      "tn" : 1756459617747779491,
      "q" : "7",
      "p" : "0.18357",
      "s" : "sell",
      "i" : "KERNEL_USD",
      "m" : "4611686018428193412"
    }, {
      "d" : "1756459616366363009",
      "t" : 1756459616366,
      "tn" : 1756459616366363009,
      "q" : "7",
      "p" : "0.18347",
      "s" : "sell",
      "i" : "KERNEL_USD",
      "m" : "4611686018428193411"
    }, {
      "d" : "1756459615205926505",
      "t" : 1756459615205,
      "tn" : 1756459615205926505,
      "q" : "7",
      "p" : "0.18347",
      "s" : "sell",
      "i" : "KERNEL_USD",
      "m" : "4611686018428193410"
    }, {
      "d" : "1756459613429993494",
      "t" : 1756459613429,
      "tn" : 1756459613429993494,
      "q" : "7",
      "p" : "0.18347",
      "s" : "sell",
      "i" : "KERNEL_USD",
      "m" : "4611686018428193409"
    }, {
      "d" : "1756459611116219130",
      "t" : 1756459611116,
      "tn" : 1756459611116219130,
      "q" : "7",
      "p" : "0.18347",
      "s" : "sell",
      "i" : "KERNEL_USD",
      "m" : "4611686018428193408"
    }, {
      "d" : "1756459609189117385",
      "t" : 1756459609189,
      "tn" : 1756459609189117385,
      "q" : "7",
      "p" : "0.18337",
      "s" : "sell",
      "i" : "KERNEL_USD",
      "m" : "4611686018428193407"
    }, {
      "d" : "1756459607953122844",
      "t" : 1756459607953,
      "tn" : 1756459607953122844,
      "q" : "7",
      "p" : "0.18332",
      "s" : "sell",
      "i" : "KERNEL_USD",
      "m" : "4611686018428193406"
    }, {
      "d" : "1756459607950723340",
      "t" : 1756459607950,
      "tn" : 1756459607950723340,
      "q" : "7",
      "p" : "0.18337",
      "s" : "sell",
      "i" : "KERNEL_USD",
      "m" : "4611686018428193405"
    }, {
      "d" : "1756459603266610799",
      "t" : 1756459603266,
      "tn" : 1756459603266610799,
      "q" : "7",
      "p" : "0.18327",
      "s" : "sell",
      "i" : "KERNEL_USD",
      "m" : "4611686018428193404"
    }, {
      "d" : "1756459603171850688",
      "t" : 1756459603171,
      "tn" : 1756459603171850688,
      "q" : "7",
      "p" : "0.18332",
      "s" : "sell",
      "i" : "KERNEL_USD",
      "m" : "4611686018428193403"
    }, {
      "d" : "1756459602529342989",
      "t" : 1756459602529,
      "tn" : 1756459602529342989,
      "q" : "7",
      "p" : "0.18347",
      "s" : "sell",
      "i" : "KERNEL_USD",
      "m" : "4611686018428193402"
    }, {
      "d" : "1756459582804094432",
      "t" : 1756459582804,
      "tn" : 1756459582804094432,
      "q" : "7",
      "p" : "0.18357",
      "s" : "sell",
      "i" : "KERNEL_USD",
      "m" : "4611686018428193401"
    }, {
      "d" : "1756459487780299327",
      "t" : 1756459487780,
      "tn" : 1756459487780299327,
      "q" : "7",
      "p" : "0.18277",
      "s" : "sell",
      "i" : "KERNEL_USD",
      "m" : "4611686018428193400"
    }, {
      "d" : "1756459487778338874",
      "t" : 1756459487778,
      "tn" : 1756459487778338874,
      "q" : "7",
      "p" : "0.18277",
      "s" : "sell",
      "i" : "KERNEL_USD",
      "m" : "4611686018428193399"
    }, {
      "d" : "1756459464626649463",
      "t" : 1756459464626,
      "tn" : 1756459464626649463,
      "q" : "7",
      "p" : "0.18282",
      "s" : "sell",
      "i" : "KERNEL_USD",
      "m" : "4611686018428193398"
    }, {
      "d" : "1756459251673457135",
      "t" : 1756459251673,
      "tn" : 1756459251673457135,
      "q" : "7",
      "p" : "0.18327",
      "s" : "sell",
      "i" : "KERNEL_USD",
      "m" : "4611686018428193397"
    }, {
      "d" : "1756459243609482588",
      "t" : 1756459243609,
      "tn" : 1756459243609482588,
      "q" : "7",
      "p" : "0.18342",
      "s" : "sell",
      "i" : "KERNEL_USD",
      "m" : "4611686018428193396"
    }, {
      "d" : "1756459149158549578",
      "t" : 1756459149158,
      "tn" : 1756459149158549578,
      "q" : "7",
      "p" : "0.18257",
      "s" : "sell",
      "i" : "KERNEL_USD",
      "m" : "4611686018428193395"
    }, {
      "d" : "1756459147980979295",
      "t" : 1756459147980,
      "tn" : 1756459147980979295,
      "q" : "7",
      "p" : "0.18257",
      "s" : "sell",
      "i" : "KERNEL_USD",
      "m" : "4611686018428193394"
    }, {
      "d" : "1756459146883000658",
      "t" : 1756459146883,
      "tn" : 1756459146883000658,
      "q" : "7",
      "p" : "0.18257",
      "s" : "sell",
      "i" : "KERNEL_USD",
      "m" : "4611686018428193393"
    }, {
      "d" : "1756459145622768566",
      "t" : 1756459145622,
      "tn" : 1756459145622768566,
      "q" : "7",
      "p" : "0.18257",
      "s" : "sell",
      "i" : "KERNEL_USD",
      "m" : "4611686018428193392"
    }, {
      "d" : "1756459145169564520",
      "t" : 1756459145169,
      "tn" : 1756459145169564520,
      "q" : "7",
      "p" : "0.18257",
      "s" : "sell",
      "i" : "KERNEL_USD",
      "m" : "4611686018428193391"
    }, {
      "d" : "1756459143845876424",
      "t" : 1756459143845,
      "tn" : 1756459143845876424,
      "q" : "7",
      "p" : "0.18257",
      "s" : "sell",
      "i" : "KERNEL_USD",
      "m" : "4611686018428193390"
    }, {
      "d" : "1756459140864652903",
      "t" : 1756459140864,
      "tn" : 1756459140864652903,
      "q" : "7",
      "p" : "0.18252",
      "s" : "sell",
      "i" : "KERNEL_USD",
      "m" : "4611686018428193389"
    }, {
      "d" : "1756459136838695335",
      "t" : 1756459136838,
      "tn" : 1756459136838695335,
      "q" : "7",
      "p" : "0.18267",
      "s" : "sell",
      "i" : "KERNEL_USD",
      "m" : "4611686018428193388"
    }, {
      "d" : "1756459133979866079",
      "t" : 1756459133979,
      "tn" : 1756459133979866079,
      "q" : "7",
      "p" : "0.18267",
      "s" : "sell",
      "i" : "KERNEL_USD",
      "m" : "4611686018428193387"
    }, {
      "d" : "1756459132795984198",
      "t" : 1756459132795,
      "tn" : 1756459132795984198,
      "q" : "7",
      "p" : "0.18267",
      "s" : "sell",
      "i" : "KERNEL_USD",
      "m" : "4611686018428193386"
    }, {
      "d" : "1756459131655474556",
      "t" : 1756459131655,
      "tn" : 1756459131655474556,
      "q" : "7",
      "p" : "0.18267",
      "s" : "sell",
      "i" : "KERNEL_USD",
      "m" : "4611686018428193385"
    }, {
      "d" : "1756459131420289004",
      "t" : 1756459131420,
      "tn" : 1756459131420289004,
      "q" : "7",
      "p" : "0.18267",
      "s" : "sell",
      "i" : "KERNEL_USD",
      "m" : "4611686018428193384"
    }, {
      "d" : "1756459124944418168",
      "t" : 1756459124944,
      "tn" : 1756459124944418168,
      "q" : "7",
      "p" : "0.18277",
      "s" : "sell",
      "i" : "KERNEL_USD",
      "m" : "4611686018428193383"
    }, {
      "d" : "1756459123675522611",
      "t" : 1756459123675,
      "tn" : 1756459123675522611,
      "q" : "7",
      "p" : "0.18277",
      "s" : "sell",
      "i" : "KERNEL_USD",
      "m" : "4611686018428193382"
    }, {
      "d" : "1756459119386734286",
      "t" : 1756459119386,
      "tn" : 1756459119386734286,
      "q" : "7",
      "p" : "0.18277",
      "s" : "sell",
      "i" : "KERNEL_USD",
      "m" : "4611686018428193381"
    }, {
      "d" : "1756459115891948209",
      "t" : 1756459115891,
      "tn" : 1756459115891948209,
      "q" : "7",
      "p" : "0.18272",
      "s" : "sell",
      "i" : "KERNEL_USD",
      "m" : "4611686018428193380"
    }, {
      "d" : "1756459114476885657",
      "t" : 1756459114476,
      "tn" : 1756459114476885657,
      "q" : "7",
      "p" : "0.18277",
      "s" : "sell",
      "i" : "KERNEL_USD",
      "m" : "4611686018428193379"
    }, {
      "d" : "1756459111566552220",
      "t" : 1756459111566,
      "tn" : 1756459111566552220,
      "q" : "7",
      "p" : "0.18272",
      "s" : "sell",
      "i" : "KERNEL_USD",
      "m" : "4611686018428193378"
    }, {
      "d" : "1756459110647701147",
      "t" : 1756459110647,
      "tn" : 1756459110647701147,
      "q" : "7",
      "p" : "0.18272",
      "s" : "sell",
      "i" : "KERNEL_USD",
      "m" : "4611686018428193377"
    }, {
      "d" : "1756459075357114638",
      "t" : 1756459075357,
      "tn" : 1756459075357114638,
      "q" : "7",
      "p" : "0.18227",
      "s" : "sell",
      "i" : "KERNEL_USD",
      "m" : "4611686018428193376"
    }, {
      "d" : "1756459050711200523",
      "t" : 1756459050711,
      "tn" : 1756459050711200523,
      "q" : "7",
      "p" : "0.18222",
      "s" : "sell",
      "i" : "KERNEL_USD",
      "m" : "4611686018428193375"
    }, {
      "d" : "1756459050245158594",
      "t" : 1756459050245,
      "tn" : 1756459050245158594,
      "q" : "7",
      "p" : "0.18227",
      "s" : "sell",
      "i" : "KERNEL_USD",
      "m" : "4611686018428193374"
    }, {
      "d" : "1756459047833161556",
      "t" : 1756459047833,
      "tn" : 1756459047833161556,
      "q" : "7",
      "p" : "0.18227",
      "s" : "sell",
      "i" : "KERNEL_USD",
      "m" : "4611686018428193373"
    }, {
      "d" : "1756459045329405123",
      "t" : 1756459045329,
      "tn" : 1756459045329405123,
      "q" : "7",
      "p" : "0.18237",
      "s" : "sell",
      "i" : "KERNEL_USD",
      "m" : "4611686018428193372"
    }, {
      "d" : "1756459044176011103",
      "t" : 1756459044176,
      "tn" : 1756459044176011103,
      "q" : "7",
      "p" : "0.18227",
      "s" : "sell",
      "i" : "KERNEL_USD",
      "m" : "4611686018428193371"
    }, {
      "d" : "1756459040402002805",
      "t" : 1756459040402,
      "tn" : 1756459040402002805,
      "q" : "7",
      "p" : "0.18227",
      "s" : "sell",
      "i" : "KERNEL_USD",
      "m" : "4611686018428193370"
    }, {
      "d" : "1756459028827039591",
      "t" : 1756459028827,
      "tn" : 1756459028827039591,
      "q" : "7",
      "p" : "0.18237",
      "s" : "sell",
      "i" : "KERNEL_USD",
      "m" : "4611686018428193369"
    }, {
      "d" : "1756459026752928458",
      "t" : 1756459026752,
      "tn" : 1756459026752928458,
      "q" : "7",
      "p" : "0.18237",
      "s" : "sell",
      "i" : "KERNEL_USD",
      "m" : "4611686018428193368"
    }, {
      "d" : "1756458976386377087",
      "t" : 1756458976386,
      "tn" : 1756458976386377087,
      "q" : "7",
      "p" : "0.18217",
      "s" : "sell",
      "i" : "KERNEL_USD",
      "m" : "4611686018428193367"
    }, {
      "d" : "1756458967790179638",
      "t" : 1756458967790,
      "tn" : 1756458967790179638,
      "q" : "7",
      "p" : "0.18217",
      "s" : "sell",
      "i" : "KERNEL_USD",
      "m" : "4611686018428193366"
    }, {
      "d" : "1756458965295166475",
      "t" : 1756458965295,
      "tn" : 1756458965295166475,
      "q" : "7",
      "p" : "0.18212",
      "s" : "sell",
      "i" : "KERNEL_USD",
      "m" : "4611686018428193365"
    }, {
      "d" : "1756458945300003939",
      "t" : 1756458945300,
      "tn" : 1756458945300003939,
      "q" : "7",
      "p" : "0.18217",
      "s" : "sell",
      "i" : "KERNEL_USD",
      "m" : "4611686018428193364"
    }, {
      "d" : "1756458880703196872",
      "t" : 1756458880703,
      "tn" : 1756458880703196872,
      "q" : "7",
      "p" : "0.18208",
      "s" : "buy",
      "i" : "KERNEL_USD",
      "m" : "4611686018428193363"
    }, {
      "d" : "1756458803969616531",
      "t" : 1756458803969,
      "tn" : 1756458803969616531,
      "q" : "7",
      "p" : "0.18238",
      "s" : "buy",
      "i" : "KERNEL_USD",
      "m" : "4611686018428193362"
    }, {
      "d" : "1756458803370390917",
      "t" : 1756458803370,
      "tn" : 1756458803370390917,
      "q" : "7",
      "p" : "0.18238",
      "s" : "buy",
      "i" : "KERNEL_USD",
      "m" : "4611686018428193361"
    }, {
      "d" : "1756458802764324940",
      "t" : 1756458802764,
      "tn" : 1756458802764324940,
      "q" : "7",
      "p" : "0.18238",
      "s" : "buy",
      "i" : "KERNEL_USD",
      "m" : "4611686018428193360"
    }, {
      "d" : "1756458802016668928",
      "t" : 1756458802016,
      "tn" : 1756458802016668928,
      "q" : "7",
      "p" : "0.18238",
      "s" : "buy",
      "i" : "KERNEL_USD",
      "m" : "4611686018428193359"
    }, {
      "d" : "1756458799870202162",
      "t" : 1756458799870,
      "tn" : 1756458799870202162,
      "q" : "7",
      "p" : "0.18238",
      "s" : "buy",
      "i" : "KERNEL_USD",
      "m" : "4611686018428193358"
    }, {
      "d" : "1756458674789599818",
      "t" : 1756458674789,
      "tn" : 1756458674789599818,
      "q" : "7",
      "p" : "0.18178",
      "s" : "buy",
      "i" : "KERNEL_USD",
      "m" : "4611686018428193357"
    }, {
      "d" : "1756458598574408874",
      "t" : 1756458598574,
      "tn" : 1756458598574408874,
      "q" : "7",
      "p" : "0.18157",
      "s" : "sell",
      "i" : "KERNEL_USD",
      "m" : "4611686018428193356"
    }, {
      "d" : "1756458582474096045",
      "t" : 1756458582474,
      "tn" : 1756458582474096045,
      "q" : "7",
      "p" : "0.18157",
      "s" : "sell",
      "i" : "KERNEL_USD",
      "m" : "4611686018428193355"
    }, {
      "d" : "1756458582261307043",
      "t" : 1756458582261,
      "tn" : 1756458582261307043,
      "q" : "7",
      "p" : "0.18157",
      "s" : "sell",
      "i" : "KERNEL_USD",
      "m" : "4611686018428193354"
    }, {
      "d" : "1756458581010062929",
      "t" : 1756458581010,
      "tn" : 1756458581010062929,
      "q" : "7",
      "p" : "0.18157",
      "s" : "sell",
      "i" : "KERNEL_USD",
      "m" : "4611686018428193353"
    }, {
      "d" : "1756458571472173578",
      "t" : 1756458571472,
      "tn" : 1756458571472173578,
      "q" : "7",
      "p" : "0.18157",
      "s" : "sell",
      "i" : "KERNEL_USD",
      "m" : "4611686018428193352"
    }, {
      "d" : "1756458401421859116",
      "t" : 1756458401421,
      "tn" : 1756458401421859116,
      "q" : "7",
      "p" : "0.18167",
      "s" : "sell",
      "i" : "KERNEL_USD",
      "m" : "4611686018428193351"
    }, {
      "d" : "1756458374864709600",
      "t" : 1756458374864,
      "tn" : 1756458374864709600,
      "q" : "7",
      "p" : "0.18158",
      "s" : "buy",
      "i" : "KERNEL_USD",
      "m" : "4611686018428193350"
    }, {
      "d" : "1756458363699232942",
      "t" : 1756458363699,
      "tn" : 1756458363699232942,
      "q" : "7",
      "p" : "0.18188",
      "s" : "buy",
      "i" : "KERNEL_USD",
      "m" : "4611686018428193349"
    }, {
      "d" : "1756458363309746583",
      "t" : 1756458363309,
      "tn" : 1756458363309746583,
      "q" : "7",
      "p" : "0.18188",
      "s" : "buy",
      "i" : "KERNEL_USD",
      "m" : "4611686018428193348"
    }, {
      "d" : "1756458362248050279",
      "t" : 1756458362248,
      "tn" : 1756458362248050279,
      "q" : "7",
      "p" : "0.18188",
      "s" : "buy",
      "i" : "KERNEL_USD",
      "m" : "4611686018428193347"
    }, {
      "d" : "1756458353693077705",
      "t" : 1756458353693,
      "tn" : 1756458353693077705,
      "q" : "7",
      "p" : "0.18198",
      "s" : "buy",
      "i" : "KERNEL_USD",
      "m" : "4611686018428193346"
    }, {
      "d" : "1756458352485147498",
      "t" : 1756458352485,
      "tn" : 1756458352485147498,
      "q" : "7",
      "p" : "0.18198",
      "s" : "buy",
      "i" : "KERNEL_USD",
      "m" : "4611686018428193345"
    }, {
      "d" : "1756458350321641961",
      "t" : 1756458350321,
      "tn" : 1756458350321641961,
      "q" : "7",
      "p" : "0.18198",
      "s" : "buy",
      "i" : "KERNEL_USD",
      "m" : "4611686018428193344"
    }, {
      "d" : "1756458210311551451",
      "t" : 1756458210311,
      "tn" : 1756458210311551451,
      "q" : "7",
      "p" : "0.18097",
      "s" : "sell",
      "i" : "KERNEL_USD",
      "m" : "4611686018428193343"
    }, {
      "d" : "1756458208449944892",
      "t" : 1756458208449,
      "tn" : 1756458208449944892,
      "q" : "7",
      "p" : "0.18087",
      "s" : "sell",
      "i" : "KERNEL_USD",
      "m" : "4611686018428193342"
    }, {
      "d" : "1756458204010160660",
      "t" : 1756458204010,
      "tn" : 1756458204010160660,
      "q" : "7",
      "p" : "0.18087",
      "s" : "sell",
      "i" : "KERNEL_USD",
      "m" : "4611686018428193341"
    }, {
      "d" : "1756458203578711624",
      "t" : 1756458203578,
      "tn" : 1756458203578711624,
      "q" : "7",
      "p" : "0.18067",
      "s" : "sell",
      "i" : "KERNEL_USD",
      "m" : "4611686018428193340"
    }, {
      "d" : "1756458202426468146",
      "t" : 1756458202426,
      "tn" : 1756458202426468146,
      "q" : "7",
      "p" : "0.18067",
      "s" : "sell",
      "i" : "KERNEL_USD",
      "m" : "4611686018428193339"
    }, {
      "d" : "1756458201239462407",
      "t" : 1756458201239,
      "tn" : 1756458201239462407,
      "q" : "7",
      "p" : "0.18067",
      "s" : "sell",
      "i" : "KERNEL_USD",
      "m" : "4611686018428193338"
    }, {
      "d" : "1756458195137793166",
      "t" : 1756458195137,
      "tn" : 1756458195137793166,
      "q" : "7",
      "p" : "0.18087",
      "s" : "sell",
      "i" : "KERNEL_USD",
      "m" : "4611686018428193337"
    } ]
  }
}