{
  "id" : -1,
  "method" : "public/get-trades",
  "code" : 0,
  "result" : {
    "data" : [ {
      "d" : "1756458177929375241",
      "t" : 1756458177929,
      "tn" : 1756458177929375241,
      "q" : "275",
      "p" : "0.055100",
      "s" : "sell",
      "i" : "KMNO_USD",
      "m" : "4611686018427389436"
    }, {
      "d" : "1756458177925994162",
      "t" : 1756458177925,
      "tn" : 1756458177925994162,
      "q" : "340",
      "p" : "0.055100",
      "s" : "sell",
      "i" : "KMNO_USD",
      "m" : "4611686018427389435"
    }, {
      "d" : "1756458177917110624",
      "t" : 1756458177917,
      "tn" : 1756458177917110624,
      "q" : "521",
      "p" : "0.055100",
      "s" : "sell",
      "i" : "KMNO_USD",
      "m" : "4611686018427389434"
    }, {
      "d" : "1756458177868507057",
      "t" : 1756458177868,
      "tn" : 1756458177868507057,
      "q" : "602",
      "p" : "0.055100",
      "s" : "sell",
      "i" : "KMNO_USD",
      "m" : "4611686018427389433"
    }, {
      "d" : "1756458177824074748",
      "t" : 1756458177824,
      "tn" : 1756458177824074748,
      "q" : "270",
      "p" : "0.055100",
      "s" : "sell",
      "i" : "KMNO_USD",
      "m" : "4611686018427389432"
    }, {
      "d" : "1756458177717747830",
      "t" : 1756458177717,
      "tn" : 1756458177717747830,
      "q" : "800",
      "p" : "0.055100",
      "s" : "sell",
      "i" : "KMNO_USD",
      "m" : "4611686018427389431"
    }, {
      "d" : "1756458177628859559",
      "t" : 1756458177628,
      "tn" : 1756458177628859559,
      "q" : "1147",
      "p" : "0.055100",
      "s" : "sell",
      "i" : "KMNO_USD",
      "m" : "4611686018427389430"
    }, {
      "d" : "1756458177577029812",
      "t" : 1756458177577,
      "tn" : 1756458177577029812,
      "q" : "270",
      "p" : "0.055100",
      "s" : "sell",
      "i" : "KMNO_USD",
      "m" : "4611686018427389429"
    }, {
      "d" : "1756458177534446839",
      "t" : 1756458177534,
      "tn" : 1756458177534446839,
      "q" : "392",
      "p" : "0.055100",
      "s" : "sell",
      "i" : "KMNO_USD",
      "m" : "4611686018427389428"
    }, {
      "d" : "1756458177464567742",
      "t" : 1756458177464,
      "tn" : 1756458177464567742,
      "q" : "270",
      "p" : "0.055100",
      "s" : "sell",
      "i" : "KMNO_USD",
      "m" : "4611686018427389427"
    }, {
      "d" : "1756458177335949576",
      "t" : 1756458177335,
      "tn" : 1756458177335949576,
      "q" : "380",
      "p" : "0.055100",
      "s" : "sell",
      "i" : "KMNO_USD",
      "m" : "4611686018427389426"
    }, {
      "d" : "1756458177194254786",
      "t" : 1756458177194,
      "tn" : 1756458177194254786,
      "q" : "320",
      "p" : "0.055100",
      "s" : "sell",
      "i" : "KMNO_USD",
      "m" : "4611686018427389425"
    }, {
      "d" : "1756458175898634764",
      "t" : 1756458175898,
      "tn" : 1756458175898634764,
      "q" : "1300",
      "p" : "0.055100",
      "s" : "sell",
      "i" : "KMNO_USD",
      "m" : "4611686018427389424"
    }, {
      "d" : "1756458163961077499",
      "t" : 1756458163961,
      "tn" : 1756458163961077499,
      "q" : "3600",
      "p" : "0.055100",
      "s" : "sell",
      "i" : "KMNO_USD",
      "m" : "4611686018427389423"
    }, {
      "d" : "1756458161050307122",
      "t" : 1756458161050,
      "tn" : 1756458161050307122,
      "q" : "48",
      "p" : "0.055100",
      "s" : "sell",
      "i" : "KMNO_USD",
      "m" : "4611686018427389422"
    }, {
      "d" : "1756458160212468549",
      "t" : 1756458160212,
      "tn" : 1756458160212468549,
      "q" : "3607",
      "p" : "0.055100",
      "s" : "sell",
      "i" : "KMNO_USD",
      "m" : "4611686018427389421"
    }, {
      "d" : "1756458157888173912",
      "t" : 1756458157888,
      "tn" : 1756458157888173912,
      "q" : "3636",
      "p" : "0.055100",
      "s" : "sell",
      "i" : "KMNO_USD",
      "m" : "4611686018427389420"
    }, {
      "d" : "1756458157841642507",
      "t" : 1756458157841,
      "tn" : 1756458157841642507,
      "q" : "50",
      "p" : "0.055100",
      "s" : "sell",
      "i" : "KMNO_USD",
      "m" : "4611686018427389419"
    }, {
      "d" : "1756458157824293442",
      "t" : 1756458157824,
      "tn" : 1756458157824293442,
      "q" : "121",
      "p" : "0.055100",
      "s" : "sell",
      "i" : "KMNO_USD",
      "m" : "4611686018427389418"
    }, {
      "d" : "1756457722217266040",
      "t" : 1756457722217,
      "tn" : 1756457722217266040,
      "q" : "3409",
      "p" : "0.055233",
      "s" : "sell",
      "i" : "KMNO_USD",
      "m" : "4611686018427389417"
    }, {
      "d" : "1756457722217263988",
      "t" : 1756457722217,
      "tn" : 1756457722217263988,
      "q" : "215",
      "p" : "0.055234",
      "s" : "sell",
      "i" : "KMNO_USD",
      "m" : "4611686018427389416"
    }, {
      "d" : "1756456947198769415",
      "t" : 1756456947198,
      "tn" : 1756456947198769415,
      "q" : "38",
      "p" : "0.056000",
      "s" : "sell",
      "i" : "KMNO_USD",
      "m" : "4611686018427389415"
    }, {
      "d" : "1756455325826467815",
      "t" : 1756455325826,
      "tn" : 1756455325826467815,
      "q" : "446",
      "p" : "0.056000",
      "s" : "sell",
      "i" : "KMNO_USD",
      "m" : "4611686018427389414"
    }, {
      "d" : "1756455325677352320",
      "t" : 1756455325677,
      "tn" : 1756455325677352320,
      "q" : "901",
      "p" : "0.056000",
      "s" : "sell",
      "i" : "KMNO_USD",
      "m" : "4611686018427389413"
    }, {
      "d" : "1756455325659374852",
      "t" : 1756455325659,
      "tn" : 1756455325659374852,
      "q" : "643",
      "p" : "0.056000",
      "s" : "sell",
      "i" : "KMNO_USD",
      "m" : "4611686018427389412"
    }, {
      "d" : "1756455325641342893",
      "t" : 1756455325641,
      "tn" : 1756455325641342893,
      "q" : "930",
      "p" : "0.056000",
      "s" : "sell",
      "i" : "KMNO_USD",
      "m" : "4611686018427389411"
    }, {
      "d" : "1756455325625461636",
      "t" : 1756455325625,
      "tn" : 1756455325625461636,
      "q" : "357",
      "p" : "0.056000",
      "s" : "sell",
      "i" : "KMNO_USD",
      "m" : "4611686018427389410"
    }, {
      "d" : "1756455325605629348",
      "t" : 1756455325605,
      "tn" : 1756455325605629348,
      "q" : "1351",
      "p" : "0.056000",
      "s" : "sell",
      "i" : "KMNO_USD",
      "m" : "4611686018427389409"
    } ]
  }
}