{
  "id" : -1,
  "method" : "public/get-trades",
  "code" : 0,
  "result" : {
    "data" : [ {
      "d" : "1756460138616922970",
      "t" : 1756460138616,
      "tn" : 1756460138616922970,
      "q" : "14.9",
      "p" : "0.3811",
      "s" : "buy",
      "i" : "KNC_USD",
      "m" : "4611686018430122759"
    }, {
      "d" : "1756454970736655904",
      "t" : 1756454970736,
      "tn" : 1756454970736655903,
      "q" : "2.6",
      "p" : "0.3856",
      "s" : "sell",
      "i" : "KNC_USD",
      "m" : "4611686018430122758"
    }, {
      "d" : "1756454970736655903",
      "t" : 1756454970736,
      "tn" : 1756454970736655903,
      "q" : "2.6",
      "p" : "0.3856",
      "s" : "sell",
      "i" : "KNC_USD",
      "m" : "4611686018430122758"
    }, {
      "d" : "1756451616358309697",
      "t" : 1756451616358,
      "tn" : 1756451616358309697,
      "q" : "2.6",
      "p" : "0.3895",
      "s" : "sell",
      "i" : "KNC_USD",
      "m" : "4611686018430122757"
    }, {
      "d" : "1756450898671850199",
      "t" : 1756450898671,
      "tn" : 1756450898671850199,
      "q" : "17.7",
      "p" : "0.3916",
      "s" : "sell",
      "i" : "KNC_USD",
      "m" : "4611686018430122756"
    }, {
      "d" : "1756450855836010327",
      "t" : 1756450855836,
      "tn" : 1756450855836010327,
      "q" : "144.7",
      "p" : "0.3916",
      "s" : "sell",
      "i" : "KNC_USD",
      "m" : "4611686018430122755"
    }, {
      "d" : "1756445212826558772",
      "t" : 1756445212826,
      "tn" : 1756445212826558772,
      "q" : "12.8",
      "p" : "0.3939",
      "s" : "sell",
      "i" : "KNC_USD",
      "m" : "4611686018430122754"
    }, {
      "d" : "1756439362342428862",
      "t" : 1756439362342,
      "tn" : 1756439362342428862,
      "q" : "215.0",
      "p" : "0.3971",
      "s" : "sell",
      "i" : "KNC_USD",
      "m" : "4611686018430122753"
    }, {
      "d" : "1756435947135258653",
      "t" : 1756435947135,
      "tn" : 1756435947135258653,
      "q" : "54.4",
      "p" : "0.3948",
      "s" : "sell",
      "i" : "KNC_USD",
      "m" : "4611686018430122752"
    }, {
      "d" : "1756435119593912610",
      "t" : 1756435119593,
      "tn" : 1756435119593912610,
      "q" : "2160.5",
      "p" : "0.3944",
      "s" : "sell",
      "i" : "KNC_USD",
      "m" : "4611686018430122751"
    }, {
      "d" : "1756435119593910145",
      "t" : 1756435119593,
      "tn" : 1756435119593910145,
      "q" : "148.8",
      "p" : "0.3945",
      "s" : "sell",
      "i" : "KNC_USD",
      "m" : "4611686018430122750"
    }, {
      "d" : "1756434434805278367",
      "t" : 1756434434805,
      "tn" : 1756434434805278367,
      "q" : "212.0",
      "p" : "0.3956",
      "s" : "sell",
      "i" : "KNC_USD",
      "m" : "4611686018430122749"
    }, {
      "d" : "1756434185594176200",
      "t" : 1756434185594,
      "tn" : 1756434185594176200,
      "q" : "12.4",
      "p" : "0.3955",
      "s" : "buy",
      "i" : "KNC_USD",
      "m" : "4611686018430122748"
    }, {
      "d" : "1756434131330782242",
      "t" : 1756434131330,
      "tn" : 1756434131330782242,
      "q" : "210.0",
      "p" : "0.3948",
      "s" : "sell",
      "i" : "KNC_USD",
      "m" : "4611686018430122747"
    }, {
      "d" : "1756433633241503056",
      "t" : 1756433633241,
      "tn" : 1756433633241503056,
      "q" : "61.6",
      "p" : "0.3947",
      "s" : "sell",
      "i" : "KNC_USD",
      "m" : "4611686018430122746"
    }, {
      "d" : "1756433323605386101",
      "t" : 1756433323605,
      "tn" : 1756433323605386101,
      "q" : "6.4",
      "p" : "0.3955",
      "s" : "buy",
      "i" : "KNC_USD",
      "m" : "4611686018430122745"
    }, {
      "d" : "1756425938768412245",
      "t" : 1756425938768,
      "tn" : 1756425938768412245,
      "q" : "213.4",
      "p" : "0.3996",
      "s" : "buy",
      "i" : "KNC_USD",
      "m" : "4611686018430122744"
    }, {
      "d" : "1756420209020179362",
      "t" : 1756420209020,
      "tn" : 1756420209020179362,
      "q" : "60.6",
      "p" : "0.3991",
      "s" : "buy",
      "i" : "KNC_USD",
      "m" : "4611686018430122743"
    }, {
      "d" : "1756420207529737666",
      "t" : 1756420207529,
      "tn" : 1756420207529737666,
      "q" : "313.2",
      "p" : "0.3991",
      "s" : "buy",
      "i" : "KNC_USD",
      "m" : "4611686018430122742"
    }, {
      "d" : "1756420200418128617",
      "t" : 1756420200418,
      "tn" : 1756420200418128617,
      "q" : "257.8",
      "p" : "0.3991",
      "s" : "buy",
      "i" : "KNC_USD",
      "m" : "4611686018430122741"
    }, {
      "d" : "1756420200418126990",
      "t" : 1756420200418,
      "tn" : 1756420200418126990,
      "q" : "2.7",
      "p" : "0.3962",
      "s" : "buy",
      "i" : "KNC_USD",
      "m" : "4611686018430122740"
    }, {
      "d" : "1756418433666741244",
      "t" : 1756418433666,
      "tn" : 1756418433666741244,
      "q" : "35.2",
      "p" : "0.3950",
      "s" : "sell",
      "i" : "KNC_USD",
      "m" : "4611686018430122739"
    }, {
      "d" : "1756417478655249614",
      "t" : 1756417478655,
      "tn" : 1756417478655249614,
      "q" : "31.2",
      "p" : "0.3948",
      "s" : "buy",
      "i" : "KNC_USD",
      "m" : "4611686018430122738"
    }, {
      "d" : "1756417478655247764",
      "t" : 1756417478655,
      "tn" : 1756417478655247764,
      "q" : "2.7",
      "p" : "0.3947",
      "s" : "buy",
      "i" : "KNC_USD",
      "m" : "4611686018430122737"
    }, {
      "d" : "1756415910476464234",
      "t" : 1756415910476,
      "tn" : 1756415910476464234,
      "q" : "31.8",
      "p" : "0.3937",
      "s" : "buy",
      "i" : "KNC_USD",
      "m" : "4611686018430122736"
    }, {
      "d" : "1756415834334174939",
      "t" : 1756415834334,
      "tn" : 1756415834334174939,
      "q" : "31.0",
      "p" : "0.3935",
      "s" : "buy",
      "i" : "KNC_USD",
      "m" : "4611686018430122735"
    }, {
      "d" : "1756414576499748203",
      "t" : 1756414576499,
      "tn" : 1756414576499748203,
      "q" : "125.0",
      "p" : "0.3919",
      "s" : "sell",
      "i" : "KNC_USD",
      "m" : "4611686018430122734"
    }, {
      "d" : "1756412437242780479",
      "t" : 1756412437242,
      "tn" : 1756412437242780479,
      "q" : "30.0",
      "p" : "0.3924",
      "s" : "buy",
      "i" : "KNC_USD",
      "m" : "4611686018430122733"
    }, {
      "d" : "1756411933189118833",
      "t" : 1756411933189,
      "tn" : 1756411933189118833,
      "q" : "156.0",
      "p" : "0.3905",
      "s" : "sell",
      "i" : "KNC_USD",
      "m" : "4611686018430122732"
    }, {
      "d" : "1756408120055340162",
      "t" : 1756408120055,
      "tn" : 1756408120055340162,
      "q" : "12.0",
      "p" : "0.3931",
      "s" : "sell",
      "i" : "KNC_USD",
      "m" : "4611686018430122731"
    }, {
      "d" : "1756401151691605123",
      "t" : 1756401151691,
      "tn" : 1756401151691605123,
      "q" : "16.0",
      "p" : "0.3913",
      "s" : "sell",
      "i" : "KNC_USD",
      "m" : "4611686018430122730"
    }, {
      "d" : "1756400662421842010",
      "t" : 1756400662421,
      "tn" : 1756400662421842010,
      "q" : "210.0",
      "p" : "0.3912",
      "s" : "sell",
      "i" : "KNC_USD",
      "m" : "4611686018430122729"
    }, {
      "d" : "1756399642928274543",
      "t" : 1756399642928,
      "tn" : 1756399642928274543,
      "q" : "115.9",
      "p" : "0.3949",
      "s" : "sell",
      "i" : "KNC_USD",
      "m" : "4611686018430122728"
    }, {
      "d" : "1756399642928271899",
      "t" : 1756399642928,
      "tn" : 1756399642928271899,
      "q" : "92.1",
      "p" : "0.3950",
      "s" : "sell",
      "i" : "KNC_USD",
      "m" : "4611686018430122727"
    }, {
      "d" : "1756396083288815906",
      "t" : 1756396083288,
      "tn" : 1756396083288815906,
      "q" : "61.4",
      "p" : "0.3956",
      "s" : "sell",
      "i" : "KNC_USD",
      "m" : "4611686018430122726"
    }, {
      "d" : "1756394632820484472",
      "t" : 1756394632820,
      "tn" : 1756394632820484472,
      "q" : "158.9",
      "p" : "0.3978",
      "s" : "sell",
      "i" : "KNC_USD",
      "m" : "4611686018430122725"
    }, {
      "d" : "1756393791315553414",
      "t" : 1756393791315,
      "tn" : 1756393791315553414,
      "q" : "75.6",
      "p" : "0.4004",
      "s" : "sell",
      "i" : "KNC_USD",
      "m" : "4611686018430122724"
    }, {
      "d" : "1756393700689140188",
      "t" : 1756393700689,
      "tn" : 1756393700689140188,
      "q" : "310.2",
      "p" : "0.4029",
      "s" : "buy",
      "i" : "KNC_USD",
      "m" : "4611686018430122723"
    }, {
      "d" : "1756391750505119195",
      "t" : 1756391750505,
      "tn" : 1756391750505119195,
      "q" : "77.1",
      "p" : "0.3961",
      "s" : "sell",
      "i" : "KNC_USD",
      "m" : "4611686018430122722"
    }, {
      "d" : "1756391750505116098",
      "t" : 1756391750505,
      "tn" : 1756391750505116098,
      "q" : "128.9",
      "p" : "0.3962",
      "s" : "sell",
      "i" : "KNC_USD",
      "m" : "4611686018430122721"
    }, {
      "d" : "1756391076113975519",
      "t" : 1756391076113,
      "tn" : 1756391076113975519,
      "q" : "20.0",
      "p" : "0.3982",
      "s" : "sell",
      "i" : "KNC_USD",
      "m" : "4611686018430122720"
    }, {
      "d" : "1756390573322721911",
      "t" : 1756390573322,
      "tn" : 1756390573322721911,
      "q" : "125.9",
      "p" : "0.3999",
      "s" : "buy",
      "i" : "KNC_USD",
      "m" : "4611686018430122719"
    }, {
      "d" : "1756390522575957159",
      "t" : 1756390522575,
      "tn" : 1756390522575957159,
      "q" : "1298.8",
      "p" : "0.3987",
      "s" : "buy",
      "i" : "KNC_USD",
      "m" : "4611686018430122718"
    }, {
      "d" : "1756389744903752037",
      "t" : 1756389744903,
      "tn" : 1756389744903752037,
      "q" : "204.0",
      "p" : "0.3961",
      "s" : "sell",
      "i" : "KNC_USD",
      "m" : "4611686018430122717"
    }, {
      "d" : "1756389645514356150",
      "t" : 1756389645514,
      "tn" : 1756389645514356149,
      "q" : "534.1",
      "p" : "0.3960",
      "s" : "buy",
      "i" : "KNC_USD",
      "m" : "4611686018430122716"
    }, {
      "d" : "1756389645514356149",
      "t" : 1756389645514,
      "tn" : 1756389645514356149,
      "q" : "97.3",
      "p" : "0.3960",
      "s" : "buy",
      "i" : "KNC_USD",
      "m" : "4611686018430122716"
    }, {
      "d" : "1756389270951282066",
      "t" : 1756389270951,
      "tn" : 1756389270951282066,
      "q" : "202.0",
      "p" : "0.3926",
      "s" : "sell",
      "i" : "KNC_USD",
      "m" : "4611686018430122715"
    }, {
      "d" : "1756388904955170981",
      "t" : 1756388904955,
      "tn" : 1756388904955170981,
      "q" : "56.5",
      "p" : "0.3933",
      "s" : "sell",
      "i" : "KNC_USD",
      "m" : "4611686018430122714"
    }, {
      "d" : "1756387229613267435",
      "t" : 1756387229613,
      "tn" : 1756387229613267435,
      "q" : "79.3",
      "p" : "0.3955",
      "s" : "buy",
      "i" : "KNC_USD",
      "m" : "4611686018430122713"
    }, {
      "d" : "1756384423141086653",
      "t" : 1756384423141,
      "tn" : 1756384423141086653,
      "q" : "110.5",
      "p" : "0.3948",
      "s" : "sell",
      "i" : "KNC_USD",
      "m" : "4611686018430122712"
    }, {
      "d" : "1756383338400304745",
      "t" : 1756383338400,
      "tn" : 1756383338400304745,
      "q" : "694.0",
      "p" : "0.3962",
      "s" : "buy",
      "i" : "KNC_USD",
      "m" : "4611686018430122711"
    }, {
      "d" : "1756383338400301757",
      "t" : 1756383338400,
      "tn" : 1756383338400301757,
      "q" : "315.5",
      "p" : "0.3961",
      "s" : "buy",
      "i" : "KNC_USD",
      "m" : "4611686018430122710"
    }, {
      "d" : "1756381795864640321",
      "t" : 1756381795864,
      "tn" : 1756381795864640321,
      "q" : "274.5",
      "p" : "0.3939",
      "s" : "sell",
      "i" : "KNC_USD",
      "m" : "4611686018430122709"
    }, {
      "d" : "1756379972695724119",
      "t" : 1756379972695,
      "tn" : 1756379972695724119,
      "q" : "5.7",
      "p" : "0.3948",
      "s" : "buy",
      "i" : "KNC_USD",
      "m" : "4611686018430122708"
    } ]
  }
}