{
  "id" : -1,
  "method" : "public/get-trades",
  "code" : 0,
  "result" : {
    "data" : [ {
      "d" : "1756459327456814507",
      "t" : 1756459327456,
      "tn" : 1756459327456814507,
      "q" : "25",
      "p" : "0.34156",
      "s" : "buy",
      "i" : "KRL_USD",
      "m" : "4611686018428861789"
    }, {
      "d" : "1756457970547418317",
      "t" : 1756457970547,
      "tn" : 1756457970547418317,
      "q" : "299",
      "p" : "0.34009",
      "s" : "sell",
      "i" : "KRL_USD",
      "m" : "4611686018428861788"
    }, {
      "d" : "1756441530552876529",
      "t" : 1756441530552,
      "tn" : 1756441530552876529,
      "q" : "296",
      "p" : "0.34273",
      "s" : "sell",
      "i" : "KRL_USD",
      "m" : "4611686018428861787"
    }, {
      "d" : "1756440951442823665",
      "t" : 1756440951442,
      "tn" : 1756440951442823665,
      "q" : "256",
      "p" : "0.34332",
      "s" : "sell",
      "i" : "KRL_USD",
      "m" : "4611686018428861786"
    }, {
      "d" : "1756440951442822036",
      "t" : 1756440951442,
      "tn" : 1756440951442822036,
      "q" : "40",
      "p" : "0.34333",
      "s" : "sell",
      "i" : "KRL_USD",
      "m" : "4611686018428861785"
    }, {
      "d" : "1756439527339666251",
      "t" : 1756439527339,
      "tn" : 1756439527339666251,
      "q" : "295",
      "p" : "0.34332",
      "s" : "sell",
      "i" : "KRL_USD",
      "m" : "4611686018428861784"
    }, {
      "d" : "1756439324032012305",
      "t" : 1756439324032,
      "tn" : 1756439324032012305,
      "q" : "295",
      "p" : "0.34332",
      "s" : "sell",
      "i" : "KRL_USD",
      "m" : "4611686018428861783"
    }, {
      "d" : "1756438644897002724",
      "t" : 1756438644897,
      "tn" : 1756438644897002724,
      "q" : "255",
      "p" : "0.34273",
      "s" : "sell",
      "i" : "KRL_USD",
      "m" : "4611686018428861782"
    }, {
      "d" : "1756438644897000875",
      "t" : 1756438644897,
      "tn" : 1756438644897000875,
      "q" : "41",
      "p" : "0.34274",
      "s" : "sell",
      "i" : "KRL_USD",
      "m" : "4611686018428861781"
    }, {
      "d" : "1756438509411108559",
      "t" : 1756438509411,
      "tn" : 1756438509411108559,
      "q" : "254",
      "p" : "0.34332",
      "s" : "sell",
      "i" : "KRL_USD",
      "m" : "4611686018428861780"
    }, {
      "d" : "1756438509411106141",
      "t" : 1756438509411,
      "tn" : 1756438509411106141,
      "q" : "42",
      "p" : "0.34333",
      "s" : "sell",
      "i" : "KRL_USD",
      "m" : "4611686018428861779"
    }, {
      "d" : "1756434736742907638",
      "t" : 1756434736742,
      "tn" : 1756434736742907638,
      "q" : "240",
      "p" : "0.34273",
      "s" : "sell",
      "i" : "KRL_USD",
      "m" : "4611686018428861778"
    }, {
      "d" : "1756434736742905867",
      "t" : 1756434736742,
      "tn" : 1756434736742905867,
      "q" : "56",
      "p" : "0.34274",
      "s" : "sell",
      "i" : "KRL_USD",
      "m" : "4611686018428861777"
    }, {
      "d" : "1756434296253771292",
      "t" : 1756434296253,
      "tn" : 1756434296253771292,
      "q" : "296",
      "p" : "0.34332",
      "s" : "sell",
      "i" : "KRL_USD",
      "m" : "4611686018428861776"
    }, {
      "d" : "1756434228885191339",
      "t" : 1756434228885,
      "tn" : 1756434228885191339,
      "q" : "239",
      "p" : "0.34332",
      "s" : "sell",
      "i" : "KRL_USD",
      "m" : "4611686018428861775"
    }, {
      "d" : "1756434228885189366",
      "t" : 1756434228885,
      "tn" : 1756434228885189366,
      "q" : "56",
      "p" : "0.34333",
      "s" : "sell",
      "i" : "KRL_USD",
      "m" : "4611686018428861774"
    }, {
      "d" : "1756434128654847485",
      "t" : 1756434128654,
      "tn" : 1756434128654847485,
      "q" : "196",
      "p" : "0.34332",
      "s" : "sell",
      "i" : "KRL_USD",
      "m" : "4611686018428861773"
    }, {
      "d" : "1756434128654845611",
      "t" : 1756434128654,
      "tn" : 1756434128654845611,
      "q" : "100",
      "p" : "0.34333",
      "s" : "sell",
      "i" : "KRL_USD",
      "m" : "4611686018428861772"
    }, {
      "d" : "1756430389326024740",
      "t" : 1756430389326,
      "tn" : 1756430389326024740,
      "q" : "186",
      "p" : "0.34328",
      "s" : "sell",
      "i" : "KRL_USD",
      "m" : "4611686018428861771"
    }, {
      "d" : "1756430389326022662",
      "t" : 1756430389326,
      "tn" : 1756430389326022662,
      "q" : "110",
      "p" : "0.34329",
      "s" : "sell",
      "i" : "KRL_USD",
      "m" : "4611686018428861770"
    }, {
      "d" : "1756428043965701844",
      "t" : 1756428043965,
      "tn" : 1756428043965701844,
      "q" : "124",
      "p" : "0.34328",
      "s" : "sell",
      "i" : "KRL_USD",
      "m" : "4611686018428861769"
    }, {
      "d" : "1756428043965698392",
      "t" : 1756428043965,
      "tn" : 1756428043965698392,
      "q" : "171",
      "p" : "0.34329",
      "s" : "sell",
      "i" : "KRL_USD",
      "m" : "4611686018428861768"
    }, {
      "d" : "1756427908416667536",
      "t" : 1756427908416,
      "tn" : 1756427908416667536,
      "q" : "296",
      "p" : "0.34328",
      "s" : "sell",
      "i" : "KRL_USD",
      "m" : "4611686018428861767"
    }, {
      "d" : "1756427840476042539",
      "t" : 1756427840476,
      "tn" : 1756427840476042539,
      "q" : "45",
      "p" : "0.34328",
      "s" : "sell",
      "i" : "KRL_USD",
      "m" : "4611686018428861766"
    }, {
      "d" : "1756427840476040521",
      "t" : 1756427840476,
      "tn" : 1756427840476040521,
      "q" : "251",
      "p" : "0.34329",
      "s" : "sell",
      "i" : "KRL_USD",
      "m" : "4611686018428861765"
    }, {
      "d" : "1756427670750820394",
      "t" : 1756427670750,
      "tn" : 1756427670750820394,
      "q" : "297",
      "p" : "0.34271",
      "s" : "sell",
      "i" : "KRL_USD",
      "m" : "4611686018428861764"
    }, {
      "d" : "1756427502088002242",
      "t" : 1756427502088,
      "tn" : 1756427502088002242,
      "q" : "297",
      "p" : "0.34328",
      "s" : "sell",
      "i" : "KRL_USD",
      "m" : "4611686018428861763"
    }, {
      "d" : "1756424946354896737",
      "t" : 1756424946354,
      "tn" : 1756424946354896737,
      "q" : "295",
      "p" : "0.34368",
      "s" : "sell",
      "i" : "KRL_USD",
      "m" : "4611686018428861762"
    }, {
      "d" : "1756424915110137085",
      "t" : 1756424915110,
      "tn" : 1756424915110137085,
      "q" : "296",
      "p" : "0.34369",
      "s" : "sell",
      "i" : "KRL_USD",
      "m" : "4611686018428861761"
    }, {
      "d" : "1756423199068280162",
      "t" : 1756423199068,
      "tn" : 1756423199068280162,
      "q" : "163",
      "p" : "0.34548",
      "s" : "sell",
      "i" : "KRL_USD",
      "m" : "4611686018428861760"
    }, {
      "d" : "1756422862145865298",
      "t" : 1756422862145,
      "tn" : 1756422862145865298,
      "q" : "125",
      "p" : "0.34548",
      "s" : "sell",
      "i" : "KRL_USD",
      "m" : "4611686018428861759"
    }, {
      "d" : "1756422862136356473",
      "t" : 1756422862136,
      "tn" : 1756422862136356473,
      "q" : "177",
      "p" : "0.34548",
      "s" : "sell",
      "i" : "KRL_USD",
      "m" : "4611686018428861758"
    }, {
      "d" : "1756422862124142566",
      "t" : 1756422862124,
      "tn" : 1756422862124142566,
      "q" : "120",
      "p" : "0.34548",
      "s" : "sell",
      "i" : "KRL_USD",
      "m" : "4611686018428861757"
    }, {
      "d" : "1756422862114978618",
      "t" : 1756422862114,
      "tn" : 1756422862114978618,
      "q" : "170",
      "p" : "0.34548",
      "s" : "sell",
      "i" : "KRL_USD",
      "m" : "4611686018428861756"
    }, {
      "d" : "1756422846944870907",
      "t" : 1756422846944,
      "tn" : 1756422846944870907,
      "q" : "600",
      "p" : "0.34490",
      "s" : "sell",
      "i" : "KRL_USD",
      "m" : "4611686018428861755"
    }, {
      "d" : "1756422846840761751",
      "t" : 1756422846840,
      "tn" : 1756422846840761751,
      "q" : "692",
      "p" : "0.34548",
      "s" : "sell",
      "i" : "KRL_USD",
      "m" : "4611686018428861754"
    }, {
      "d" : "1756422754354246124",
      "t" : 1756422754354,
      "tn" : 1756422754354246124,
      "q" : "862",
      "p" : "0.34733",
      "s" : "buy",
      "i" : "KRL_USD",
      "m" : "4611686018428861753"
    }, {
      "d" : "1756422567808954959",
      "t" : 1756422567808,
      "tn" : 1756422567808954959,
      "q" : "273",
      "p" : "0.34562",
      "s" : "buy",
      "i" : "KRL_USD",
      "m" : "4611686018428861752"
    }, {
      "d" : "1756422537302269061",
      "t" : 1756422537302,
      "tn" : 1756422537302269061,
      "q" : "276",
      "p" : "0.34562",
      "s" : "buy",
      "i" : "KRL_USD",
      "m" : "4611686018428861751"
    }, {
      "d" : "1756422469842865173",
      "t" : 1756422469842,
      "tn" : 1756422469842865173,
      "q" : "58",
      "p" : "0.34562",
      "s" : "buy",
      "i" : "KRL_USD",
      "m" : "4611686018428861750"
    }, {
      "d" : "1756422469842863288",
      "t" : 1756422469842,
      "tn" : 1756422469842863288,
      "q" : "218",
      "p" : "0.34561",
      "s" : "buy",
      "i" : "KRL_USD",
      "m" : "4611686018428861749"
    }, {
      "d" : "1756422304300973203",
      "t" : 1756422304300,
      "tn" : 1756422304300973203,
      "q" : "67",
      "p" : "0.34561",
      "s" : "buy",
      "i" : "KRL_USD",
      "m" : "4611686018428861748"
    }, {
      "d" : "1756422232089639673",
      "t" : 1756422232089,
      "tn" : 1756422232089639673,
      "q" : "276",
      "p" : "0.34561",
      "s" : "buy",
      "i" : "KRL_USD",
      "m" : "4611686018428861747"
    }, {
      "d" : "1756422130701534410",
      "t" : 1756422130701,
      "tn" : 1756422130701534410,
      "q" : "276",
      "p" : "0.34561",
      "s" : "buy",
      "i" : "KRL_USD",
      "m" : "4611686018428861746"
    }, {
      "d" : "1756421722647560478",
      "t" : 1756421722647,
      "tn" : 1756421722647560478,
      "q" : "275",
      "p" : "0.34561",
      "s" : "buy",
      "i" : "KRL_USD",
      "m" : "4611686018428861745"
    }, {
      "d" : "1756418822131203028",
      "t" : 1756418822131,
      "tn" : 1756418822131203028,
      "q" : "72",
      "p" : "0.34552",
      "s" : "buy",
      "i" : "KRL_USD",
      "m" : "4611686018428861744"
    }, {
      "d" : "1756418747680299509",
      "t" : 1756418747680,
      "tn" : 1756418747680299509,
      "q" : "276",
      "p" : "0.34552",
      "s" : "buy",
      "i" : "KRL_USD",
      "m" : "4611686018428861743"
    }, {
      "d" : "1756418718845418155",
      "t" : 1756418718845,
      "tn" : 1756418718845418155,
      "q" : "276",
      "p" : "0.34552",
      "s" : "buy",
      "i" : "KRL_USD",
      "m" : "4611686018428861742"
    }, {
      "d" : "1756418686416968523",
      "t" : 1756418686416,
      "tn" : 1756418686416968523,
      "q" : "275",
      "p" : "0.34551",
      "s" : "buy",
      "i" : "KRL_USD",
      "m" : "4611686018428861741"
    }, {
      "d" : "1756418584362539690",
      "t" : 1756418584362,
      "tn" : 1756418584362539690,
      "q" : "263",
      "p" : "0.34552",
      "s" : "buy",
      "i" : "KRL_USD",
      "m" : "4611686018428861740"
    }, {
      "d" : "1756417526744514059",
      "t" : 1756417526744,
      "tn" : 1756417526744514059,
      "q" : "275",
      "p" : "0.34552",
      "s" : "buy",
      "i" : "KRL_USD",
      "m" : "4611686018428861739"
    }, {
      "d" : "1756417458870533808",
      "t" : 1756417458870,
      "tn" : 1756417458870533808,
      "q" : "275",
      "p" : "0.34551",
      "s" : "buy",
      "i" : "KRL_USD",
      "m" : "4611686018428861738"
    }, {
      "d" : "1756406848008312220",
      "t" : 1756406848008,
      "tn" : 1756406848008312220,
      "q" : "89",
      "p" : "0.34692",
      "s" : "buy",
      "i" : "KRL_USD",
      "m" : "4611686018428861737"
    }, {
      "d" : "1756406728140376242",
      "t" : 1756406728140,
      "tn" : 1756406728140376242,
      "q" : "274",
      "p" : "0.34742",
      "s" : "buy",
      "i" : "KRL_USD",
      "m" : "4611686018428861736"
    }, {
      "d" : "1756406726505300153",
      "t" : 1756406726505,
      "tn" : 1756406726505300153,
      "q" : "841",
      "p" : "0.34742",
      "s" : "buy",
      "i" : "KRL_USD",
      "m" : "4611686018428861735"
    }, {
      "d" : "1756406697293319045",
      "t" : 1756406697293,
      "tn" : 1756406697293319045,
      "q" : "55",
      "p" : "0.34741",
      "s" : "sell",
      "i" : "KRL_USD",
      "m" : "4611686018428861734"
    }, {
      "d" : "1756406696736673503",
      "t" : 1756406696736,
      "tn" : 1756406696736673503,
      "q" : "47",
      "p" : "0.34741",
      "s" : "sell",
      "i" : "KRL_USD",
      "m" : "4611686018428861733"
    }, {
      "d" : "1756406696726544177",
      "t" : 1756406696726,
      "tn" : 1756406696726544177,
      "q" : "78",
      "p" : "0.34741",
      "s" : "sell",
      "i" : "KRL_USD",
      "m" : "4611686018428861732"
    }, {
      "d" : "1756406696707112231",
      "t" : 1756406696707,
      "tn" : 1756406696707112231,
      "q" : "130",
      "p" : "0.34741",
      "s" : "sell",
      "i" : "KRL_USD",
      "m" : "4611686018428861731"
    }, {
      "d" : "1756406655356018352",
      "t" : 1756406655356,
      "tn" : 1756406655356018352,
      "q" : "272",
      "p" : "0.34741",
      "s" : "buy",
      "i" : "KRL_USD",
      "m" : "4611686018428861730"
    }, {
      "d" : "1756406625887195648",
      "t" : 1756406625887,
      "tn" : 1756406625887195648,
      "q" : "271",
      "p" : "0.34682",
      "s" : "buy",
      "i" : "KRL_USD",
      "m" : "4611686018428861729"
    }, {
      "d" : "1756402712605148150",
      "t" : 1756402712605,
      "tn" : 1756402712605148150,
      "q" : "276",
      "p" : "0.34552",
      "s" : "buy",
      "i" : "KRL_USD",
      "m" : "4611686018428861728"
    }, {
      "d" : "1756400793957706755",
      "t" : 1756400793957,
      "tn" : 1756400793957706755,
      "q" : "296",
      "p" : "0.34265",
      "s" : "sell",
      "i" : "KRL_USD",
      "m" : "4611686018428861727"
    }, {
      "d" : "1756400690524984225",
      "t" : 1756400690524,
      "tn" : 1756400690524984225,
      "q" : "297",
      "p" : "0.34392",
      "s" : "sell",
      "i" : "KRL_USD",
      "m" : "4611686018428861726"
    }, {
      "d" : "1756400659042630988",
      "t" : 1756400659042,
      "tn" : 1756400659042630988,
      "q" : "297",
      "p" : "0.34392",
      "s" : "sell",
      "i" : "KRL_USD",
      "m" : "4611686018428861725"
    }, {
      "d" : "1756400124570080954",
      "t" : 1756400124570,
      "tn" : 1756400124570080954,
      "q" : "296",
      "p" : "0.34333",
      "s" : "sell",
      "i" : "KRL_USD",
      "m" : "4611686018428861724"
    }, {
      "d" : "1756400046864216252",
      "t" : 1756400046864,
      "tn" : 1756400046864216252,
      "q" : "294",
      "p" : "0.34392",
      "s" : "sell",
      "i" : "KRL_USD",
      "m" : "4611686018428861723"
    }, {
      "d" : "1756399910085033385",
      "t" : 1756399910085,
      "tn" : 1756399910085033385,
      "q" : "67",
      "p" : "0.33850",
      "s" : "buy",
      "i" : "KRL_USD",
      "m" : "4611686018428861722"
    }, {
      "d" : "1756399910077649064",
      "t" : 1756399910077,
      "tn" : 1756399910077649064,
      "q" : "260",
      "p" : "0.33850",
      "s" : "buy",
      "i" : "KRL_USD",
      "m" : "4611686018428861721"
    }, {
      "d" : "1756399910062548734",
      "t" : 1756399910062,
      "tn" : 1756399910062548734,
      "q" : "266",
      "p" : "0.33850",
      "s" : "buy",
      "i" : "KRL_USD",
      "m" : "4611686018428861720"
    }, {
      "d" : "1756399638172823288",
      "t" : 1756399638172,
      "tn" : 1756399638172823288,
      "q" : "296",
      "p" : "0.34392",
      "s" : "sell",
      "i" : "KRL_USD",
      "m" : "4611686018428861719"
    }, {
      "d" : "1756399606375661056",
      "t" : 1756399606375,
      "tn" : 1756399606375661056,
      "q" : "298",
      "p" : "0.34392",
      "s" : "sell",
      "i" : "KRL_USD",
      "m" : "4611686018428861718"
    }, {
      "d" : "1756392448408795693",
      "t" : 1756392448408,
      "tn" : 1756392448408795693,
      "q" : "1512",
      "p" : "0.34488",
      "s" : "sell",
      "i" : "KRL_USD",
      "m" : "4611686018428861717"
    }, {
      "d" : "1756392444484270152",
      "t" : 1756392444484,
      "tn" : 1756392444484270152,
      "q" : "108",
      "p" : "0.34489",
      "s" : "sell",
      "i" : "KRL_USD",
      "m" : "4611686018428861716"
    }, {
      "d" : "1756392323736295427",
      "t" : 1756392323736,
      "tn" : 1756392323736295427,
      "q" : "592",
      "p" : "0.34439",
      "s" : "sell",
      "i" : "KRL_USD",
      "m" : "4611686018428861715"
    }, {
      "d" : "1756392260020425596",
      "t" : 1756392260020,
      "tn" : 1756392260020425596,
      "q" : "437",
      "p" : "0.34498",
      "s" : "sell",
      "i" : "KRL_USD",
      "m" : "4611686018428861714"
    }, {
      "d" : "1756392260020423776",
      "t" : 1756392260020,
      "tn" : 1756392260020423776,
      "q" : "154",
      "p" : "0.34499",
      "s" : "sell",
      "i" : "KRL_USD",
      "m" : "4611686018428861713"
    }, {
      "d" : "1756392086957098956",
      "t" : 1756392086957,
      "tn" : 1756392086957098956,
      "q" : "281",
      "p" : "0.34519",
      "s" : "sell",
      "i" : "KRL_USD",
      "m" : "4611686018428861712"
    }, {
      "d" : "1756392052040366061",
      "t" : 1756392052040,
      "tn" : 1756392052040366061,
      "q" : "301",
      "p" : "0.34498",
      "s" : "sell",
      "i" : "KRL_USD",
      "m" : "4611686018428861711"
    }, {
      "d" : "1756392018775287420",
      "t" : 1756392018775,
      "tn" : 1756392018775287420,
      "q" : "298",
      "p" : "0.34509",
      "s" : "sell",
      "i" : "KRL_USD",
      "m" : "4611686018428861710"
    }, {
      "d" : "1756391840073529960",
      "t" : 1756391840073,
      "tn" : 1756391840073529960,
      "q" : "276",
      "p" : "0.34509",
      "s" : "sell",
      "i" : "KRL_USD",
      "m" : "4611686018428861709"
    }, {
      "d" : "1756391806384972927",
      "t" : 1756391806384,
      "tn" : 1756391806384972927,
      "q" : "299",
      "p" : "0.34439",
      "s" : "sell",
      "i" : "KRL_USD",
      "m" : "4611686018428861708"
    }, {
      "d" : "1756391805130934037",
      "t" : 1756391805130,
      "tn" : 1756391805130934037,
      "q" : "1672",
      "p" : "0.34743",
      "s" : "buy",
      "i" : "KRL_USD",
      "m" : "4611686018428861707"
    }, {
      "d" : "1756391772957848394",
      "t" : 1756391772957,
      "tn" : 1756391772957848394,
      "q" : "298",
      "p" : "0.34498",
      "s" : "sell",
      "i" : "KRL_USD",
      "m" : "4611686018428861706"
    }, {
      "d" : "1756391696619087273",
      "t" : 1756391696619,
      "tn" : 1756391696619087273,
      "q" : "275",
      "p" : "0.34498",
      "s" : "sell",
      "i" : "KRL_USD",
      "m" : "4611686018428861705"
    }, {
      "d" : "1756391645833842548",
      "t" : 1756391645833,
      "tn" : 1756391645833842548,
      "q" : "296",
      "p" : "0.34499",
      "s" : "sell",
      "i" : "KRL_USD",
      "m" : "4611686018428861704"
    }, {
      "d" : "1756390488994364166",
      "t" : 1756390488994,
      "tn" : 1756390488994364166,
      "q" : "294",
      "p" : "0.34528",
      "s" : "sell",
      "i" : "KRL_USD",
      "m" : "4611686018428861703"
    }, {
      "d" : "1756389641102571957",
      "t" : 1756389641102,
      "tn" : 1756389641102571957,
      "q" : "270",
      "p" : "0.34638",
      "s" : "sell",
      "i" : "KRL_USD",
      "m" : "4611686018428861702"
    }, {
      "d" : "1756389572720322673",
      "t" : 1756389572720,
      "tn" : 1756389572720322673,
      "q" : "31",
      "p" : "0.34303",
      "s" : "buy",
      "i" : "KRL_USD",
      "m" : "4611686018428861701"
    }, {
      "d" : "1756389572706956396",
      "t" : 1756389572706,
      "tn" : 1756389572706956396,
      "q" : "262",
      "p" : "0.34303",
      "s" : "buy",
      "i" : "KRL_USD",
      "m" : "4611686018428861700"
    }, {
      "d" : "1756389380549115952",
      "t" : 1756389380549,
      "tn" : 1756389380549115952,
      "q" : "295",
      "p" : "0.34648",
      "s" : "sell",
      "i" : "KRL_USD",
      "m" : "4611686018428861699"
    }, {
      "d" : "1756389303349508377",
      "t" : 1756389303349,
      "tn" : 1756389303349508377,
      "q" : "136",
      "p" : "0.34648",
      "s" : "sell",
      "i" : "KRL_USD",
      "m" : "4611686018428861698"
    }, {
      "d" : "1756389268501750499",
      "t" : 1756389268501,
      "tn" : 1756389268501750499,
      "q" : "298",
      "p" : "0.34589",
      "s" : "sell",
      "i" : "KRL_USD",
      "m" : "4611686018428861697"
    }, {
      "d" : "1756389236249048434",
      "t" : 1756389236249,
      "tn" : 1756389236249048434,
      "q" : "115",
      "p" : "0.34497",
      "s" : "sell",
      "i" : "KRL_USD",
      "m" : "4611686018428861696"
    }, {
      "d" : "1756389200566933870",
      "t" : 1756389200566,
      "tn" : 1756389200566933870,
      "q" : "299",
      "p" : "0.34084",
      "s" : "sell",
      "i" : "KRL_USD",
      "m" : "4611686018428861695"
    }, {
      "d" : "1756388895542130440",
      "t" : 1756388895542,
      "tn" : 1756388895542130440,
      "q" : "249",
      "p" : "0.34082",
      "s" : "sell",
      "i" : "KRL_USD",
      "m" : "4611686018428861694"
    }, {
      "d" : "1756388726327581904",
      "t" : 1756388726327,
      "tn" : 1756388726327581904,
      "q" : "293",
      "p" : "0.34648",
      "s" : "sell",
      "i" : "KRL_USD",
      "m" : "4611686018428861693"
    }, {
      "d" : "1756383666313446645",
      "t" : 1756383666313,
      "tn" : 1756383666313446645,
      "q" : "55",
      "p" : "0.34728",
      "s" : "sell",
      "i" : "KRL_USD",
      "m" : "4611686018428861692"
    }, {
      "d" : "1756383466970697751",
      "t" : 1756383466970,
      "tn" : 1756383466970697751,
      "q" : "273",
      "p" : "0.34883",
      "s" : "buy",
      "i" : "KRL_USD",
      "m" : "4611686018428861691"
    }, {
      "d" : "1756383129466740780",
      "t" : 1756383129466,
      "tn" : 1756383129466740780,
      "q" : "272",
      "p" : "0.34883",
      "s" : "buy",
      "i" : "KRL_USD",
      "m" : "4611686018428861690"
    }, {
      "d" : "1756382893392180946",
      "t" : 1756382893392,
      "tn" : 1756382893392180946,
      "q" : "267",
      "p" : "0.35579",
      "s" : "buy",
      "i" : "KRL_USD",
      "m" : "4611686018428861689"
    }, {
      "d" : "1756382418875834584",
      "t" : 1756382418875,
      "tn" : 1756382418875834584,
      "q" : "273",
      "p" : "0.34883",
      "s" : "buy",
      "i" : "KRL_USD",
      "m" : "4611686018428861688"
    }, {
      "d" : "1756382388405923297",
      "t" : 1756382388405,
      "tn" : 1756382388405923297,
      "q" : "28",
      "p" : "0.34883",
      "s" : "buy",
      "i" : "KRL_USD",
      "m" : "4611686018428861687"
    }, {
      "d" : "1756382388405920575",
      "t" : 1756382388405,
      "tn" : 1756382388405920575,
      "q" : "244",
      "p" : "0.34882",
      "s" : "buy",
      "i" : "KRL_USD",
      "m" : "4611686018428861686"
    }, {
      "d" : "1756381916253819307",
      "t" : 1756381916253,
      "tn" : 1756381916253819307,
      "q" : "273",
      "p" : "0.34883",
      "s" : "buy",
      "i" : "KRL_USD",
      "m" : "4611686018428861685"
    } ]
  }
}