{
  "id" : -1,
  "method" : "public/get-trades",
  "code" : 0,
  "result" : {
    "data" : [ {
      "d" : "1756460050414555285",
      "t" : 1756460050414,
      "tn" : 1756460050414555285,
      "q" : "0.08",
      "p" : "14.760",
      "s" : "sell",
      "i" : "KSM_USD",
      "m" : "4611686018430269429"
    }, {
      "d" : "1756460045020885980",
      "t" : 1756460045020,
      "tn" : 1756460045020885980,
      "q" : "0.08",
      "p" : "14.797",
      "s" : "buy",
      "i" : "KSM_USD",
      "m" : "4611686018430269428"
    }, {
      "d" : "1756459772553497598",
      "t" : 1756459772553,
      "tn" : 1756459772553497598,
      "q" : "0.40",
      "p" : "14.811",
      "s" : "sell",
      "i" : "KSM_USD",
      "m" : "4611686018430269427"
    }, {
      "d" : "1756459579923607395",
      "t" : 1756459579923,
      "tn" : 1756459579923607395,
      "q" : "40.00",
      "p" : "14.829",
      "s" : "sell",
      "i" : "KSM_USD",
      "m" : "4611686018430269426"
    }, {
      "d" : "1756459356506880624",
      "t" : 1756459356506,
      "tn" : 1756459356506880624,
      "q" : "39.65",
      "p" : "14.812",
      "s" : "sell",
      "i" : "KSM_USD",
      "m" : "4611686018430269425"
    }, {
      "d" : "1756458996191130588",
      "t" : 1756458996191,
      "tn" : 1756458996191130588,
      "q" : "0.07",
      "p" : "14.714",
      "s" : "sell",
      "i" : "KSM_USD",
      "m" : "4611686018430269424"
    }, {
      "d" : "1756458903893093600",
      "t" : 1756458903893,
      "tn" : 1756458903893093600,
      "q" : "10.79",
      "p" : "14.732",
      "s" : "buy",
      "i" : "KSM_USD",
      "m" : "4611686018430269423"
    }, {
      "d" : "1756458162693646131",
      "t" : 1756458162693,
      "tn" : 1756458162693646131,
      "q" : "0.08",
      "p" : "14.712",
      "s" : "buy",
      "i" : "KSM_USD",
      "m" : "4611686018430269422"
    }, {
      "d" : "1756457865108803036",
      "t" : 1756457865108,
      "tn" : 1756457865108803036,
      "q" : "0.07",
      "p" : "14.782",
      "s" : "buy",
      "i" : "KSM_USD",
      "m" : "4611686018430269421"
    }, {
      "d" : "1756457575231208216",
      "t" : 1756457575231,
      "tn" : 1756457575231208216,
      "q" : "0.09",
      "p" : "14.836",
      "s" : "buy",
      "i" : "KSM_USD",
      "m" : "4611686018430269420"
    }, {
      "d" : "1756456214172492848",
      "t" : 1756456214172,
      "tn" : 1756456214172492848,
      "q" : "1.00",
      "p" : "14.854",
      "s" : "buy",
      "i" : "KSM_USD",
      "m" : "4611686018430269419"
    }, {
      "d" : "1756455675473222439",
      "t" : 1756455675473,
      "tn" : 1756455675473222439,
      "q" : "9.97",
      "p" : "14.840",
      "s" : "buy",
      "i" : "KSM_USD",
      "m" : "4611686018430269418"
    }, {
      "d" : "1756454604492283694",
      "t" : 1756454604492,
      "tn" : 1756454604492283694,
      "q" : "205.23",
      "p" : "14.927",
      "s" : "sell",
      "i" : "KSM_USD",
      "m" : "4611686018430269417"
    }, {
      "d" : "1756454604492281822",
      "t" : 1756454604492,
      "tn" : 1756454604492281822,
      "q" : "6.29",
      "p" : "14.928",
      "s" : "sell",
      "i" : "KSM_USD",
      "m" : "4611686018430269416"
    }, {
      "d" : "1756454604492279230",
      "t" : 1756454604492,
      "tn" : 1756454604492279230,
      "q" : "22.76",
      "p" : "14.929",
      "s" : "sell",
      "i" : "KSM_USD",
      "m" : "4611686018430269415"
    }, {
      "d" : "1756454604492275503",
      "t" : 1756454604492,
      "tn" : 1756454604492275503,
      "q" : "7.75",
      "p" : "14.930",
      "s" : "sell",
      "i" : "KSM_USD",
      "m" : "4611686018430269414"
    }, {
      "d" : "1756454591452693143",
      "t" : 1756454591452,
      "tn" : 1756454591452693143,
      "q" : "72.19",
      "p" : "14.949",
      "s" : "sell",
      "i" : "KSM_USD",
      "m" : "4611686018430269413"
    }, {
      "d" : "1756454591452689641",
      "t" : 1756454591452,
      "tn" : 1756454591452689641,
      "q" : "13.37",
      "p" : "14.950",
      "s" : "sell",
      "i" : "KSM_USD",
      "m" : "4611686018430269412"
    }, {
      "d" : "1756454587448302702",
      "t" : 1756454587448,
      "tn" : 1756454587448302702,
      "q" : "0.21",
      "p" : "14.962",
      "s" : "sell",
      "i" : "KSM_USD",
      "m" : "4611686018430269411"
    }, {
      "d" : "1756454587447752355",
      "t" : 1756454587447,
      "tn" : 1756454587447752355,
      "q" : "167.78",
      "p" : "14.962",
      "s" : "sell",
      "i" : "KSM_USD",
      "m" : "4611686018430269410"
    }, {
      "d" : "1756454587447750028",
      "t" : 1756454587447,
      "tn" : 1756454587447750028,
      "q" : "12.29",
      "p" : "14.963",
      "s" : "sell",
      "i" : "KSM_USD",
      "m" : "4611686018430269409"
    }, {
      "d" : "1756454540215025316",
      "t" : 1756454540215,
      "tn" : 1756454540215025316,
      "q" : "8.37",
      "p" : "14.977",
      "s" : "buy",
      "i" : "KSM_USD",
      "m" : "4611686018430269408"
    }, {
      "d" : "1756454530734694098",
      "t" : 1756454530734,
      "tn" : 1756454530734694098,
      "q" : "4.97",
      "p" : "15.030",
      "s" : "buy",
      "i" : "KSM_USD",
      "m" : "4611686018430269407"
    }, {
      "d" : "1756454529389337791",
      "t" : 1756454529389,
      "tn" : 1756454529389337791,
      "q" : "50.18",
      "p" : "14.986",
      "s" : "sell",
      "i" : "KSM_USD",
      "m" : "4611686018430269406"
    }, {
      "d" : "1756454529384343588",
      "t" : 1756454529384,
      "tn" : 1756454529384343588,
      "q" : "55.61",
      "p" : "14.986",
      "s" : "sell",
      "i" : "KSM_USD",
      "m" : "4611686018430269405"
    }, {
      "d" : "1756454529379345518",
      "t" : 1756454529379,
      "tn" : 1756454529379345518,
      "q" : "55.61",
      "p" : "14.986",
      "s" : "sell",
      "i" : "KSM_USD",
      "m" : "4611686018430269404"
    }, {
      "d" : "1756454529374552215",
      "t" : 1756454529374,
      "tn" : 1756454529374552215,
      "q" : "55.61",
      "p" : "14.986",
      "s" : "sell",
      "i" : "KSM_USD",
      "m" : "4611686018430269403"
    }, {
      "d" : "1756454529007160176",
      "t" : 1756454529007,
      "tn" : 1756454529007160176,
      "q" : "128.59",
      "p" : "14.962",
      "s" : "buy",
      "i" : "KSM_USD",
      "m" : "4611686018430269402"
    }, {
      "d" : "1756454529007153101",
      "t" : 1756454529007,
      "tn" : 1756454529007153101,
      "q" : "21.61",
      "p" : "14.962",
      "s" : "buy",
      "i" : "KSM_USD",
      "m" : "4611686018430269401"
    }, {
      "d" : "1756454529007119777",
      "t" : 1756454529007,
      "tn" : 1756454529007119777,
      "q" : "147.87",
      "p" : "14.962",
      "s" : "buy",
      "i" : "KSM_USD",
      "m" : "4611686018430269400"
    }, {
      "d" : "1756454529005247361",
      "t" : 1756454529005,
      "tn" : 1756454529005247361,
      "q" : "57.10",
      "p" : "14.962",
      "s" : "buy",
      "i" : "KSM_USD",
      "m" : "4611686018430269399"
    }, {
      "d" : "1756454529005163703",
      "t" : 1756454529005,
      "tn" : 1756454529005163703,
      "q" : "6.02",
      "p" : "14.962",
      "s" : "buy",
      "i" : "KSM_USD",
      "m" : "4611686018430269398"
    }, {
      "d" : "1756454529003819474",
      "t" : 1756454529003,
      "tn" : 1756454529003819474,
      "q" : "43.15",
      "p" : "14.962",
      "s" : "buy",
      "i" : "KSM_USD",
      "m" : "4611686018430269397"
    }, {
      "d" : "1756454529003119129",
      "t" : 1756454529003,
      "tn" : 1756454529003119129,
      "q" : "125.31",
      "p" : "14.962",
      "s" : "buy",
      "i" : "KSM_USD",
      "m" : "4611686018430269396"
    }, {
      "d" : "1756454528997814716",
      "t" : 1756454528997,
      "tn" : 1756454528997814716,
      "q" : "529.65",
      "p" : "14.952",
      "s" : "buy",
      "i" : "KSM_USD",
      "m" : "4611686018430269395"
    }, {
      "d" : "1756454528997812212",
      "t" : 1756454528997,
      "tn" : 1756454528997812212,
      "q" : "17.74",
      "p" : "14.950",
      "s" : "buy",
      "i" : "KSM_USD",
      "m" : "4611686018430269394"
    }, {
      "d" : "1756454528997635195",
      "t" : 1756454528997,
      "tn" : 1756454528997635195,
      "q" : "12.12",
      "p" : "14.950",
      "s" : "buy",
      "i" : "KSM_USD",
      "m" : "4611686018430269393"
    }, {
      "d" : "1756454528994962772",
      "t" : 1756454528994,
      "tn" : 1756454528994962772,
      "q" : "42.35",
      "p" : "14.950",
      "s" : "buy",
      "i" : "KSM_USD",
      "m" : "4611686018430269392"
    }, {
      "d" : "1756454528994960445",
      "t" : 1756454528994,
      "tn" : 1756454528994960445,
      "q" : "7.85",
      "p" : "14.949",
      "s" : "buy",
      "i" : "KSM_USD",
      "m" : "4611686018430269391"
    }, {
      "d" : "1756454392855711149",
      "t" : 1756454392855,
      "tn" : 1756454392855711149,
      "q" : "3.36",
      "p" : "14.889",
      "s" : "sell",
      "i" : "KSM_USD",
      "m" : "4611686018430269390"
    }, {
      "d" : "1756454386156485064",
      "t" : 1756454386156,
      "tn" : 1756454386156485064,
      "q" : "3.39",
      "p" : "14.888",
      "s" : "sell",
      "i" : "KSM_USD",
      "m" : "4611686018430269389"
    }, {
      "d" : "1756453633476498806",
      "t" : 1756453633476,
      "tn" : 1756453633476498806,
      "q" : "10.04",
      "p" : "14.976",
      "s" : "buy",
      "i" : "KSM_USD",
      "m" : "4611686018430269388"
    }, {
      "d" : "1756452373366678074",
      "t" : 1756452373366,
      "tn" : 1756452373366678074,
      "q" : "3.31",
      "p" : "14.963",
      "s" : "sell",
      "i" : "KSM_USD",
      "m" : "4611686018430269387"
    }, {
      "d" : "1756452373366147533",
      "t" : 1756452373366,
      "tn" : 1756452373366147532,
      "q" : "4.69",
      "p" : "14.963",
      "s" : "sell",
      "i" : "KSM_USD",
      "m" : "4611686018430269386"
    }, {
      "d" : "1756452373366147532",
      "t" : 1756452373366,
      "tn" : 1756452373366147532,
      "q" : "2.00",
      "p" : "14.963",
      "s" : "sell",
      "i" : "KSM_USD",
      "m" : "4611686018430269386"
    }, {
      "d" : "1756452271989182011",
      "t" : 1756452271989,
      "tn" : 1756452271989182011,
      "q" : "2.81",
      "p" : "14.922",
      "s" : "sell",
      "i" : "KSM_USD",
      "m" : "4611686018430269385"
    }, {
      "d" : "1756452184324336411",
      "t" : 1756452184324,
      "tn" : 1756452184324336411,
      "q" : "1.00",
      "p" : "14.949",
      "s" : "buy",
      "i" : "KSM_USD",
      "m" : "4611686018430269384"
    }, {
      "d" : "1756451857655886369",
      "t" : 1756451857655,
      "tn" : 1756451857655886369,
      "q" : "0.57",
      "p" : "14.919",
      "s" : "sell",
      "i" : "KSM_USD",
      "m" : "4611686018430269383"
    }, {
      "d" : "1756451857655884498",
      "t" : 1756451857655,
      "tn" : 1756451857655884498,
      "q" : "1.00",
      "p" : "14.966",
      "s" : "sell",
      "i" : "KSM_USD",
      "m" : "4611686018430269382"
    }, {
      "d" : "1756451850570914784",
      "t" : 1756451850570,
      "tn" : 1756451850570914784,
      "q" : "1.00",
      "p" : "14.995",
      "s" : "sell",
      "i" : "KSM_USD",
      "m" : "4611686018430269381"
    }, {
      "d" : "1756450030054750899",
      "t" : 1756450030054,
      "tn" : 1756450030054750899,
      "q" : "5.42",
      "p" : "15.240",
      "s" : "buy",
      "i" : "KSM_USD",
      "m" : "4611686018430269380"
    }, {
      "d" : "1756448779580742929",
      "t" : 1756448779580,
      "tn" : 1756448779580742929,
      "q" : "13.00",
      "p" : "15.245",
      "s" : "sell",
      "i" : "KSM_USD",
      "m" : "4611686018430269379"
    }, {
      "d" : "1756448779577048992",
      "t" : 1756448779577,
      "tn" : 1756448779577048992,
      "q" : "19.95",
      "p" : "15.245",
      "s" : "sell",
      "i" : "KSM_USD",
      "m" : "4611686018430269378"
    }, {
      "d" : "1756448779577047092",
      "t" : 1756448779577,
      "tn" : 1756448779577047092,
      "q" : "25.65",
      "p" : "15.246",
      "s" : "sell",
      "i" : "KSM_USD",
      "m" : "4611686018430269377"
    }, {
      "d" : "1756448779571608211",
      "t" : 1756448779571,
      "tn" : 1756448779571608211,
      "q" : "5.00",
      "p" : "15.246",
      "s" : "sell",
      "i" : "KSM_USD",
      "m" : "4611686018430269376"
    }, {
      "d" : "1756448779566539173",
      "t" : 1756448779566,
      "tn" : 1756448779566539173,
      "q" : "11.15",
      "p" : "15.248",
      "s" : "sell",
      "i" : "KSM_USD",
      "m" : "4611686018430269375"
    }, {
      "d" : "1756448282386790911",
      "t" : 1756448282386,
      "tn" : 1756448282386790911,
      "q" : "45.60",
      "p" : "15.272",
      "s" : "buy",
      "i" : "KSM_USD",
      "m" : "4611686018430269374"
    }, {
      "d" : "1756447701404154701",
      "t" : 1756447701404,
      "tn" : 1756447701404154701,
      "q" : "0.62",
      "p" : "15.324",
      "s" : "sell",
      "i" : "KSM_USD",
      "m" : "4611686018430269373"
    }, {
      "d" : "1756447684256154315",
      "t" : 1756447684256,
      "tn" : 1756447684256154315,
      "q" : "1.63",
      "p" : "15.320",
      "s" : "sell",
      "i" : "KSM_USD",
      "m" : "4611686018430269372"
    }, {
      "d" : "1756447337772600247",
      "t" : 1756447337772,
      "tn" : 1756447337772600247,
      "q" : "3.25",
      "p" : "15.327",
      "s" : "sell",
      "i" : "KSM_USD",
      "m" : "4611686018430269371"
    }, {
      "d" : "1756446542710936720",
      "t" : 1756446542710,
      "tn" : 1756446542710936720,
      "q" : "1.16",
      "p" : "15.408",
      "s" : "sell",
      "i" : "KSM_USD",
      "m" : "4611686018430269370"
    }, {
      "d" : "1756443417628335178",
      "t" : 1756443417628,
      "tn" : 1756443417628335178,
      "q" : "3.64",
      "p" : "15.274",
      "s" : "sell",
      "i" : "KSM_USD",
      "m" : "4611686018430269369"
    }, {
      "d" : "1756442528983802017",
      "t" : 1756442528983,
      "tn" : 1756442528983802017,
      "q" : "3.64",
      "p" : "15.333",
      "s" : "buy",
      "i" : "KSM_USD",
      "m" : "4611686018430269368"
    }, {
      "d" : "1756441811535157237",
      "t" : 1756441811535,
      "tn" : 1756441811535157237,
      "q" : "0.35",
      "p" : "15.454",
      "s" : "sell",
      "i" : "KSM_USD",
      "m" : "4611686018430269367"
    }, {
      "d" : "1756441272565549426",
      "t" : 1756441272565,
      "tn" : 1756441272565549426,
      "q" : "3.70",
      "p" : "15.423",
      "s" : "sell",
      "i" : "KSM_USD",
      "m" : "4611686018430269366"
    }, {
      "d" : "1756441262164144566",
      "t" : 1756441262164,
      "tn" : 1756441262164144566,
      "q" : "6.47",
      "p" : "15.423",
      "s" : "sell",
      "i" : "KSM_USD",
      "m" : "4611686018430269365"
    }, {
      "d" : "1756441262163730429",
      "t" : 1756441262163,
      "tn" : 1756441262163730429,
      "q" : "3.24",
      "p" : "15.423",
      "s" : "sell",
      "i" : "KSM_USD",
      "m" : "4611686018430269364"
    }, {
      "d" : "1756441258894907564",
      "t" : 1756441258894,
      "tn" : 1756441258894907564,
      "q" : "2.47",
      "p" : "15.423",
      "s" : "sell",
      "i" : "KSM_USD",
      "m" : "4611686018430269363"
    }, {
      "d" : "1756440609943165089",
      "t" : 1756440609943,
      "tn" : 1756440609943165089,
      "q" : "3.42",
      "p" : "15.339",
      "s" : "buy",
      "i" : "KSM_USD",
      "m" : "4611686018430269362"
    }, {
      "d" : "1756440349278279304",
      "t" : 1756440349278,
      "tn" : 1756440349278279304,
      "q" : "0.46",
      "p" : "15.389",
      "s" : "buy",
      "i" : "KSM_USD",
      "m" : "4611686018430269361"
    }, {
      "d" : "1756440181234950911",
      "t" : 1756440181234,
      "tn" : 1756440181234950911,
      "q" : "3.22",
      "p" : "15.369",
      "s" : "sell",
      "i" : "KSM_USD",
      "m" : "4611686018430269360"
    }, {
      "d" : "1756439474919898479",
      "t" : 1756439474919,
      "tn" : 1756439474919898479,
      "q" : "6.40",
      "p" : "15.392",
      "s" : "buy",
      "i" : "KSM_USD",
      "m" : "4611686018430269359"
    }, {
      "d" : "1756437733760279703",
      "t" : 1756437733760,
      "tn" : 1756437733760279703,
      "q" : "0.15",
      "p" : "15.376",
      "s" : "sell",
      "i" : "KSM_USD",
      "m" : "4611686018430269358"
    }, {
      "d" : "1756436906466045322",
      "t" : 1756436906466,
      "tn" : 1756436906466045322,
      "q" : "3.36",
      "p" : "15.487",
      "s" : "sell",
      "i" : "KSM_USD",
      "m" : "4611686018430269357"
    }, {
      "d" : "1756436044892981914",
      "t" : 1756436044892,
      "tn" : 1756436044892981914,
      "q" : "2.09",
      "p" : "15.493",
      "s" : "buy",
      "i" : "KSM_USD",
      "m" : "4611686018430269356"
    }, {
      "d" : "1756430525408090910",
      "t" : 1756430525408,
      "tn" : 1756430525408090910,
      "q" : "2.51",
      "p" : "15.340",
      "s" : "buy",
      "i" : "KSM_USD",
      "m" : "4611686018430269355"
    }, {
      "d" : "1756430065400812361",
      "t" : 1756430065400,
      "tn" : 1756430065400812361,
      "q" : "1.00",
      "p" : "15.444",
      "s" : "buy",
      "i" : "KSM_USD",
      "m" : "4611686018430269354"
    }, {
      "d" : "1756429544595928270",
      "t" : 1756429544595,
      "tn" : 1756429544595928270,
      "q" : "0.62",
      "p" : "15.535",
      "s" : "sell",
      "i" : "KSM_USD",
      "m" : "4611686018430269353"
    }, {
      "d" : "1756428701077813739",
      "t" : 1756428701077,
      "tn" : 1756428701077813739,
      "q" : "1.61",
      "p" : "15.533",
      "s" : "sell",
      "i" : "KSM_USD",
      "m" : "4611686018430269352"
    }, {
      "d" : "1756428678018478870",
      "t" : 1756428678018,
      "tn" : 1756428678018478870,
      "q" : "2.58",
      "p" : "15.533",
      "s" : "sell",
      "i" : "KSM_USD",
      "m" : "4611686018430269351"
    }, {
      "d" : "1756428321129735550",
      "t" : 1756428321129,
      "tn" : 1756428321129735550,
      "q" : "0.19",
      "p" : "15.527",
      "s" : "sell",
      "i" : "KSM_USD",
      "m" : "4611686018430269350"
    }, {
      "d" : "1756428166170247749",
      "t" : 1756428166170,
      "tn" : 1756428166170247749,
      "q" : "0.92",
      "p" : "15.492",
      "s" : "buy",
      "i" : "KSM_USD",
      "m" : "4611686018430269349"
    }, {
      "d" : "1756428154437367852",
      "t" : 1756428154437,
      "tn" : 1756428154437367852,
      "q" : "2.07",
      "p" : "15.529",
      "s" : "sell",
      "i" : "KSM_USD",
      "m" : "4611686018430269348"
    }, {
      "d" : "1756428137220191662",
      "t" : 1756428137220,
      "tn" : 1756428137220191662,
      "q" : "6.52",
      "p" : "15.529",
      "s" : "sell",
      "i" : "KSM_USD",
      "m" : "4611686018430269347"
    }, {
      "d" : "1756425816783873561",
      "t" : 1756425816783,
      "tn" : 1756425816783873561,
      "q" : "2.13",
      "p" : "15.660",
      "s" : "sell",
      "i" : "KSM_USD",
      "m" : "4611686018430269346"
    }, {
      "d" : "1756425708945131416",
      "t" : 1756425708945,
      "tn" : 1756425708945131416,
      "q" : "0.50",
      "p" : "15.660",
      "s" : "sell",
      "i" : "KSM_USD",
      "m" : "4611686018430269345"
    }, {
      "d" : "1756425653164423648",
      "t" : 1756425653164,
      "tn" : 1756425653164423648,
      "q" : "0.44",
      "p" : "15.657",
      "s" : "sell",
      "i" : "KSM_USD",
      "m" : "4611686018430269344"
    }, {
      "d" : "1756424789389270491",
      "t" : 1756424789389,
      "tn" : 1756424789389270491,
      "q" : "2.51",
      "p" : "15.637",
      "s" : "buy",
      "i" : "KSM_USD",
      "m" : "4611686018430269343"
    }, {
      "d" : "1756424178955670038",
      "t" : 1756424178955,
      "tn" : 1756424178955670038,
      "q" : "0.14",
      "p" : "15.607",
      "s" : "sell",
      "i" : "KSM_USD",
      "m" : "4611686018430269342"
    }, {
      "d" : "1756424178954746587",
      "t" : 1756424178954,
      "tn" : 1756424178954746587,
      "q" : "1.01",
      "p" : "15.607",
      "s" : "sell",
      "i" : "KSM_USD",
      "m" : "4611686018430269341"
    }, {
      "d" : "1756424178953377864",
      "t" : 1756424178953,
      "tn" : 1756424178953377864,
      "q" : "1.00",
      "p" : "15.607",
      "s" : "sell",
      "i" : "KSM_USD",
      "m" : "4611686018430269340"
    }, {
      "d" : "1756422508536466402",
      "t" : 1756422508536,
      "tn" : 1756422508536466402,
      "q" : "1.00",
      "p" : "15.582",
      "s" : "buy",
      "i" : "KSM_USD",
      "m" : "4611686018430269339"
    }, {
      "d" : "1756420224207325222",
      "t" : 1756420224207,
      "tn" : 1756420224207325222,
      "q" : "2.56",
      "p" : "15.602",
      "s" : "buy",
      "i" : "KSM_USD",
      "m" : "4611686018430269338"
    }, {
      "d" : "1756420008371952960",
      "t" : 1756420008371,
      "tn" : 1756420008371952960,
      "q" : "0.81",
      "p" : "15.561",
      "s" : "sell",
      "i" : "KSM_USD",
      "m" : "4611686018430269337"
    }, {
      "d" : "1756418157809180516",
      "t" : 1756418157809,
      "tn" : 1756418157809180516,
      "q" : "2.32",
      "p" : "15.411",
      "s" : "buy",
      "i" : "KSM_USD",
      "m" : "4611686018430269336"
    }, {
      "d" : "1756417374378487217",
      "t" : 1756417374378,
      "tn" : 1756417374378487217,
      "q" : "2.50",
      "p" : "15.391",
      "s" : "buy",
      "i" : "KSM_USD",
      "m" : "4611686018430269335"
    }, {
      "d" : "1756416466188953647",
      "t" : 1756416466188,
      "tn" : 1756416466188953647,
      "q" : "1.04",
      "p" : "15.427",
      "s" : "buy",
      "i" : "KSM_USD",
      "m" : "4611686018430269334"
    }, {
      "d" : "1756416349724394529",
      "t" : 1756416349724,
      "tn" : 1756416349724394529,
      "q" : "1.64",
      "p" : "15.494",
      "s" : "sell",
      "i" : "KSM_USD",
      "m" : "4611686018430269333"
    }, {
      "d" : "1756416142842732065",
      "t" : 1756416142842,
      "tn" : 1756416142842732065,
      "q" : "1.01",
      "p" : "15.481",
      "s" : "sell",
      "i" : "KSM_USD",
      "m" : "4611686018430269332"
    }, {
      "d" : "1756415714316526481",
      "t" : 1756415714316,
      "tn" : 1756415714316526481,
      "q" : "0.50",
      "p" : "15.383",
      "s" : "sell",
      "i" : "KSM_USD",
      "m" : "4611686018430269331"
    }, {
      "d" : "1756414310642843417",
      "t" : 1756414310642,
      "tn" : 1756414310642843417,
      "q" : "3.90",
      "p" : "15.387",
      "s" : "buy",
      "i" : "KSM_USD",
      "m" : "4611686018430269330"
    }, {
      "d" : "1756411541298208234",
      "t" : 1756411541298,
      "tn" : 1756411541298208234,
      "q" : "0.74",
      "p" : "15.346",
      "s" : "sell",
      "i" : "KSM_USD",
      "m" : "4611686018430269329"
    }, {
      "d" : "1756411509234018228",
      "t" : 1756411509234,
      "tn" : 1756411509234018228,
      "q" : "1.63",
      "p" : "15.346",
      "s" : "sell",
      "i" : "KSM_USD",
      "m" : "4611686018430269328"
    }, {
      "d" : "1756411509219432781",
      "t" : 1756411509219,
      "tn" : 1756411509219432781,
      "q" : "2.61",
      "p" : "15.346",
      "s" : "sell",
      "i" : "KSM_USD",
      "m" : "4611686018430269327"
    }, {
      "d" : "1756411505973579776",
      "t" : 1756411505973,
      "tn" : 1756411505973579776,
      "q" : "13.03",
      "p" : "15.346",
      "s" : "sell",
      "i" : "KSM_USD",
      "m" : "4611686018430269326"
    }, {
      "d" : "1756410932366000602",
      "t" : 1756410932366,
      "tn" : 1756410932366000602,
      "q" : "14.56",
      "p" : "15.391",
      "s" : "sell",
      "i" : "KSM_USD",
      "m" : "4611686018430269325"
    }, {
      "d" : "1756410932365700263",
      "t" : 1756410932365,
      "tn" : 1756410932365700263,
      "q" : "8.00",
      "p" : "15.391",
      "s" : "sell",
      "i" : "KSM_USD",
      "m" : "4611686018430269324"
    }, {
      "d" : "1756410932365070759",
      "t" : 1756410932365,
      "tn" : 1756410932365070759,
      "q" : "0.76",
      "p" : "15.391",
      "s" : "sell",
      "i" : "KSM_USD",
      "m" : "4611686018430269323"
    }, {
      "d" : "1756409788170103334",
      "t" : 1756409788170,
      "tn" : 1756409788170103334,
      "q" : "8.00",
      "p" : "15.452",
      "s" : "buy",
      "i" : "KSM_USD",
      "m" : "4611686018430269322"
    }, {
      "d" : "1756409693982044601",
      "t" : 1756409693982,
      "tn" : 1756409693982044601,
      "q" : "0.82",
      "p" : "15.425",
      "s" : "sell",
      "i" : "KSM_USD",
      "m" : "4611686018430269321"
    }, {
      "d" : "1756409693981309106",
      "t" : 1756409693981,
      "tn" : 1756409693981309106,
      "q" : "0.83",
      "p" : "15.482",
      "s" : "sell",
      "i" : "KSM_USD",
      "m" : "4611686018430269320"
    }, {
      "d" : "1756408212408324343",
      "t" : 1756408212408,
      "tn" : 1756408212408324343,
      "q" : "1.84",
      "p" : "15.556",
      "s" : "buy",
      "i" : "KSM_USD",
      "m" : "4611686018430269319"
    }, {
      "d" : "1756407928835951188",
      "t" : 1756407928835,
      "tn" : 1756407928835951188,
      "q" : "1.61",
      "p" : "15.552",
      "s" : "sell",
      "i" : "KSM_USD",
      "m" : "4611686018430269318"
    }, {
      "d" : "1756407928816502335",
      "t" : 1756407928816,
      "tn" : 1756407928816502335,
      "q" : "39.40",
      "p" : "15.552",
      "s" : "sell",
      "i" : "KSM_USD",
      "m" : "4611686018430269317"
    }, {
      "d" : "1756407928816024243",
      "t" : 1756407928816,
      "tn" : 1756407928816024243,
      "q" : "32.15",
      "p" : "15.552",
      "s" : "sell",
      "i" : "KSM_USD",
      "m" : "4611686018430269316"
    }, {
      "d" : "1756407928808000286",
      "t" : 1756407928808,
      "tn" : 1756407928808000286,
      "q" : "38.63",
      "p" : "15.552",
      "s" : "sell",
      "i" : "KSM_USD",
      "m" : "4611686018430269315"
    }, {
      "d" : "1756407825151135178",
      "t" : 1756407825151,
      "tn" : 1756407825151135178,
      "q" : "8.29",
      "p" : "15.548",
      "s" : "sell",
      "i" : "KSM_USD",
      "m" : "4611686018430269314"
    }, {
      "d" : "1756407764996232028",
      "t" : 1756407764996,
      "tn" : 1756407764996232028,
      "q" : "12.12",
      "p" : "15.544",
      "s" : "sell",
      "i" : "KSM_USD",
      "m" : "4611686018430269313"
    }, {
      "d" : "1756407764983985479",
      "t" : 1756407764983,
      "tn" : 1756407764983985479,
      "q" : "32.17",
      "p" : "15.544",
      "s" : "sell",
      "i" : "KSM_USD",
      "m" : "4611686018430269312"
    }, {
      "d" : "1756407761776333236",
      "t" : 1756407761776,
      "tn" : 1756407761776333236,
      "q" : "82.98",
      "p" : "15.537",
      "s" : "sell",
      "i" : "KSM_USD",
      "m" : "4611686018430269311"
    }, {
      "d" : "1756407761774187269",
      "t" : 1756407761774,
      "tn" : 1756407761774187269,
      "q" : "4.25",
      "p" : "15.537",
      "s" : "sell",
      "i" : "KSM_USD",
      "m" : "4611686018430269310"
    }, {
      "d" : "1756407230963660959",
      "t" : 1756407230963,
      "tn" : 1756407230963660959,
      "q" : "10.00",
      "p" : "15.572",
      "s" : "buy",
      "i" : "KSM_USD",
      "m" : "4611686018430269309"
    }, {
      "d" : "1756406572827210929",
      "t" : 1756406572827,
      "tn" : 1756406572827210929,
      "q" : "4.00",
      "p" : "15.542",
      "s" : "buy",
      "i" : "KSM_USD",
      "m" : "4611686018430269308"
    }, {
      "d" : "1756405332878296892",
      "t" : 1756405332878,
      "tn" : 1756405332878296892,
      "q" : "17.16",
      "p" : "15.490",
      "s" : "sell",
      "i" : "KSM_USD",
      "m" : "4611686018430269307"
    }, {
      "d" : "1756404952375137497",
      "t" : 1756404952375,
      "tn" : 1756404952375137497,
      "q" : "1.74",
      "p" : "15.439",
      "s" : "sell",
      "i" : "KSM_USD",
      "m" : "4611686018430269306"
    }, {
      "d" : "1756403890525879594",
      "t" : 1756403890525,
      "tn" : 1756403890525879594,
      "q" : "1.74",
      "p" : "15.477",
      "s" : "buy",
      "i" : "KSM_USD",
      "m" : "4611686018430269305"
    }, {
      "d" : "1756402709299759346",
      "t" : 1756402709299,
      "tn" : 1756402709299759346,
      "q" : "0.44",
      "p" : "15.478",
      "s" : "sell",
      "i" : "KSM_USD",
      "m" : "4611686018430269304"
    }, {
      "d" : "1756401217415852524",
      "t" : 1756401217415,
      "tn" : 1756401217415852524,
      "q" : "1.45",
      "p" : "15.413",
      "s" : "buy",
      "i" : "KSM_USD",
      "m" : "4611686018430269303"
    }, {
      "d" : "1756399358317922201",
      "t" : 1756399358317,
      "tn" : 1756399358317922201,
      "q" : "61.82",
      "p" : "15.596",
      "s" : "sell",
      "i" : "KSM_USD",
      "m" : "4611686018430269302"
    }, {
      "d" : "1756398617419789654",
      "t" : 1756398617419,
      "tn" : 1756398617419789654,
      "q" : "3.10",
      "p" : "15.594",
      "s" : "sell",
      "i" : "KSM_USD",
      "m" : "4611686018430269301"
    }, {
      "d" : "1756397550628951642",
      "t" : 1756397550628,
      "tn" : 1756397550628951642,
      "q" : "3.11",
      "p" : "15.603",
      "s" : "buy",
      "i" : "KSM_USD",
      "m" : "4611686018430269300"
    }, {
      "d" : "1756396712028042307",
      "t" : 1756396712028,
      "tn" : 1756396712028042307,
      "q" : "49.91",
      "p" : "15.567",
      "s" : "buy",
      "i" : "KSM_USD",
      "m" : "4611686018430269299"
    }, {
      "d" : "1756396712026820565",
      "t" : 1756396712026,
      "tn" : 1756396712026820565,
      "q" : "13.91",
      "p" : "15.566",
      "s" : "buy",
      "i" : "KSM_USD",
      "m" : "4611686018430269298"
    }, {
      "d" : "1756396417346859543",
      "t" : 1756396417346,
      "tn" : 1756396417346859543,
      "q" : "7.11",
      "p" : "15.504",
      "s" : "sell",
      "i" : "KSM_USD",
      "m" : "4611686018430269297"
    }, {
      "d" : "1756396417346857336",
      "t" : 1756396417346,
      "tn" : 1756396417346857336,
      "q" : "12.89",
      "p" : "15.505",
      "s" : "sell",
      "i" : "KSM_USD",
      "m" : "4611686018430269296"
    }, {
      "d" : "1756395805727989917",
      "t" : 1756395805727,
      "tn" : 1756395805727989917,
      "q" : "10.16",
      "p" : "15.600",
      "s" : "buy",
      "i" : "KSM_USD",
      "m" : "4611686018430269295"
    }, {
      "d" : "1756394915838290273",
      "t" : 1756394915838,
      "tn" : 1756394915838290273,
      "q" : "0.62",
      "p" : "15.669",
      "s" : "sell",
      "i" : "KSM_USD",
      "m" : "4611686018430269294"
    }, {
      "d" : "1756394481532700278",
      "t" : 1756394481532,
      "tn" : 1756394481532700278,
      "q" : "20.26",
      "p" : "15.728",
      "s" : "sell",
      "i" : "KSM_USD",
      "m" : "4611686018430269293"
    }, {
      "d" : "1756393707994258666",
      "t" : 1756393707994,
      "tn" : 1756393707994258666,
      "q" : "6.48",
      "p" : "15.740",
      "s" : "buy",
      "i" : "KSM_USD",
      "m" : "4611686018430269292"
    }, {
      "d" : "1756392098812741164",
      "t" : 1756392098812,
      "tn" : 1756392098812741164,
      "q" : "1.00",
      "p" : "15.732",
      "s" : "buy",
      "i" : "KSM_USD",
      "m" : "4611686018430269291"
    }, {
      "d" : "1756391905613503545",
      "t" : 1756391905613,
      "tn" : 1756391905613503545,
      "q" : "6.88",
      "p" : "15.738",
      "s" : "sell",
      "i" : "KSM_USD",
      "m" : "4611686018430269290"
    }, {
      "d" : "1756388758164307371",
      "t" : 1756388758164,
      "tn" : 1756388758164307371,
      "q" : "6.31",
      "p" : "15.619",
      "s" : "sell",
      "i" : "KSM_USD",
      "m" : "4611686018430269289"
    }, {
      "d" : "1756388614774904158",
      "t" : 1756388614774,
      "tn" : 1756388614774904158,
      "q" : "3.78",
      "p" : "15.696",
      "s" : "sell",
      "i" : "KSM_USD",
      "m" : "4611686018430269288"
    }, {
      "d" : "1756387079044002875",
      "t" : 1756387079044,
      "tn" : 1756387079044002875,
      "q" : "0.44",
      "p" : "15.692",
      "s" : "sell",
      "i" : "KSM_USD",
      "m" : "4611686018430269287"
    }, {
      "d" : "1756387015899150794",
      "t" : 1756387015899,
      "tn" : 1756387015899150794,
      "q" : "1.56",
      "p" : "15.687",
      "s" : "sell",
      "i" : "KSM_USD",
      "m" : "4611686018430269286"
    }, {
      "d" : "1756386974881372357",
      "t" : 1756386974881,
      "tn" : 1756386974881372357,
      "q" : "10.00",
      "p" : "15.650",
      "s" : "buy",
      "i" : "KSM_USD",
      "m" : "4611686018430269285"
    }, {
      "d" : "1756386149055484224",
      "t" : 1756386149055,
      "tn" : 1756386149055484224,
      "q" : "1.53",
      "p" : "15.677",
      "s" : "sell",
      "i" : "KSM_USD",
      "m" : "4611686018430269284"
    }, {
      "d" : "1756385544169388335",
      "t" : 1756385544169,
      "tn" : 1756385544169388335,
      "q" : "0.74",
      "p" : "15.736",
      "s" : "sell",
      "i" : "KSM_USD",
      "m" : "4611686018430269283"
    }, {
      "d" : "1756385350366978799",
      "t" : 1756385350366,
      "tn" : 1756385350366978799,
      "q" : "19.08",
      "p" : "15.720",
      "s" : "sell",
      "i" : "KSM_USD",
      "m" : "4611686018430269282"
    }, {
      "d" : "1756384944069719043",
      "t" : 1756384944069,
      "tn" : 1756384944069719043,
      "q" : "19.04",
      "p" : "15.755",
      "s" : "buy",
      "i" : "KSM_USD",
      "m" : "4611686018430269281"
    } ]
  }
}