{
  "id" : -1,
  "method" : "public/get-trades",
  "code" : 0,
  "result" : {
    "data" : [ {
      "d" : "1756460457627666633",
      "t" : 1756460457627,
      "tn" : 1756460457627666633,
      "q" : "0.07",
      "p" : "14.765",
      "s" : "sell",
      "i" : "KSM_USDT",
      "m" : "4611686018430608189"
    }, {
      "d" : "1756460452187537928",
      "t" : 1756460452187,
      "tn" : 1756460452187537928,
      "q" : "0.07",
      "p" : "14.807",
      "s" : "buy",
      "i" : "KSM_USDT",
      "m" : "4611686018430608188"
    }, {
      "d" : "1756457864608003221",
      "t" : 1756457864608,
      "tn" : 1756457864608003221,
      "q" : "1.01",
      "p" : "14.750",
      "s" : "sell",
      "i" : "KSM_USDT",
      "m" : "4611686018430608187"
    }, {
      "d" : "1756454591452702249",
      "t" : 1756454591452,
      "tn" : 1756454591452702249,
      "q" : "77.31",
      "p" : "14.946",
      "s" : "sell",
      "i" : "KSM_USDT",
      "m" : "4611686018430608186"
    }, {
      "d" : "1756454591452699542",
      "t" : 1756454591452,
      "tn" : 1756454591452699542,
      "q" : "10.03",
      "p" : "14.947",
      "s" : "sell",
      "i" : "KSM_USDT",
      "m" : "4611686018430608185"
    }, {
      "d" : "1756454530205668029",
      "t" : 1756454530205,
      "tn" : 1756454530205668029,
      "q" : "31.88",
      "p" : "14.968",
      "s" : "sell",
      "i" : "KSM_USDT",
      "m" : "4611686018430608184"
    }, {
      "d" : "1756454530205113996",
      "t" : 1756454530205,
      "tn" : 1756454530205113996,
      "q" : "31.86",
      "p" : "14.968",
      "s" : "sell",
      "i" : "KSM_USDT",
      "m" : "4611686018430608183"
    }, {
      "d" : "1756454530204523778",
      "t" : 1756454530204,
      "tn" : 1756454530204523778,
      "q" : "31.85",
      "p" : "14.968",
      "s" : "sell",
      "i" : "KSM_USDT",
      "m" : "4611686018430608182"
    }, {
      "d" : "1756454530204024251",
      "t" : 1756454530204,
      "tn" : 1756454530204024251,
      "q" : "31.83",
      "p" : "14.968",
      "s" : "sell",
      "i" : "KSM_USDT",
      "m" : "4611686018430608181"
    }, {
      "d" : "1756454530203513080",
      "t" : 1756454530203,
      "tn" : 1756454530203513080,
      "q" : "31.82",
      "p" : "14.968",
      "s" : "sell",
      "i" : "KSM_USDT",
      "m" : "4611686018430608180"
    }, {
      "d" : "1756454530202955115",
      "t" : 1756454530202,
      "tn" : 1756454530202955115,
      "q" : "31.80",
      "p" : "14.968",
      "s" : "sell",
      "i" : "KSM_USDT",
      "m" : "4611686018430608179"
    }, {
      "d" : "1756454529988330541",
      "t" : 1756454529988,
      "tn" : 1756454529988330541,
      "q" : "56.57",
      "p" : "14.983",
      "s" : "sell",
      "i" : "KSM_USDT",
      "m" : "4611686018430608178"
    }, {
      "d" : "1756454529987735481",
      "t" : 1756454529987,
      "tn" : 1756454529987735481,
      "q" : "56.55",
      "p" : "14.983",
      "s" : "sell",
      "i" : "KSM_USDT",
      "m" : "4611686018430608177"
    }, {
      "d" : "1756454529381845926",
      "t" : 1756454529381,
      "tn" : 1756454529381845926,
      "q" : "30.68",
      "p" : "14.983",
      "s" : "sell",
      "i" : "KSM_USDT",
      "m" : "4611686018430608176"
    }, {
      "d" : "1756454529012580382",
      "t" : 1756454529012,
      "tn" : 1756454529012580382,
      "q" : "21.01",
      "p" : "14.981",
      "s" : "buy",
      "i" : "KSM_USDT",
      "m" : "4611686018430608175"
    }, {
      "d" : "1756454529012351729",
      "t" : 1756454529012,
      "tn" : 1756454529012351729,
      "q" : "2.80",
      "p" : "14.981",
      "s" : "buy",
      "i" : "KSM_USDT",
      "m" : "4611686018430608174"
    }, {
      "d" : "1756454529011867708",
      "t" : 1756454529011,
      "tn" : 1756454529011867708,
      "q" : "7.81",
      "p" : "14.981",
      "s" : "buy",
      "i" : "KSM_USDT",
      "m" : "4611686018430608173"
    }, {
      "d" : "1756454529008487567",
      "t" : 1756454529008,
      "tn" : 1756454529008487567,
      "q" : "33.40",
      "p" : "14.981",
      "s" : "buy",
      "i" : "KSM_USDT",
      "m" : "4611686018430608172"
    }, {
      "d" : "1756454529008209234",
      "t" : 1756454529008,
      "tn" : 1756454529008209234,
      "q" : "6.04",
      "p" : "14.981",
      "s" : "buy",
      "i" : "KSM_USDT",
      "m" : "4611686018430608171"
    }, {
      "d" : "1756454529008109418",
      "t" : 1756454529008,
      "tn" : 1756454529008109418,
      "q" : "6.04",
      "p" : "14.970",
      "s" : "buy",
      "i" : "KSM_USDT",
      "m" : "4611686018430608170"
    }, {
      "d" : "1756454529007366466",
      "t" : 1756454529007,
      "tn" : 1756454529007366466,
      "q" : "30.69",
      "p" : "14.970",
      "s" : "buy",
      "i" : "KSM_USDT",
      "m" : "4611686018430608169"
    }, {
      "d" : "1756454529007154504",
      "t" : 1756454529007,
      "tn" : 1756454529007154504,
      "q" : "13.77",
      "p" : "14.970",
      "s" : "buy",
      "i" : "KSM_USDT",
      "m" : "4611686018430608168"
    }, {
      "d" : "1756454529003823115",
      "t" : 1756454529003,
      "tn" : 1756454529003823115,
      "q" : "29.70",
      "p" : "14.968",
      "s" : "buy",
      "i" : "KSM_USDT",
      "m" : "4611686018430608167"
    }, {
      "d" : "1756454528997921359",
      "t" : 1756454528997,
      "tn" : 1756454528997921359,
      "q" : "378.97",
      "p" : "14.948",
      "s" : "buy",
      "i" : "KSM_USDT",
      "m" : "4611686018430608166"
    }, {
      "d" : "1756454528997919938",
      "t" : 1756454528997,
      "tn" : 1756454528997919938,
      "q" : "50.12",
      "p" : "14.947",
      "s" : "buy",
      "i" : "KSM_USDT",
      "m" : "4611686018430608165"
    }, {
      "d" : "1756454528997917555",
      "t" : 1756454528997,
      "tn" : 1756454528997917555,
      "q" : "3.32",
      "p" : "14.945",
      "s" : "buy",
      "i" : "KSM_USDT",
      "m" : "4611686018430608164"
    }, {
      "d" : "1756454315811268044",
      "t" : 1756454315811,
      "tn" : 1756454315811268044,
      "q" : "1.00",
      "p" : "14.913",
      "s" : "sell",
      "i" : "KSM_USDT",
      "m" : "4611686018430608163"
    }, {
      "d" : "1756449586573220252",
      "t" : 1756449586573,
      "tn" : 1756449586573220252,
      "q" : "0.98",
      "p" : "15.208",
      "s" : "sell",
      "i" : "KSM_USDT",
      "m" : "4611686018430608162"
    }, {
      "d" : "1756448851897998526",
      "t" : 1756448851897,
      "tn" : 1756448851897998526,
      "q" : "6.53",
      "p" : "15.279",
      "s" : "buy",
      "i" : "KSM_USDT",
      "m" : "4611686018430608161"
    }, {
      "d" : "1756448850897963189",
      "t" : 1756448850897,
      "tn" : 1756448850897963189,
      "q" : "6.52",
      "p" : "15.278",
      "s" : "buy",
      "i" : "KSM_USDT",
      "m" : "4611686018430608160"
    }, {
      "d" : "1756448779566557430",
      "t" : 1756448779566,
      "tn" : 1756448779566557430,
      "q" : "76.49",
      "p" : "15.238",
      "s" : "sell",
      "i" : "KSM_USDT",
      "m" : "4611686018430608159"
    }, {
      "d" : "1756448779566555125",
      "t" : 1756448779566,
      "tn" : 1756448779566555125,
      "q" : "9.84",
      "p" : "15.241",
      "s" : "sell",
      "i" : "KSM_USDT",
      "m" : "4611686018430608158"
    }, {
      "d" : "1756436693598136752",
      "t" : 1756436693598,
      "tn" : 1756436693598136752,
      "q" : "0.32",
      "p" : "15.494",
      "s" : "buy",
      "i" : "KSM_USDT",
      "m" : "4611686018430608157"
    }, {
      "d" : "1756428870165007493",
      "t" : 1756428870165,
      "tn" : 1756428870165007492,
      "q" : "3.97",
      "p" : "15.546",
      "s" : "buy",
      "i" : "KSM_USDT",
      "m" : "4611686018430608156"
    }, {
      "d" : "1756428870165007492",
      "t" : 1756428870165,
      "tn" : 1756428870165007492,
      "q" : "2.44",
      "p" : "15.546",
      "s" : "buy",
      "i" : "KSM_USDT",
      "m" : "4611686018430608156"
    }, {
      "d" : "1756425816784641853",
      "t" : 1756425816784,
      "tn" : 1756425816784641853,
      "q" : "2.13",
      "p" : "15.642",
      "s" : "buy",
      "i" : "KSM_USDT",
      "m" : "4611686018430608155"
    }, {
      "d" : "1756416349723780511",
      "t" : 1756416349723,
      "tn" : 1756416349723780511,
      "q" : "1.64",
      "p" : "15.467",
      "s" : "sell",
      "i" : "KSM_USDT",
      "m" : "4611686018430608154"
    }, {
      "d" : "1756409693981324398",
      "t" : 1756409693981,
      "tn" : 1756409693981324398,
      "q" : "0.82",
      "p" : "15.458",
      "s" : "sell",
      "i" : "KSM_USDT",
      "m" : "4611686018430608153"
    }, {
      "d" : "1756407928807196683",
      "t" : 1756407928807,
      "tn" : 1756407928807196683,
      "q" : "38.63",
      "p" : "15.528",
      "s" : "sell",
      "i" : "KSM_USDT",
      "m" : "4611686018430608152"
    }, {
      "d" : "1756400109926422085",
      "t" : 1756400109926,
      "tn" : 1756400109926422085,
      "q" : "0.96",
      "p" : "15.500",
      "s" : "sell",
      "i" : "KSM_USDT",
      "m" : "4611686018430608151"
    }, {
      "d" : "1756396712028540612",
      "t" : 1756396712028,
      "tn" : 1756396712028540612,
      "q" : "6.42",
      "p" : "15.562",
      "s" : "buy",
      "i" : "KSM_USDT",
      "m" : "4611686018430608150"
    }, {
      "d" : "1756396712026787240",
      "t" : 1756396712026,
      "tn" : 1756396712026787240,
      "q" : "12.05",
      "p" : "15.546",
      "s" : "buy",
      "i" : "KSM_USDT",
      "m" : "4611686018430608149"
    }, {
      "d" : "1756391905614474715",
      "t" : 1756391905614,
      "tn" : 1756391905614474715,
      "q" : "6.88",
      "p" : "15.720",
      "s" : "buy",
      "i" : "KSM_USDT",
      "m" : "4611686018430608148"
    }, {
      "d" : "1756390878291418951",
      "t" : 1756390878291,
      "tn" : 1756390878291418951,
      "q" : "9.52",
      "p" : "15.746",
      "s" : "sell",
      "i" : "KSM_USDT",
      "m" : "4611686018430608147"
    }, {
      "d" : "1756390518216926551",
      "t" : 1756390518216,
      "tn" : 1756390518216926551,
      "q" : "2.00",
      "p" : "15.724",
      "s" : "sell",
      "i" : "KSM_USDT",
      "m" : "4611686018430608146"
    }, {
      "d" : "1756390395848580355",
      "t" : 1756390395848,
      "tn" : 1756390395848580355,
      "q" : "0.31",
      "p" : "15.738",
      "s" : "sell",
      "i" : "KSM_USDT",
      "m" : "4611686018430608145"
    }, {
      "d" : "1756389959794064149",
      "t" : 1756389959794,
      "tn" : 1756389959794064149,
      "q" : "0.96",
      "p" : "15.750",
      "s" : "buy",
      "i" : "KSM_USDT",
      "m" : "4611686018430608144"
    }, {
      "d" : "1756384696647321602",
      "t" : 1756384696647,
      "tn" : 1756384696647321602,
      "q" : "77.06",
      "p" : "15.632",
      "s" : "sell",
      "i" : "KSM_USDT",
      "m" : "4611686018430608143"
    }, {
      "d" : "1756384696647319407",
      "t" : 1756384696647,
      "tn" : 1756384696647319407,
      "q" : "9.59",
      "p" : "15.634",
      "s" : "sell",
      "i" : "KSM_USDT",
      "m" : "4611686018430608142"
    }, {
      "d" : "1756384264878213335",
      "t" : 1756384264878,
      "tn" : 1756384264878213335,
      "q" : "24.63",
      "p" : "15.657",
      "s" : "sell",
      "i" : "KSM_USDT",
      "m" : "4611686018430608141"
    } ]
  }
}