{
  "id" : -1,
  "method" : "public/get-trades",
  "code" : 0,
  "result" : {
    "data" : [ {
      "d" : "1756455044340109061",
      "t" : 1756455044340,
      "tn" : 1756455044340109061,
      "q" : "0.01",
      "p" : "14.852",
      "s" : "buy",
      "i" : "KSMUSD-PERP",
      "m" : "4611686018430575403"
    }, {
      "d" : "1756454716752211263",
      "t" : 1756454716752,
      "tn" : 1756454716752211263,
      "q" : "0.01",
      "p" : "14.885",
      "s" : "buy",
      "i" : "KSMUSD-PERP",
      "m" : "4611686018430575402"
    }, {
      "d" : "1756454587852715536",
      "t" : 1756454587852,
      "tn" : 1756454587852715536,
      "q" : "10.08",
      "p" : "14.992",
      "s" : "buy",
      "i" : "KSMUSD-PERP",
      "m" : "4611686018430575401"
    }, {
      "d" : "1756454586851881121",
      "t" : 1756454586851,
      "tn" : 1756454586851881121,
      "q" : "0.01",
      "p" : "14.954",
      "s" : "buy",
      "i" : "KSMUSD-PERP",
      "m" : "4611686018430575400"
    }, {
      "d" : "1756454585851095688",
      "t" : 1756454585851,
      "tn" : 1756454585851095688,
      "q" : "0.01",
      "p" : "14.954",
      "s" : "buy",
      "i" : "KSMUSD-PERP",
      "m" : "4611686018430575399"
    }, {
      "d" : "1756454584850397339",
      "t" : 1756454584850,
      "tn" : 1756454584850397339,
      "q" : "0.01",
      "p" : "14.960",
      "s" : "buy",
      "i" : "KSMUSD-PERP",
      "m" : "4611686018430575398"
    }, {
      "d" : "1756454583849531329",
      "t" : 1756454583849,
      "tn" : 1756454583849531329,
      "q" : "0.01",
      "p" : "14.962",
      "s" : "buy",
      "i" : "KSMUSD-PERP",
      "m" : "4611686018430575397"
    }, {
      "d" : "1756454530746018551",
      "t" : 1756454530746,
      "tn" : 1756454530746018551,
      "q" : "0.01",
      "p" : "14.943",
      "s" : "buy",
      "i" : "KSMUSD-PERP",
      "m" : "4611686018430575396"
    }, {
      "d" : "1756454530498304365",
      "t" : 1756454530498,
      "tn" : 1756454530498304365,
      "q" : "0.01",
      "p" : "14.944",
      "s" : "buy",
      "i" : "KSMUSD-PERP",
      "m" : "4611686018430575395"
    }, {
      "d" : "1756454530498303007",
      "t" : 1756454530498,
      "tn" : 1756454530498303007,
      "q" : "0.01",
      "p" : "14.934",
      "s" : "buy",
      "i" : "KSMUSD-PERP",
      "m" : "4611686018430575394"
    }, {
      "d" : "1756454530374602926",
      "t" : 1756454530374,
      "tn" : 1756454530374602926,
      "q" : "0.01",
      "p" : "14.948",
      "s" : "buy",
      "i" : "KSMUSD-PERP",
      "m" : "4611686018430575393"
    }, {
      "d" : "1756454530374420888",
      "t" : 1756454530374,
      "tn" : 1756454530374420888,
      "q" : "0.01",
      "p" : "14.939",
      "s" : "buy",
      "i" : "KSMUSD-PERP",
      "m" : "4611686018430575392"
    }, {
      "d" : "1756454530312864379",
      "t" : 1756454530312,
      "tn" : 1756454530312864379,
      "q" : "0.01",
      "p" : "14.952",
      "s" : "buy",
      "i" : "KSMUSD-PERP",
      "m" : "4611686018430575391"
    }, {
      "d" : "1756454530126809717",
      "t" : 1756454530126,
      "tn" : 1756454530126809717,
      "q" : "0.01",
      "p" : "14.970",
      "s" : "buy",
      "i" : "KSMUSD-PERP",
      "m" : "4611686018430575390"
    }, {
      "d" : "1756454530126807811",
      "t" : 1756454530126,
      "tn" : 1756454530126807811,
      "q" : "0.01",
      "p" : "14.960",
      "s" : "buy",
      "i" : "KSMUSD-PERP",
      "m" : "4611686018430575389"
    }, {
      "d" : "1756454529008107474",
      "t" : 1756454529008,
      "tn" : 1756454529008107474,
      "q" : "3.33",
      "p" : "14.994",
      "s" : "buy",
      "i" : "KSMUSD-PERP",
      "m" : "4611686018430575388"
    }, {
      "d" : "1756454529007375666",
      "t" : 1756454529007,
      "tn" : 1756454529007375666,
      "q" : "3.33",
      "p" : "14.991",
      "s" : "buy",
      "i" : "KSMUSD-PERP",
      "m" : "4611686018430575387"
    }, {
      "d" : "1756454529007373931",
      "t" : 1756454529007,
      "tn" : 1756454529007373931,
      "q" : "3.33",
      "p" : "14.988",
      "s" : "buy",
      "i" : "KSMUSD-PERP",
      "m" : "4611686018430575386"
    }, {
      "d" : "1756454529007372707",
      "t" : 1756454529007,
      "tn" : 1756454529007372707,
      "q" : "6.67",
      "p" : "14.976",
      "s" : "buy",
      "i" : "KSMUSD-PERP",
      "m" : "4611686018430575385"
    }, {
      "d" : "1756454529007371172",
      "t" : 1756454529007,
      "tn" : 1756454529007371172,
      "q" : "79.92",
      "p" : "14.974",
      "s" : "buy",
      "i" : "KSMUSD-PERP",
      "m" : "4611686018430575384"
    }, {
      "d" : "1756454529007369267",
      "t" : 1756454529007,
      "tn" : 1756454529007369267,
      "q" : "33.40",
      "p" : "14.970",
      "s" : "buy",
      "i" : "KSMUSD-PERP",
      "m" : "4611686018430575383"
    }, {
      "d" : "1756454529001642647",
      "t" : 1756454529001,
      "tn" : 1756454529001642647,
      "q" : "0.01",
      "p" : "14.950",
      "s" : "buy",
      "i" : "KSMUSD-PERP",
      "m" : "4611686018430575382"
    }, {
      "d" : "1756454529000073425",
      "t" : 1756454529000,
      "tn" : 1756454529000073425,
      "q" : "100.30",
      "p" : "14.950",
      "s" : "buy",
      "i" : "KSMUSD-PERP",
      "m" : "4611686018430575381"
    }, {
      "d" : "1756454529000056255",
      "t" : 1756454529000,
      "tn" : 1756454529000056255,
      "q" : "0.01",
      "p" : "14.924",
      "s" : "buy",
      "i" : "KSMUSD-PERP",
      "m" : "4611686018430575380"
    }, {
      "d" : "1756454529000055268",
      "t" : 1756454529000,
      "tn" : 1756454529000055268,
      "q" : "0.01",
      "p" : "14.916",
      "s" : "buy",
      "i" : "KSMUSD-PERP",
      "m" : "4611686018430575379"
    }, {
      "d" : "1756454392854832956",
      "t" : 1756454392854,
      "tn" : 1756454392854832956,
      "q" : "3.36",
      "p" : "14.871",
      "s" : "sell",
      "i" : "KSMUSD-PERP",
      "m" : "4611686018430575378"
    }, {
      "d" : "1756454386155489955",
      "t" : 1756454386155,
      "tn" : 1756454386155489955,
      "q" : "3.35",
      "p" : "14.871",
      "s" : "sell",
      "i" : "KSMUSD-PERP",
      "m" : "4611686018430575377"
    }, {
      "d" : "1756452373365216309",
      "t" : 1756452373365,
      "tn" : 1756452373365216309,
      "q" : "3.35",
      "p" : "14.916",
      "s" : "sell",
      "i" : "KSMUSD-PERP",
      "m" : "4611686018430575376"
    }, {
      "d" : "1756452373365213614",
      "t" : 1756452373365,
      "tn" : 1756452373365213614,
      "q" : "6.70",
      "p" : "14.917",
      "s" : "sell",
      "i" : "KSMUSD-PERP",
      "m" : "4611686018430575375"
    }, {
      "d" : "1756448851896827230",
      "t" : 1756448851896,
      "tn" : 1756448851896827230,
      "q" : "6.53",
      "p" : "15.285",
      "s" : "buy",
      "i" : "KSMUSD-PERP",
      "m" : "4611686018430575374"
    }, {
      "d" : "1756448850896989244",
      "t" : 1756448850896,
      "tn" : 1756448850896989244,
      "q" : "6.53",
      "p" : "15.285",
      "s" : "buy",
      "i" : "KSMUSD-PERP",
      "m" : "4611686018430575373"
    }, {
      "d" : "1756447337771534742",
      "t" : 1756447337771,
      "tn" : 1756447337771534742,
      "q" : "3.25",
      "p" : "15.309",
      "s" : "sell",
      "i" : "KSMUSD-PERP",
      "m" : "4611686018430575372"
    }, {
      "d" : "1756447212658824187",
      "t" : 1756447212658,
      "tn" : 1756447212658824187,
      "q" : "0.01",
      "p" : "15.322",
      "s" : "sell",
      "i" : "KSMUSD-PERP",
      "m" : "4611686018430575371"
    }, {
      "d" : "1756447212658821716",
      "t" : 1756447212658,
      "tn" : 1756447212658821716,
      "q" : "0.01",
      "p" : "15.323",
      "s" : "sell",
      "i" : "KSMUSD-PERP",
      "m" : "4611686018430575370"
    }, {
      "d" : "1756447202657152681",
      "t" : 1756447202657,
      "tn" : 1756447202657152681,
      "q" : "0.01",
      "p" : "15.322",
      "s" : "sell",
      "i" : "KSMUSD-PERP",
      "m" : "4611686018430575369"
    }, {
      "d" : "1756446137176540686",
      "t" : 1756446137176,
      "tn" : 1756446137176540686,
      "q" : "0.01",
      "p" : "15.316",
      "s" : "sell",
      "i" : "KSMUSD-PERP",
      "m" : "4611686018430575368"
    }, {
      "d" : "1756446137080639319",
      "t" : 1756446137080,
      "tn" : 1756446137080639319,
      "q" : "0.01",
      "p" : "15.314",
      "s" : "sell",
      "i" : "KSMUSD-PERP",
      "m" : "4611686018430575367"
    }, {
      "d" : "1756446136957058275",
      "t" : 1756446136957,
      "tn" : 1756446136957058275,
      "q" : "0.01",
      "p" : "15.302",
      "s" : "sell",
      "i" : "KSMUSD-PERP",
      "m" : "4611686018430575366"
    }, {
      "d" : "1756446136957057525",
      "t" : 1756446136957,
      "tn" : 1756446136957057525,
      "q" : "0.01",
      "p" : "15.303",
      "s" : "sell",
      "i" : "KSMUSD-PERP",
      "m" : "4611686018430575365"
    }, {
      "d" : "1756445060865868135",
      "t" : 1756445060865,
      "tn" : 1756445060865868135,
      "q" : "0.01",
      "p" : "15.260",
      "s" : "sell",
      "i" : "KSMUSD-PERP",
      "m" : "4611686018430575364"
    }, {
      "d" : "1756444447740301210",
      "t" : 1756444447740,
      "tn" : 1756444447740301209,
      "q" : "0.01",
      "p" : "15.304",
      "s" : "sell",
      "i" : "KSMUSD-PERP",
      "m" : "4611686018430575363"
    }, {
      "d" : "1756444447740301209",
      "t" : 1756444447740,
      "tn" : 1756444447740301209,
      "q" : "0.01",
      "p" : "15.304",
      "s" : "sell",
      "i" : "KSMUSD-PERP",
      "m" : "4611686018430575363"
    }, {
      "d" : "1756442909988136947",
      "t" : 1756442909988,
      "tn" : 1756442909988136947,
      "q" : "0.01",
      "p" : "15.342",
      "s" : "sell",
      "i" : "KSMUSD-PERP",
      "m" : "4611686018430575362"
    }, {
      "d" : "1756442784249637476",
      "t" : 1756442784249,
      "tn" : 1756442784249637475,
      "q" : "0.01",
      "p" : "15.349",
      "s" : "sell",
      "i" : "KSMUSD-PERP",
      "m" : "4611686018430575361"
    }, {
      "d" : "1756442784249637475",
      "t" : 1756442784249,
      "tn" : 1756442784249637475,
      "q" : "0.01",
      "p" : "15.349",
      "s" : "sell",
      "i" : "KSMUSD-PERP",
      "m" : "4611686018430575361"
    }, {
      "d" : "1756442543717877685",
      "t" : 1756442543717,
      "tn" : 1756442543717877685,
      "q" : "0.01",
      "p" : "15.340",
      "s" : "sell",
      "i" : "KSMUSD-PERP",
      "m" : "4611686018430575360"
    }, {
      "d" : "1756442525275294082",
      "t" : 1756442525275,
      "tn" : 1756442525275294082,
      "q" : "0.01",
      "p" : "15.342",
      "s" : "sell",
      "i" : "KSMUSD-PERP",
      "m" : "4611686018430575359"
    }, {
      "d" : "1756442515231033589",
      "t" : 1756442515231,
      "tn" : 1756442515231033589,
      "q" : "0.01",
      "p" : "15.340",
      "s" : "sell",
      "i" : "KSMUSD-PERP",
      "m" : "4611686018430575358"
    }, {
      "d" : "1756442505182223663",
      "t" : 1756442505182,
      "tn" : 1756442505182223663,
      "q" : "0.01",
      "p" : "15.344",
      "s" : "sell",
      "i" : "KSMUSD-PERP",
      "m" : "4611686018430575357"
    }, {
      "d" : "1756442495145142787",
      "t" : 1756442495145,
      "tn" : 1756442495145142787,
      "q" : "0.01",
      "p" : "15.342",
      "s" : "sell",
      "i" : "KSMUSD-PERP",
      "m" : "4611686018430575356"
    }, {
      "d" : "1756442495145140141",
      "t" : 1756442495145,
      "tn" : 1756442495145140141,
      "q" : "0.01",
      "p" : "15.344",
      "s" : "sell",
      "i" : "KSMUSD-PERP",
      "m" : "4611686018430575355"
    }, {
      "d" : "1756442485092827731",
      "t" : 1756442485092,
      "tn" : 1756442485092827731,
      "q" : "0.01",
      "p" : "15.345",
      "s" : "sell",
      "i" : "KSMUSD-PERP",
      "m" : "4611686018430575354"
    }, {
      "d" : "1756441998223696061",
      "t" : 1756441998223,
      "tn" : 1756441998223696061,
      "q" : "0.01",
      "p" : "15.382",
      "s" : "sell",
      "i" : "KSMUSD-PERP",
      "m" : "4611686018430575353"
    }, {
      "d" : "1756441988181574113",
      "t" : 1756441988181,
      "tn" : 1756441988181574113,
      "q" : "0.01",
      "p" : "15.377",
      "s" : "sell",
      "i" : "KSMUSD-PERP",
      "m" : "4611686018430575352"
    }, {
      "d" : "1756441778094081564",
      "t" : 1756441778094,
      "tn" : 1756441778094081564,
      "q" : "0.01",
      "p" : "15.418",
      "s" : "sell",
      "i" : "KSMUSD-PERP",
      "m" : "4611686018430575351"
    }, {
      "d" : "1756441698666727777",
      "t" : 1756441698666,
      "tn" : 1756441698666727777,
      "q" : "0.01",
      "p" : "15.422",
      "s" : "sell",
      "i" : "KSMUSD-PERP",
      "m" : "4611686018430575350"
    }, {
      "d" : "1756441698666723608",
      "t" : 1756441698666,
      "tn" : 1756441698666723608,
      "q" : "0.01",
      "p" : "15.423",
      "s" : "sell",
      "i" : "KSMUSD-PERP",
      "m" : "4611686018430575349"
    }, {
      "d" : "1756441695757184322",
      "t" : 1756441695757,
      "tn" : 1756441695757184322,
      "q" : "0.01",
      "p" : "15.422",
      "s" : "sell",
      "i" : "KSMUSD-PERP",
      "m" : "4611686018430575348"
    }, {
      "d" : "1756441688659882526",
      "t" : 1756441688659,
      "tn" : 1756441688659882526,
      "q" : "0.01",
      "p" : "15.420",
      "s" : "sell",
      "i" : "KSMUSD-PERP",
      "m" : "4611686018430575347"
    }, {
      "d" : "1756441688659880056",
      "t" : 1756441688659,
      "tn" : 1756441688659880056,
      "q" : "0.01",
      "p" : "15.422",
      "s" : "sell",
      "i" : "KSMUSD-PERP",
      "m" : "4611686018430575346"
    }, {
      "d" : "1756441687733000272",
      "t" : 1756441687733,
      "tn" : 1756441687733000272,
      "q" : "0.01",
      "p" : "15.422",
      "s" : "sell",
      "i" : "KSMUSD-PERP",
      "m" : "4611686018430575345"
    }, {
      "d" : "1756441679713067094",
      "t" : 1756441679713,
      "tn" : 1756441679713067094,
      "q" : "0.01",
      "p" : "15.422",
      "s" : "sell",
      "i" : "KSMUSD-PERP",
      "m" : "4611686018430575344"
    }, {
      "d" : "1756441679713065059",
      "t" : 1756441679713,
      "tn" : 1756441679713065059,
      "q" : "0.01",
      "p" : "15.423",
      "s" : "sell",
      "i" : "KSMUSD-PERP",
      "m" : "4611686018430575343"
    }, {
      "d" : "1756441678659865427",
      "t" : 1756441678659,
      "tn" : 1756441678659865427,
      "q" : "0.01",
      "p" : "15.418",
      "s" : "sell",
      "i" : "KSMUSD-PERP",
      "m" : "4611686018430575342"
    }, {
      "d" : "1756441678659862883",
      "t" : 1756441678659,
      "tn" : 1756441678659862883,
      "q" : "0.01",
      "p" : "15.420",
      "s" : "sell",
      "i" : "KSMUSD-PERP",
      "m" : "4611686018430575341"
    }, {
      "d" : "1756441669248482860",
      "t" : 1756441669248,
      "tn" : 1756441669248482860,
      "q" : "0.01",
      "p" : "15.422",
      "s" : "sell",
      "i" : "KSMUSD-PERP",
      "m" : "4611686018430575340"
    }, {
      "d" : "1756441668604911842",
      "t" : 1756441668604,
      "tn" : 1756441668604911842,
      "q" : "0.01",
      "p" : "15.422",
      "s" : "sell",
      "i" : "KSMUSD-PERP",
      "m" : "4611686018430575339"
    }, {
      "d" : "1756441668129843393",
      "t" : 1756441668129,
      "tn" : 1756441668129843393,
      "q" : "0.01",
      "p" : "15.422",
      "s" : "sell",
      "i" : "KSMUSD-PERP",
      "m" : "4611686018430575338"
    }, {
      "d" : "1756441658581885227",
      "t" : 1756441658581,
      "tn" : 1756441658581885227,
      "q" : "0.01",
      "p" : "15.422",
      "s" : "sell",
      "i" : "KSMUSD-PERP",
      "m" : "4611686018430575337"
    }, {
      "d" : "1756441648547141981",
      "t" : 1756441648547,
      "tn" : 1756441648547141981,
      "q" : "0.01",
      "p" : "15.424",
      "s" : "sell",
      "i" : "KSMUSD-PERP",
      "m" : "4611686018430575336"
    }, {
      "d" : "1756441638544788715",
      "t" : 1756441638544,
      "tn" : 1756441638544788715,
      "q" : "0.01",
      "p" : "15.425",
      "s" : "sell",
      "i" : "KSMUSD-PERP",
      "m" : "4611686018430575335"
    }, {
      "d" : "1756441623384956215",
      "t" : 1756441623384,
      "tn" : 1756441623384956215,
      "q" : "0.01",
      "p" : "15.424",
      "s" : "sell",
      "i" : "KSMUSD-PERP",
      "m" : "4611686018430575334"
    }, {
      "d" : "1756441623384953149",
      "t" : 1756441623384,
      "tn" : 1756441623384953149,
      "q" : "0.01",
      "p" : "15.425",
      "s" : "sell",
      "i" : "KSMUSD-PERP",
      "m" : "4611686018430575333"
    }, {
      "d" : "1756441613341234095",
      "t" : 1756441613341,
      "tn" : 1756441613341234095,
      "q" : "0.01",
      "p" : "15.423",
      "s" : "sell",
      "i" : "KSMUSD-PERP",
      "m" : "4611686018430575332"
    }, {
      "d" : "1756441597327483666",
      "t" : 1756441597327,
      "tn" : 1756441597327483666,
      "q" : "0.01",
      "p" : "15.419",
      "s" : "sell",
      "i" : "KSMUSD-PERP",
      "m" : "4611686018430575331"
    }, {
      "d" : "1756441589785279393",
      "t" : 1756441589785,
      "tn" : 1756441589785279392,
      "q" : "0.01",
      "p" : "15.414",
      "s" : "sell",
      "i" : "KSMUSD-PERP",
      "m" : "4611686018430575330"
    }, {
      "d" : "1756441589785279392",
      "t" : 1756441589785,
      "tn" : 1756441589785279392,
      "q" : "0.01",
      "p" : "15.414",
      "s" : "sell",
      "i" : "KSMUSD-PERP",
      "m" : "4611686018430575330"
    }, {
      "d" : "1756441588794572871",
      "t" : 1756441588794,
      "tn" : 1756441588794572870,
      "q" : "0.01",
      "p" : "15.414",
      "s" : "sell",
      "i" : "KSMUSD-PERP",
      "m" : "4611686018430575329"
    }, {
      "d" : "1756441588794572870",
      "t" : 1756441588794,
      "tn" : 1756441588794572870,
      "q" : "0.01",
      "p" : "15.414",
      "s" : "sell",
      "i" : "KSMUSD-PERP",
      "m" : "4611686018430575329"
    }, {
      "d" : "1756441587311325673",
      "t" : 1756441587311,
      "tn" : 1756441587311325672,
      "q" : "0.01",
      "p" : "15.414",
      "s" : "sell",
      "i" : "KSMUSD-PERP",
      "m" : "4611686018430575328"
    }, {
      "d" : "1756441587311325672",
      "t" : 1756441587311,
      "tn" : 1756441587311325672,
      "q" : "0.01",
      "p" : "15.414",
      "s" : "sell",
      "i" : "KSMUSD-PERP",
      "m" : "4611686018430575328"
    }, {
      "d" : "1756441581737091677",
      "t" : 1756441581737,
      "tn" : 1756441581737091677,
      "q" : "0.01",
      "p" : "15.412",
      "s" : "sell",
      "i" : "KSMUSD-PERP",
      "m" : "4611686018430575327"
    }, {
      "d" : "1756441581737089676",
      "t" : 1756441581737,
      "tn" : 1756441581737089676,
      "q" : "0.01",
      "p" : "15.414",
      "s" : "sell",
      "i" : "KSMUSD-PERP",
      "m" : "4611686018430575326"
    }, {
      "d" : "1756441580783175785",
      "t" : 1756441580783,
      "tn" : 1756441580783175784,
      "q" : "0.01",
      "p" : "15.414",
      "s" : "sell",
      "i" : "KSMUSD-PERP",
      "m" : "4611686018430575325"
    }, {
      "d" : "1756441580783175784",
      "t" : 1756441580783,
      "tn" : 1756441580783175784,
      "q" : "0.01",
      "p" : "15.414",
      "s" : "sell",
      "i" : "KSMUSD-PERP",
      "m" : "4611686018430575325"
    }, {
      "d" : "1756441577250737809",
      "t" : 1756441577250,
      "tn" : 1756441577250737809,
      "q" : "0.01",
      "p" : "15.410",
      "s" : "sell",
      "i" : "KSMUSD-PERP",
      "m" : "4611686018430575324"
    }, {
      "d" : "1756441577250734976",
      "t" : 1756441577250,
      "tn" : 1756441577250734976,
      "q" : "0.01",
      "p" : "15.411",
      "s" : "sell",
      "i" : "KSMUSD-PERP",
      "m" : "4611686018430575323"
    }, {
      "d" : "1756441567197547459",
      "t" : 1756441567197,
      "tn" : 1756441567197547459,
      "q" : "0.01",
      "p" : "15.408",
      "s" : "sell",
      "i" : "KSMUSD-PERP",
      "m" : "4611686018430575322"
    }, {
      "d" : "1756441567197543181",
      "t" : 1756441567197,
      "tn" : 1756441567197543181,
      "q" : "0.01",
      "p" : "15.411",
      "s" : "sell",
      "i" : "KSMUSD-PERP",
      "m" : "4611686018430575321"
    }, {
      "d" : "1756441557747294734",
      "t" : 1756441557747,
      "tn" : 1756441557747294734,
      "q" : "0.01",
      "p" : "15.412",
      "s" : "sell",
      "i" : "KSMUSD-PERP",
      "m" : "4611686018430575320"
    }, {
      "d" : "1756441557192931469",
      "t" : 1756441557192,
      "tn" : 1756441557192931469,
      "q" : "0.01",
      "p" : "15.410",
      "s" : "sell",
      "i" : "KSMUSD-PERP",
      "m" : "4611686018430575319"
    }, {
      "d" : "1756441556697543675",
      "t" : 1756441556697,
      "tn" : 1756441556697543675,
      "q" : "0.01",
      "p" : "15.412",
      "s" : "sell",
      "i" : "KSMUSD-PERP",
      "m" : "4611686018430575318"
    }, {
      "d" : "1756441547147300834",
      "t" : 1756441547147,
      "tn" : 1756441547147300834,
      "q" : "0.01",
      "p" : "15.408",
      "s" : "sell",
      "i" : "KSMUSD-PERP",
      "m" : "4611686018430575317"
    }, {
      "d" : "1756441547147298490",
      "t" : 1756441547147,
      "tn" : 1756441547147298490,
      "q" : "0.01",
      "p" : "15.410",
      "s" : "sell",
      "i" : "KSMUSD-PERP",
      "m" : "4611686018430575316"
    }, {
      "d" : "1756441537124529048",
      "t" : 1756441537124,
      "tn" : 1756441537124529048,
      "q" : "0.01",
      "p" : "15.406",
      "s" : "sell",
      "i" : "KSMUSD-PERP",
      "m" : "4611686018430575315"
    }, {
      "d" : "1756441527109202022",
      "t" : 1756441527109,
      "tn" : 1756441527109202022,
      "q" : "0.01",
      "p" : "15.410",
      "s" : "sell",
      "i" : "KSMUSD-PERP",
      "m" : "4611686018430575314"
    }, {
      "d" : "1756441517106556242",
      "t" : 1756441517106,
      "tn" : 1756441517106556242,
      "q" : "0.01",
      "p" : "15.410",
      "s" : "sell",
      "i" : "KSMUSD-PERP",
      "m" : "4611686018430575313"
    }, {
      "d" : "1756441424266087701",
      "t" : 1756441424266,
      "tn" : 1756441424266087701,
      "q" : "0.01",
      "p" : "15.394",
      "s" : "sell",
      "i" : "KSMUSD-PERP",
      "m" : "4611686018430575312"
    }, {
      "d" : "1756441407910386038",
      "t" : 1756441407910,
      "tn" : 1756441407910386038,
      "q" : "0.01",
      "p" : "15.382",
      "s" : "sell",
      "i" : "KSMUSD-PERP",
      "m" : "4611686018430575311"
    }, {
      "d" : "1756441262162788590",
      "t" : 1756441262162,
      "tn" : 1756441262162788590,
      "q" : "3.23",
      "p" : "15.399",
      "s" : "sell",
      "i" : "KSMUSD-PERP",
      "m" : "4611686018430575310"
    }, {
      "d" : "1756441262162786476",
      "t" : 1756441262162,
      "tn" : 1756441262162786476,
      "q" : "3.24",
      "p" : "15.402",
      "s" : "sell",
      "i" : "KSMUSD-PERP",
      "m" : "4611686018430575309"
    }, {
      "d" : "1756441262162784784",
      "t" : 1756441262162,
      "tn" : 1756441262162784784,
      "q" : "3.24",
      "p" : "15.405",
      "s" : "sell",
      "i" : "KSMUSD-PERP",
      "m" : "4611686018430575308"
    }, {
      "d" : "1756441207277163253",
      "t" : 1756441207277,
      "tn" : 1756441207277163253,
      "q" : "0.01",
      "p" : "15.373",
      "s" : "sell",
      "i" : "KSMUSD-PERP",
      "m" : "4611686018430575307"
    }, {
      "d" : "1756441129890898364",
      "t" : 1756441129890,
      "tn" : 1756441129890898364,
      "q" : "0.01",
      "p" : "15.374",
      "s" : "sell",
      "i" : "KSMUSD-PERP",
      "m" : "4611686018430575306"
    }, {
      "d" : "1756441065685697180",
      "t" : 1756441065685,
      "tn" : 1756441065685697180,
      "q" : "0.01",
      "p" : "15.363",
      "s" : "sell",
      "i" : "KSMUSD-PERP",
      "m" : "4611686018430575305"
    }, {
      "d" : "1756440916452503102",
      "t" : 1756440916452,
      "tn" : 1756440916452503102,
      "q" : "0.01",
      "p" : "15.348",
      "s" : "sell",
      "i" : "KSMUSD-PERP",
      "m" : "4611686018430575304"
    }, {
      "d" : "1756440909126245024",
      "t" : 1756440909126,
      "tn" : 1756440909126245024,
      "q" : "0.01",
      "p" : "15.356",
      "s" : "sell",
      "i" : "KSMUSD-PERP",
      "m" : "4611686018430575303"
    }, {
      "d" : "1756440908099652550",
      "t" : 1756440908099,
      "tn" : 1756440908099652550,
      "q" : "0.01",
      "p" : "15.356",
      "s" : "sell",
      "i" : "KSMUSD-PERP",
      "m" : "4611686018430575302"
    }, {
      "d" : "1756440904131783547",
      "t" : 1756440904131,
      "tn" : 1756440904131783547,
      "q" : "0.01",
      "p" : "15.351",
      "s" : "sell",
      "i" : "KSMUSD-PERP",
      "m" : "4611686018430575301"
    }, {
      "d" : "1756440867835860571",
      "t" : 1756440867835,
      "tn" : 1756440867835860571,
      "q" : "0.01",
      "p" : "15.353",
      "s" : "sell",
      "i" : "KSMUSD-PERP",
      "m" : "4611686018430575300"
    }, {
      "d" : "1756440857808035091",
      "t" : 1756440857808,
      "tn" : 1756440857808035091,
      "q" : "0.01",
      "p" : "15.353",
      "s" : "sell",
      "i" : "KSMUSD-PERP",
      "m" : "4611686018430575299"
    }, {
      "d" : "1756440181233356512",
      "t" : 1756440181233,
      "tn" : 1756440181233356512,
      "q" : "3.24",
      "p" : "15.351",
      "s" : "sell",
      "i" : "KSMUSD-PERP",
      "m" : "4611686018430575298"
    }, {
      "d" : "1756439883790337525",
      "t" : 1756439883790,
      "tn" : 1756439883790337525,
      "q" : "0.01",
      "p" : "15.376",
      "s" : "sell",
      "i" : "KSMUSD-PERP",
      "m" : "4611686018430575297"
    }, {
      "d" : "1756439883790334620",
      "t" : 1756439883790,
      "tn" : 1756439883790334620,
      "q" : "0.01",
      "p" : "15.379",
      "s" : "sell",
      "i" : "KSMUSD-PERP",
      "m" : "4611686018430575296"
    }, {
      "d" : "1756439694144104646",
      "t" : 1756439694144,
      "tn" : 1756439694144104646,
      "q" : "0.01",
      "p" : "15.415",
      "s" : "sell",
      "i" : "KSMUSD-PERP",
      "m" : "4611686018430575295"
    }, {
      "d" : "1756439689544414858",
      "t" : 1756439689544,
      "tn" : 1756439689544414858,
      "q" : "0.01",
      "p" : "15.420",
      "s" : "sell",
      "i" : "KSMUSD-PERP",
      "m" : "4611686018430575294"
    }, {
      "d" : "1756439688538191979",
      "t" : 1756439688538,
      "tn" : 1756439688538191979,
      "q" : "0.01",
      "p" : "15.420",
      "s" : "sell",
      "i" : "KSMUSD-PERP",
      "m" : "4611686018430575293"
    }, {
      "d" : "1756439683082769342",
      "t" : 1756439683082,
      "tn" : 1756439683082769342,
      "q" : "0.01",
      "p" : "15.412",
      "s" : "sell",
      "i" : "KSMUSD-PERP",
      "m" : "4611686018430575292"
    }, {
      "d" : "1756439590437496868",
      "t" : 1756439590437,
      "tn" : 1756439590437496868,
      "q" : "0.01",
      "p" : "15.401",
      "s" : "sell",
      "i" : "KSMUSD-PERP",
      "m" : "4611686018430575291"
    }, {
      "d" : "1756439475697564864",
      "t" : 1756439475697,
      "tn" : 1756439475697564864,
      "q" : "0.01",
      "p" : "15.394",
      "s" : "sell",
      "i" : "KSMUSD-PERP",
      "m" : "4611686018430575290"
    }, {
      "d" : "1756439465664965883",
      "t" : 1756439465664,
      "tn" : 1756439465664965883,
      "q" : "0.01",
      "p" : "15.394",
      "s" : "sell",
      "i" : "KSMUSD-PERP",
      "m" : "4611686018430575289"
    }, {
      "d" : "1756439451846170178",
      "t" : 1756439451846,
      "tn" : 1756439451846170178,
      "q" : "0.01",
      "p" : "15.396",
      "s" : "sell",
      "i" : "KSMUSD-PERP",
      "m" : "4611686018430575288"
    }, {
      "d" : "1756439441797311679",
      "t" : 1756439441797,
      "tn" : 1756439441797311679,
      "q" : "0.01",
      "p" : "15.395",
      "s" : "sell",
      "i" : "KSMUSD-PERP",
      "m" : "4611686018430575287"
    }, {
      "d" : "1756439431789617232",
      "t" : 1756439431789,
      "tn" : 1756439431789617232,
      "q" : "0.01",
      "p" : "15.395",
      "s" : "sell",
      "i" : "KSMUSD-PERP",
      "m" : "4611686018430575286"
    }, {
      "d" : "1756439231157817746",
      "t" : 1756439231157,
      "tn" : 1756439231157817746,
      "q" : "0.01",
      "p" : "15.371",
      "s" : "sell",
      "i" : "KSMUSD-PERP",
      "m" : "4611686018430575285"
    }, {
      "d" : "1756438982611591546",
      "t" : 1756438982611,
      "tn" : 1756438982611591546,
      "q" : "0.01",
      "p" : "15.406",
      "s" : "sell",
      "i" : "KSMUSD-PERP",
      "m" : "4611686018430575284"
    }, {
      "d" : "1756438897887873147",
      "t" : 1756438897887,
      "tn" : 1756438897887873147,
      "q" : "0.01",
      "p" : "15.398",
      "s" : "sell",
      "i" : "KSMUSD-PERP",
      "m" : "4611686018430575283"
    }, {
      "d" : "1756438886075450100",
      "t" : 1756438886075,
      "tn" : 1756438886075450100,
      "q" : "0.01",
      "p" : "15.394",
      "s" : "sell",
      "i" : "KSMUSD-PERP",
      "m" : "4611686018430575282"
    }, {
      "d" : "1756438203258101640",
      "t" : 1756438203258,
      "tn" : 1756438203258101640,
      "q" : "0.01",
      "p" : "15.363",
      "s" : "sell",
      "i" : "KSMUSD-PERP",
      "m" : "4611686018430575281"
    }, {
      "d" : "1756438100286179776",
      "t" : 1756438100286,
      "tn" : 1756438100286179776,
      "q" : "0.01",
      "p" : "15.355",
      "s" : "sell",
      "i" : "KSMUSD-PERP",
      "m" : "4611686018430575280"
    }, {
      "d" : "1756437826062940937",
      "t" : 1756437826062,
      "tn" : 1756437826062940937,
      "q" : "0.01",
      "p" : "15.364",
      "s" : "sell",
      "i" : "KSMUSD-PERP",
      "m" : "4611686018430575279"
    }, {
      "d" : "1756437660579390178",
      "t" : 1756437660579,
      "tn" : 1756437660579390178,
      "q" : "0.01",
      "p" : "15.374",
      "s" : "sell",
      "i" : "KSMUSD-PERP",
      "m" : "4611686018430575278"
    }, {
      "d" : "1756436393265674828",
      "t" : 1756436393265,
      "tn" : 1756436393265674828,
      "q" : "0.01",
      "p" : "15.453",
      "s" : "sell",
      "i" : "KSMUSD-PERP",
      "m" : "4611686018430575277"
    }, {
      "d" : "1756436359154009879",
      "t" : 1756436359154,
      "tn" : 1756436359154009879,
      "q" : "0.01",
      "p" : "15.462",
      "s" : "sell",
      "i" : "KSMUSD-PERP",
      "m" : "4611686018430575276"
    }, {
      "d" : "1756428870163913141",
      "t" : 1756428870163,
      "tn" : 1756428870163913141,
      "q" : "6.42",
      "p" : "15.549",
      "s" : "buy",
      "i" : "KSMUSD-PERP",
      "m" : "4611686018430575275"
    }, {
      "d" : "1756428869163577909",
      "t" : 1756428869163,
      "tn" : 1756428869163577909,
      "q" : "0.01",
      "p" : "15.510",
      "s" : "buy",
      "i" : "KSMUSD-PERP",
      "m" : "4611686018430575274"
    }, {
      "d" : "1756428868163119286",
      "t" : 1756428868163,
      "tn" : 1756428868163119286,
      "q" : "0.01",
      "p" : "15.510",
      "s" : "buy",
      "i" : "KSMUSD-PERP",
      "m" : "4611686018430575273"
    }, {
      "d" : "1756428867161421504",
      "t" : 1756428867161,
      "tn" : 1756428867161421504,
      "q" : "0.01",
      "p" : "15.510",
      "s" : "buy",
      "i" : "KSMUSD-PERP",
      "m" : "4611686018430575272"
    }, {
      "d" : "1756428866160730653",
      "t" : 1756428866160,
      "tn" : 1756428866160730653,
      "q" : "0.01",
      "p" : "15.512",
      "s" : "buy",
      "i" : "KSMUSD-PERP",
      "m" : "4611686018430575271"
    }, {
      "d" : "1756428865159401558",
      "t" : 1756428865159,
      "tn" : 1756428865159401558,
      "q" : "0.01",
      "p" : "15.510",
      "s" : "buy",
      "i" : "KSMUSD-PERP",
      "m" : "4611686018430575270"
    }, {
      "d" : "1756428864159511501",
      "t" : 1756428864159,
      "tn" : 1756428864159511501,
      "q" : "0.01",
      "p" : "15.510",
      "s" : "buy",
      "i" : "KSMUSD-PERP",
      "m" : "4611686018430575269"
    }, {
      "d" : "1756428863157421119",
      "t" : 1756428863157,
      "tn" : 1756428863157421119,
      "q" : "0.01",
      "p" : "15.510",
      "s" : "buy",
      "i" : "KSMUSD-PERP",
      "m" : "4611686018430575268"
    }, {
      "d" : "1756428862157033056",
      "t" : 1756428862157,
      "tn" : 1756428862157033056,
      "q" : "0.01",
      "p" : "15.510",
      "s" : "buy",
      "i" : "KSMUSD-PERP",
      "m" : "4611686018430575267"
    }, {
      "d" : "1756428861156185815",
      "t" : 1756428861156,
      "tn" : 1756428861156185815,
      "q" : "0.01",
      "p" : "15.510",
      "s" : "buy",
      "i" : "KSMUSD-PERP",
      "m" : "4611686018430575266"
    }, {
      "d" : "1756428860154628512",
      "t" : 1756428860154,
      "tn" : 1756428860154628512,
      "q" : "0.01",
      "p" : "15.510",
      "s" : "buy",
      "i" : "KSMUSD-PERP",
      "m" : "4611686018430575265"
    }, {
      "d" : "1756428859153744249",
      "t" : 1756428859153,
      "tn" : 1756428859153744249,
      "q" : "0.01",
      "p" : "15.510",
      "s" : "buy",
      "i" : "KSMUSD-PERP",
      "m" : "4611686018430575264"
    }, {
      "d" : "1756428858151782076",
      "t" : 1756428858151,
      "tn" : 1756428858151782076,
      "q" : "0.01",
      "p" : "15.510",
      "s" : "buy",
      "i" : "KSMUSD-PERP",
      "m" : "4611686018430575263"
    }, {
      "d" : "1756428857151645180",
      "t" : 1756428857151,
      "tn" : 1756428857151645180,
      "q" : "0.01",
      "p" : "15.510",
      "s" : "buy",
      "i" : "KSMUSD-PERP",
      "m" : "4611686018430575262"
    }, {
      "d" : "1756428856151547186",
      "t" : 1756428856151,
      "tn" : 1756428856151547186,
      "q" : "0.01",
      "p" : "15.512",
      "s" : "buy",
      "i" : "KSMUSD-PERP",
      "m" : "4611686018430575261"
    }, {
      "d" : "1756428855151364819",
      "t" : 1756428855151,
      "tn" : 1756428855151364819,
      "q" : "0.01",
      "p" : "15.510",
      "s" : "buy",
      "i" : "KSMUSD-PERP",
      "m" : "4611686018430575260"
    } ]
  }
}