{
  "id" : -1,
  "method" : "public/get-trades",
  "code" : 0,
  "result" : {
    "data" : [ {
      "d" : "1756445172459783107",
      "t" : 1756445172459,
      "tn" : 1756445172459783107,
      "q" : "1480",
      "p" : "0.007475",
      "s" : "sell",
      "i" : "KYVE_USD",
      "m" : "4611686018428216085"
    }, {
      "d" : "1756445172459779928",
      "t" : 1756445172459,
      "tn" : 1756445172459779928,
      "q" : "480",
      "p" : "0.007486",
      "s" : "sell",
      "i" : "KYVE_USD",
      "m" : "4611686018428216084"
    }, {
      "d" : "1756445172459777385",
      "t" : 1756445172459,
      "tn" : 1756445172459777385,
      "q" : "1380",
      "p" : "0.007501",
      "s" : "sell",
      "i" : "KYVE_USD",
      "m" : "4611686018428216083"
    }, {
      "d" : "1756445164696046750",
      "t" : 1756445164696,
      "tn" : 1756445164696046750,
      "q" : "1190",
      "p" : "0.007501",
      "s" : "sell",
      "i" : "KYVE_USD",
      "m" : "4611686018428216082"
    }, {
      "d" : "1756445164696044260",
      "t" : 1756445164696,
      "tn" : 1756445164696044260,
      "q" : "2140",
      "p" : "0.007514",
      "s" : "sell",
      "i" : "KYVE_USD",
      "m" : "4611686018428216081"
    }, {
      "d" : "1756421404644996648",
      "t" : 1756421404644,
      "tn" : 1756421404644996648,
      "q" : "1900",
      "p" : "0.007565",
      "s" : "buy",
      "i" : "KYVE_USD",
      "m" : "4611686018428216080"
    }, {
      "d" : "1756421404644993789",
      "t" : 1756421404644,
      "tn" : 1756421404644993789,
      "q" : "740",
      "p" : "0.007551",
      "s" : "buy",
      "i" : "KYVE_USD",
      "m" : "4611686018428216079"
    }, {
      "d" : "1756421404225785520",
      "t" : 1756421404225,
      "tn" : 1756421404225785520,
      "q" : "1400",
      "p" : "0.007551",
      "s" : "buy",
      "i" : "KYVE_USD",
      "m" : "4611686018428216078"
    }, {
      "d" : "1756421404225783381",
      "t" : 1756421404225,
      "tn" : 1756421404225783381,
      "q" : "2570",
      "p" : "0.007539",
      "s" : "buy",
      "i" : "KYVE_USD",
      "m" : "4611686018428216077"
    }, {
      "d" : "1756412774111290483",
      "t" : 1756412774111,
      "tn" : 1756412774111290483,
      "q" : "2170",
      "p" : "0.007486",
      "s" : "sell",
      "i" : "KYVE_USD",
      "m" : "4611686018428216076"
    }, {
      "d" : "1756412774111287170",
      "t" : 1756412774111,
      "tn" : 1756412774111287170,
      "q" : "500",
      "p" : "0.007501",
      "s" : "sell",
      "i" : "KYVE_USD",
      "m" : "4611686018428216075"
    }, {
      "d" : "1756412482477707700",
      "t" : 1756412482477,
      "tn" : 1756412482477707700,
      "q" : "2070",
      "p" : "0.007501",
      "s" : "sell",
      "i" : "KYVE_USD",
      "m" : "4611686018428216074"
    }, {
      "d" : "1756412482477704642",
      "t" : 1756412482477,
      "tn" : 1756412482477704642,
      "q" : "1260",
      "p" : "0.007514",
      "s" : "sell",
      "i" : "KYVE_USD",
      "m" : "4611686018428216073"
    }, {
      "d" : "1756412103296533881",
      "t" : 1756412103296,
      "tn" : 1756412103296533881,
      "q" : "880",
      "p" : "0.007514",
      "s" : "sell",
      "i" : "KYVE_USD",
      "m" : "4611686018428216072"
    }, {
      "d" : "1756412103296531084",
      "t" : 1756412103296,
      "tn" : 1756412103296531084,
      "q" : "2070",
      "p" : "0.007527",
      "s" : "sell",
      "i" : "KYVE_USD",
      "m" : "4611686018428216071"
    }, {
      "d" : "1756412103296528239",
      "t" : 1756412103296,
      "tn" : 1756412103296528239,
      "q" : "60",
      "p" : "0.007542",
      "s" : "sell",
      "i" : "KYVE_USD",
      "m" : "4611686018428216070"
    }, {
      "d" : "1756411212989830866",
      "t" : 1756411212989,
      "tn" : 1756411212989830866,
      "q" : "2120",
      "p" : "0.007542",
      "s" : "sell",
      "i" : "KYVE_USD",
      "m" : "4611686018428216069"
    }, {
      "d" : "1756411212989828342",
      "t" : 1756411212989,
      "tn" : 1756411212989828342,
      "q" : "530",
      "p" : "0.007548",
      "s" : "sell",
      "i" : "KYVE_USD",
      "m" : "4611686018428216068"
    }, {
      "d" : "1756410912126165908",
      "t" : 1756410912126,
      "tn" : 1756410912126165908,
      "q" : "1870",
      "p" : "0.007548",
      "s" : "sell",
      "i" : "KYVE_USD",
      "m" : "4611686018428216067"
    }, {
      "d" : "1756410912126163064",
      "t" : 1756410912126,
      "tn" : 1756410912126163064,
      "q" : "1440",
      "p" : "0.007559",
      "s" : "sell",
      "i" : "KYVE_USD",
      "m" : "4611686018428216066"
    }, {
      "d" : "1756410543748955004",
      "t" : 1756410543748,
      "tn" : 1756410543748955004,
      "q" : "710",
      "p" : "0.007559",
      "s" : "sell",
      "i" : "KYVE_USD",
      "m" : "4611686018428216065"
    }, {
      "d" : "1756410543748948236",
      "t" : 1756410543748,
      "tn" : 1756410543748948236,
      "q" : "2600",
      "p" : "0.007567",
      "s" : "sell",
      "i" : "KYVE_USD",
      "m" : "4611686018428216064"
    }, {
      "d" : "1756406459983649394",
      "t" : 1756406459983,
      "tn" : 1756406459983649394,
      "q" : "24760",
      "p" : "0.007577",
      "s" : "sell",
      "i" : "KYVE_USD",
      "m" : "4611686018428216063"
    }, {
      "d" : "1756406459983647035",
      "t" : 1756406459983,
      "tn" : 1756406459983647035,
      "q" : "2530",
      "p" : "0.007583",
      "s" : "sell",
      "i" : "KYVE_USD",
      "m" : "4611686018428216062"
    }, {
      "d" : "1756406459983644435",
      "t" : 1756406459983,
      "tn" : 1756406459983644435,
      "q" : "2340",
      "p" : "0.007593",
      "s" : "sell",
      "i" : "KYVE_USD",
      "m" : "4611686018428216061"
    }, {
      "d" : "1756406459983641994",
      "t" : 1756406459983,
      "tn" : 1756406459983641994,
      "q" : "2240",
      "p" : "0.007605",
      "s" : "sell",
      "i" : "KYVE_USD",
      "m" : "4611686018428216060"
    }, {
      "d" : "1756406459983639654",
      "t" : 1756406459983,
      "tn" : 1756406459983639654,
      "q" : "2520",
      "p" : "0.007612",
      "s" : "sell",
      "i" : "KYVE_USD",
      "m" : "4611686018428216059"
    }, {
      "d" : "1756406459983637420",
      "t" : 1756406459983,
      "tn" : 1756406459983637420,
      "q" : "2440",
      "p" : "0.007623",
      "s" : "sell",
      "i" : "KYVE_USD",
      "m" : "4611686018428216058"
    }, {
      "d" : "1756406459983635218",
      "t" : 1756406459983,
      "tn" : 1756406459983635218,
      "q" : "2170",
      "p" : "0.007638",
      "s" : "sell",
      "i" : "KYVE_USD",
      "m" : "4611686018428216057"
    }, {
      "d" : "1756406459983632947",
      "t" : 1756406459983,
      "tn" : 1756406459983632947,
      "q" : "2390",
      "p" : "0.007654",
      "s" : "sell",
      "i" : "KYVE_USD",
      "m" : "4611686018428216056"
    }, {
      "d" : "1756406459983630698",
      "t" : 1756406459983,
      "tn" : 1756406459983630698,
      "q" : "2450",
      "p" : "0.007666",
      "s" : "sell",
      "i" : "KYVE_USD",
      "m" : "4611686018428216055"
    }, {
      "d" : "1756406459983627009",
      "t" : 1756406459983,
      "tn" : 1756406459983627009,
      "q" : "2040",
      "p" : "0.007681",
      "s" : "sell",
      "i" : "KYVE_USD",
      "m" : "4611686018428216054"
    }, {
      "d" : "1756406459983624227",
      "t" : 1756406459983,
      "tn" : 1756406459983624227,
      "q" : "2300",
      "p" : "0.007697",
      "s" : "sell",
      "i" : "KYVE_USD",
      "m" : "4611686018428216053"
    }, {
      "d" : "1756406459983621907",
      "t" : 1756406459983,
      "tn" : 1756406459983621907,
      "q" : "2290",
      "p" : "0.007709",
      "s" : "sell",
      "i" : "KYVE_USD",
      "m" : "4611686018428216052"
    }, {
      "d" : "1756406459983619538",
      "t" : 1756406459983,
      "tn" : 1756406459983619538,
      "q" : "2380",
      "p" : "0.007721",
      "s" : "sell",
      "i" : "KYVE_USD",
      "m" : "4611686018428216051"
    }, {
      "d" : "1756406459983616600",
      "t" : 1756406459983,
      "tn" : 1756406459983616600,
      "q" : "1940",
      "p" : "0.007731",
      "s" : "sell",
      "i" : "KYVE_USD",
      "m" : "4611686018428216050"
    }, {
      "d" : "1756394994723754129",
      "t" : 1756394994723,
      "tn" : 1756394994723754129,
      "q" : "2100",
      "p" : "0.007748",
      "s" : "sell",
      "i" : "KYVE_USD",
      "m" : "4611686018428216049"
    }, {
      "d" : "1756394994723752167",
      "t" : 1756394994723,
      "tn" : 1756394994723752167,
      "q" : "2400",
      "p" : "0.007757",
      "s" : "sell",
      "i" : "KYVE_USD",
      "m" : "4611686018428216048"
    }, {
      "d" : "1756394994723749235",
      "t" : 1756394994723,
      "tn" : 1756394994723749235,
      "q" : "7770",
      "p" : "0.007762",
      "s" : "sell",
      "i" : "KYVE_USD",
      "m" : "4611686018428216047"
    }, {
      "d" : "1756394994723747077",
      "t" : 1756394994723,
      "tn" : 1756394994723747077,
      "q" : "2240",
      "p" : "0.007765",
      "s" : "sell",
      "i" : "KYVE_USD",
      "m" : "4611686018428216046"
    }, {
      "d" : "1756394994723738519",
      "t" : 1756394994723,
      "tn" : 1756394994723738518,
      "q" : "6790",
      "p" : "0.007777",
      "s" : "sell",
      "i" : "KYVE_USD",
      "m" : "4611686018428216045"
    }, {
      "d" : "1756394994723738518",
      "t" : 1756394994723,
      "tn" : 1756394994723738518,
      "q" : "580",
      "p" : "0.007777",
      "s" : "sell",
      "i" : "KYVE_USD",
      "m" : "4611686018428216045"
    }, {
      "d" : "1756394994723734588",
      "t" : 1756394994723,
      "tn" : 1756394994723734588,
      "q" : "5590",
      "p" : "0.007784",
      "s" : "sell",
      "i" : "KYVE_USD",
      "m" : "4611686018428216044"
    }, {
      "d" : "1756394994723732220",
      "t" : 1756394994723,
      "tn" : 1756394994723732220,
      "q" : "2310",
      "p" : "0.007793",
      "s" : "sell",
      "i" : "KYVE_USD",
      "m" : "4611686018428216043"
    }, {
      "d" : "1756394994723729873",
      "t" : 1756394994723,
      "tn" : 1756394994723729873,
      "q" : "4350",
      "p" : "0.007796",
      "s" : "sell",
      "i" : "KYVE_USD",
      "m" : "4611686018428216042"
    }, {
      "d" : "1756394994723721739",
      "t" : 1756394994723,
      "tn" : 1756394994723721739,
      "q" : "2530",
      "p" : "0.007809",
      "s" : "sell",
      "i" : "KYVE_USD",
      "m" : "4611686018428216041"
    }, {
      "d" : "1756394994723719580",
      "t" : 1756394994723,
      "tn" : 1756394994723719580,
      "q" : "5550",
      "p" : "0.007813",
      "s" : "sell",
      "i" : "KYVE_USD",
      "m" : "4611686018428216040"
    }, {
      "d" : "1756394994723716696",
      "t" : 1756394994723,
      "tn" : 1756394994723716696,
      "q" : "4490",
      "p" : "0.007820",
      "s" : "sell",
      "i" : "KYVE_USD",
      "m" : "4611686018428216039"
    }, {
      "d" : "1756394994723713976",
      "t" : 1756394994723,
      "tn" : 1756394994723713976,
      "q" : "1990",
      "p" : "0.007822",
      "s" : "sell",
      "i" : "KYVE_USD",
      "m" : "4611686018428216038"
    }, {
      "d" : "1756394994723706348",
      "t" : 1756394994723,
      "tn" : 1756394994723706348,
      "q" : "2160",
      "p" : "0.007832",
      "s" : "sell",
      "i" : "KYVE_USD",
      "m" : "4611686018428216037"
    }, {
      "d" : "1756394994723705877",
      "t" : 1756394994723,
      "tn" : 1756394994723705877,
      "q" : "4950",
      "p" : "0.007835",
      "s" : "sell",
      "i" : "KYVE_USD",
      "m" : "4611686018428216036"
    }, {
      "d" : "1756394994723705257",
      "t" : 1756394994723,
      "tn" : 1756394994723705257,
      "q" : "2450",
      "p" : "0.007845",
      "s" : "sell",
      "i" : "KYVE_USD",
      "m" : "4611686018428216035"
    }, {
      "d" : "1756394994723697563",
      "t" : 1756394994723,
      "tn" : 1756394994723697563,
      "q" : "7880",
      "p" : "0.007850",
      "s" : "sell",
      "i" : "KYVE_USD",
      "m" : "4611686018428216034"
    }, {
      "d" : "1756394994723688059",
      "t" : 1756394994723,
      "tn" : 1756394994723688059,
      "q" : "1670",
      "p" : "0.007852",
      "s" : "sell",
      "i" : "KYVE_USD",
      "m" : "4611686018428216033"
    }, {
      "d" : "1756394994723686131",
      "t" : 1756394994723,
      "tn" : 1756394994723686130,
      "q" : "8360",
      "p" : "0.007867",
      "s" : "sell",
      "i" : "KYVE_USD",
      "m" : "4611686018428216032"
    }, {
      "d" : "1756394994723686130",
      "t" : 1756394994723,
      "tn" : 1756394994723686130,
      "q" : "2490",
      "p" : "0.007867",
      "s" : "sell",
      "i" : "KYVE_USD",
      "m" : "4611686018428216032"
    }, {
      "d" : "1756394994723682557",
      "t" : 1756394994723,
      "tn" : 1756394994723682557,
      "q" : "6130",
      "p" : "0.007875",
      "s" : "sell",
      "i" : "KYVE_USD",
      "m" : "4611686018428216031"
    }, {
      "d" : "1756394994723672791",
      "t" : 1756394994723,
      "tn" : 1756394994723672791,
      "q" : "5470",
      "p" : "0.007881",
      "s" : "sell",
      "i" : "KYVE_USD",
      "m" : "4611686018428216030"
    }, {
      "d" : "1756394994723669431",
      "t" : 1756394994723,
      "tn" : 1756394994723669431,
      "q" : "2430",
      "p" : "0.007882",
      "s" : "sell",
      "i" : "KYVE_USD",
      "m" : "4611686018428216029"
    }, {
      "d" : "1756394994723666763",
      "t" : 1756394994723,
      "tn" : 1756394994723666763,
      "q" : "1410",
      "p" : "0.007894",
      "s" : "sell",
      "i" : "KYVE_USD",
      "m" : "4611686018428216028"
    }, {
      "d" : "1756392179399462877",
      "t" : 1756392179399,
      "tn" : 1756392179399462877,
      "q" : "1080",
      "p" : "0.007894",
      "s" : "sell",
      "i" : "KYVE_USD",
      "m" : "4611686018428216027"
    }, {
      "d" : "1756392179399459942",
      "t" : 1756392179399,
      "tn" : 1756392179399459942,
      "q" : "2090",
      "p" : "0.007905",
      "s" : "sell",
      "i" : "KYVE_USD",
      "m" : "4611686018428216026"
    }, {
      "d" : "1756390901544028115",
      "t" : 1756390901544,
      "tn" : 1756390901544028115,
      "q" : "2130",
      "p" : "0.007948",
      "s" : "buy",
      "i" : "KYVE_USD",
      "m" : "4611686018428216025"
    }, {
      "d" : "1756390901544026351",
      "t" : 1756390901544,
      "tn" : 1756390901544026351,
      "q" : "2090",
      "p" : "0.007945",
      "s" : "buy",
      "i" : "KYVE_USD",
      "m" : "4611686018428216024"
    }, {
      "d" : "1756390901544024082",
      "t" : 1756390901544,
      "tn" : 1756390901544024082,
      "q" : "810",
      "p" : "0.007937",
      "s" : "buy",
      "i" : "KYVE_USD",
      "m" : "4611686018428216023"
    }, {
      "d" : "1756390898469652185",
      "t" : 1756390898469,
      "tn" : 1756390898469652185,
      "q" : "4660",
      "p" : "0.007937",
      "s" : "buy",
      "i" : "KYVE_USD",
      "m" : "4611686018428216022"
    }, {
      "d" : "1756390898469649655",
      "t" : 1756390898469,
      "tn" : 1756390898469649655,
      "q" : "2490",
      "p" : "0.007934",
      "s" : "buy",
      "i" : "KYVE_USD",
      "m" : "4611686018428216021"
    }, {
      "d" : "1756390898469647079",
      "t" : 1756390898469,
      "tn" : 1756390898469647079,
      "q" : "410",
      "p" : "0.007930",
      "s" : "buy",
      "i" : "KYVE_USD",
      "m" : "4611686018428216020"
    }, {
      "d" : "1756390895721184460",
      "t" : 1756390895721,
      "tn" : 1756390895721184460,
      "q" : "5720",
      "p" : "0.007930",
      "s" : "buy",
      "i" : "KYVE_USD",
      "m" : "4611686018428216019"
    }, {
      "d" : "1756390895721181107",
      "t" : 1756390895721,
      "tn" : 1756390895721181107,
      "q" : "590",
      "p" : "0.007922",
      "s" : "buy",
      "i" : "KYVE_USD",
      "m" : "4611686018428216018"
    }, {
      "d" : "1756390892609474656",
      "t" : 1756390892609,
      "tn" : 1756390892609474656,
      "q" : "1510",
      "p" : "0.007922",
      "s" : "buy",
      "i" : "KYVE_USD",
      "m" : "4611686018428216017"
    }, {
      "d" : "1756390892609472464",
      "t" : 1756390892609,
      "tn" : 1756390892609472464,
      "q" : "2430",
      "p" : "0.007921",
      "s" : "buy",
      "i" : "KYVE_USD",
      "m" : "4611686018428216016"
    }, {
      "d" : "1756390892609469365",
      "t" : 1756390892609,
      "tn" : 1756390892609469365,
      "q" : "3670",
      "p" : "0.007912",
      "s" : "buy",
      "i" : "KYVE_USD",
      "m" : "4611686018428216015"
    }, {
      "d" : "1756390892609466566",
      "t" : 1756390892609,
      "tn" : 1756390892609466566,
      "q" : "2490",
      "p" : "0.007907",
      "s" : "buy",
      "i" : "KYVE_USD",
      "m" : "4611686018428216014"
    }, {
      "d" : "1756390630651306437",
      "t" : 1756390630651,
      "tn" : 1756390630651306437,
      "q" : "690",
      "p" : "0.007852",
      "s" : "sell",
      "i" : "KYVE_USD",
      "m" : "4611686018428216013"
    }, {
      "d" : "1756390630651303562",
      "t" : 1756390630651,
      "tn" : 1756390630651303562,
      "q" : "2490",
      "p" : "0.007867",
      "s" : "sell",
      "i" : "KYVE_USD",
      "m" : "4611686018428216012"
    }, {
      "d" : "1756389451697593448",
      "t" : 1756389451697,
      "tn" : 1756389451697593448,
      "q" : "370",
      "p" : "0.007912",
      "s" : "sell",
      "i" : "KYVE_USD",
      "m" : "4611686018428216011"
    }, {
      "d" : "1756389073293544333",
      "t" : 1756389073293,
      "tn" : 1756389073293544333,
      "q" : "2530",
      "p" : "0.007912",
      "s" : "sell",
      "i" : "KYVE_USD",
      "m" : "4611686018428216010"
    }, {
      "d" : "1756388953869925637",
      "t" : 1756388953869,
      "tn" : 1756388953869925637,
      "q" : "540",
      "p" : "0.007907",
      "s" : "buy",
      "i" : "KYVE_USD",
      "m" : "4611686018428216009"
    }, {
      "d" : "1756388953869922438",
      "t" : 1756388953869,
      "tn" : 1756388953869922438,
      "q" : "120",
      "p" : "0.007905",
      "s" : "buy",
      "i" : "KYVE_USD",
      "m" : "4611686018428216008"
    }, {
      "d" : "1756388953869919171",
      "t" : 1756388953869,
      "tn" : 1756388953869919171,
      "q" : "390",
      "p" : "0.007891",
      "s" : "buy",
      "i" : "KYVE_USD",
      "m" : "4611686018428216007"
    }, {
      "d" : "1756388939107837011",
      "t" : 1756388939107,
      "tn" : 1756388939107837010,
      "q" : "4560",
      "p" : "0.007891",
      "s" : "buy",
      "i" : "KYVE_USD",
      "m" : "4611686018428216006"
    }, {
      "d" : "1756388939107837010",
      "t" : 1756388939107,
      "tn" : 1756388939107837010,
      "q" : "2360",
      "p" : "0.007891",
      "s" : "buy",
      "i" : "KYVE_USD",
      "m" : "4611686018428216006"
    }, {
      "d" : "1756388939107833505",
      "t" : 1756388939107,
      "tn" : 1756388939107833505,
      "q" : "2450",
      "p" : "0.007885",
      "s" : "buy",
      "i" : "KYVE_USD",
      "m" : "4611686018428216005"
    }, {
      "d" : "1756388939107830723",
      "t" : 1756388939107,
      "tn" : 1756388939107830723,
      "q" : "770",
      "p" : "0.007875",
      "s" : "buy",
      "i" : "KYVE_USD",
      "m" : "4611686018428216004"
    }, {
      "d" : "1756388934903636185",
      "t" : 1756388934903,
      "tn" : 1756388934903636185,
      "q" : "3720",
      "p" : "0.007875",
      "s" : "buy",
      "i" : "KYVE_USD",
      "m" : "4611686018428216003"
    }, {
      "d" : "1756388934903634227",
      "t" : 1756388934903,
      "tn" : 1756388934903634227,
      "q" : "2160",
      "p" : "0.007872",
      "s" : "buy",
      "i" : "KYVE_USD",
      "m" : "4611686018428216002"
    }, {
      "d" : "1756388934903631614",
      "t" : 1756388934903,
      "tn" : 1756388934903631614,
      "q" : "470",
      "p" : "0.007868",
      "s" : "buy",
      "i" : "KYVE_USD",
      "m" : "4611686018428216001"
    }, {
      "d" : "1756388920723905855",
      "t" : 1756388920723,
      "tn" : 1756388920723905855,
      "q" : "5080",
      "p" : "0.007868",
      "s" : "buy",
      "i" : "KYVE_USD",
      "m" : "4611686018428216000"
    }, {
      "d" : "1756386154365801420",
      "t" : 1756386154365,
      "tn" : 1756386154365801420,
      "q" : "31440",
      "p" : "0.007864",
      "s" : "buy",
      "i" : "KYVE_USD",
      "m" : "4611686018428215999"
    }, {
      "d" : "1756386154365798344",
      "t" : 1756386154365,
      "tn" : 1756386154365798344,
      "q" : "1990",
      "p" : "0.007861",
      "s" : "buy",
      "i" : "KYVE_USD",
      "m" : "4611686018428215998"
    }, {
      "d" : "1756386154365796598",
      "t" : 1756386154365,
      "tn" : 1756386154365796598,
      "q" : "4350",
      "p" : "0.007851",
      "s" : "buy",
      "i" : "KYVE_USD",
      "m" : "4611686018428215997"
    }, {
      "d" : "1756386154365793765",
      "t" : 1756386154365,
      "tn" : 1756386154365793765,
      "q" : "2530",
      "p" : "0.007848",
      "s" : "buy",
      "i" : "KYVE_USD",
      "m" : "4611686018428215996"
    }, {
      "d" : "1756386154365791143",
      "t" : 1756386154365,
      "tn" : 1756386154365791143,
      "q" : "5590",
      "p" : "0.007839",
      "s" : "buy",
      "i" : "KYVE_USD",
      "m" : "4611686018428215995"
    }, {
      "d" : "1756386154365787840",
      "t" : 1756386154365,
      "tn" : 1756386154365787839,
      "q" : "2310",
      "p" : "0.007832",
      "s" : "buy",
      "i" : "KYVE_USD",
      "m" : "4611686018428215994"
    }, {
      "d" : "1756386154365787839",
      "t" : 1756386154365,
      "tn" : 1756386154365787839,
      "q" : "6790",
      "p" : "0.007832",
      "s" : "buy",
      "i" : "KYVE_USD",
      "m" : "4611686018428215994"
    } ]
  }
}