{
  "id" : -1,
  "method" : "public/get-trades",
  "code" : 0,
  "result" : {
    "data" : [ {
      "d" : "1756461487381568681",
      "t" : 1756461487381,
      "tn" : 1756461487381568681,
      "q" : "1490000000",
      "p" : "0.00000003003",
      "s" : "sell",
      "i" : "LADYS_USD",
      "m" : "4611686018431237821"
    }, {
      "d" : "1756461487367734070",
      "t" : 1756461487367,
      "tn" : 1756461487367734070,
      "q" : "353000000",
      "p" : "0.00000003003",
      "s" : "buy",
      "i" : "LADYS_USD",
      "m" : "4611686018431237820"
    }, {
      "d" : "1756461206347732396",
      "t" : 1756461206347,
      "tn" : 1756461206347732396,
      "q" : "1501000000",
      "p" : "0.00000002997",
      "s" : "sell",
      "i" : "LADYS_USD",
      "m" : "4611686018431237819"
    }, {
      "d" : "1756460969394700166",
      "t" : 1756460969394,
      "tn" : 1756460969394700166,
      "q" : "650000000",
      "p" : "0.00000003021",
      "s" : "buy",
      "i" : "LADYS_USD",
      "m" : "4611686018431237818"
    }, {
      "d" : "1756459848537424935",
      "t" : 1756459848537,
      "tn" : 1756459848537424935,
      "q" : "345000000",
      "p" : "0.00000002961",
      "s" : "buy",
      "i" : "LADYS_USD",
      "m" : "4611686018431237817"
    }, {
      "d" : "1756459848537421119",
      "t" : 1756459848537,
      "tn" : 1756459848537421119,
      "q" : "509000000",
      "p" : "0.00000002961",
      "s" : "buy",
      "i" : "LADYS_USD",
      "m" : "4611686018431237816"
    }, {
      "d" : "1756459848530609921",
      "t" : 1756459848530,
      "tn" : 1756459848530609921,
      "q" : "4278000000",
      "p" : "0.00000002961",
      "s" : "buy",
      "i" : "LADYS_USD",
      "m" : "4611686018431237815"
    }, {
      "d" : "1756459848520947857",
      "t" : 1756459848520,
      "tn" : 1756459848520947857,
      "q" : "1178000000",
      "p" : "0.00000002961",
      "s" : "buy",
      "i" : "LADYS_USD",
      "m" : "4611686018431237814"
    }, {
      "d" : "1756459848519614640",
      "t" : 1756459848519,
      "tn" : 1756459848519614640,
      "q" : "7650000000",
      "p" : "0.00000002961",
      "s" : "buy",
      "i" : "LADYS_USD",
      "m" : "4611686018431237813"
    }, {
      "d" : "1756459848501663791",
      "t" : 1756459848501,
      "tn" : 1756459848501663791,
      "q" : "3040000000",
      "p" : "0.00000002961",
      "s" : "buy",
      "i" : "LADYS_USD",
      "m" : "4611686018431237812"
    }, {
      "d" : "1756459679400999656",
      "t" : 1756459679400,
      "tn" : 1756459679400999656,
      "q" : "390000000",
      "p" : "0.00000003021",
      "s" : "buy",
      "i" : "LADYS_USD",
      "m" : "4611686018431237811"
    }, {
      "d" : "1756459674534226140",
      "t" : 1756459674534,
      "tn" : 1756459674534226140,
      "q" : "1324000000",
      "p" : "0.00000003021",
      "s" : "sell",
      "i" : "LADYS_USD",
      "m" : "4611686018431237810"
    }, {
      "d" : "1756459674499555628",
      "t" : 1756459674499,
      "tn" : 1756459674499555628,
      "q" : "13241000000",
      "p" : "0.00000003021",
      "s" : "sell",
      "i" : "LADYS_USD",
      "m" : "4611686018431237809"
    }, {
      "d" : "1756459674459438868",
      "t" : 1756459674459,
      "tn" : 1756459674459438868,
      "q" : "16551000000",
      "p" : "0.00000003021",
      "s" : "sell",
      "i" : "LADYS_USD",
      "m" : "4611686018431237808"
    }, {
      "d" : "1756459667352422288",
      "t" : 1756459667352,
      "tn" : 1756459667352422288,
      "q" : "3494000000",
      "p" : "0.00000003021",
      "s" : "buy",
      "i" : "LADYS_USD",
      "m" : "4611686018431237807"
    }, {
      "d" : "1756459079638326615",
      "t" : 1756459079638,
      "tn" : 1756459079638326615,
      "q" : "3114000000",
      "p" : "0.00000002995",
      "s" : "buy",
      "i" : "LADYS_USD",
      "m" : "4611686018431237806"
    }, {
      "d" : "1756459079596854046",
      "t" : 1756459079596,
      "tn" : 1756459079596854046,
      "q" : "2399000000",
      "p" : "0.00000002993",
      "s" : "buy",
      "i" : "LADYS_USD",
      "m" : "4611686018431237805"
    }, {
      "d" : "1756459079532768817",
      "t" : 1756459079532,
      "tn" : 1756459079532768817,
      "q" : "580000000",
      "p" : "0.00000002994",
      "s" : "buy",
      "i" : "LADYS_USD",
      "m" : "4611686018431237804"
    }, {
      "d" : "1756459068244061114",
      "t" : 1756459068244,
      "tn" : 1756459068244061114,
      "q" : "580000000",
      "p" : "0.00000002979",
      "s" : "sell",
      "i" : "LADYS_USD",
      "m" : "4611686018431237803"
    }, {
      "d" : "1756458576814450173",
      "t" : 1756458576814,
      "tn" : 1756458576814450173,
      "q" : "8928000000",
      "p" : "0.00000003003",
      "s" : "buy",
      "i" : "LADYS_USD",
      "m" : "4611686018431237802"
    }, {
      "d" : "1756458473372943849",
      "t" : 1756458473372,
      "tn" : 1756458473372943849,
      "q" : "4353000000",
      "p" : "0.00000002981",
      "s" : "buy",
      "i" : "LADYS_USD",
      "m" : "4611686018431237801"
    }, {
      "d" : "1756458393709933385",
      "t" : 1756458393709,
      "tn" : 1756458393709933385,
      "q" : "558000000",
      "p" : "0.00000002987",
      "s" : "buy",
      "i" : "LADYS_USD",
      "m" : "4611686018431237800"
    }, {
      "d" : "1756458213267071298",
      "t" : 1756458213267,
      "tn" : 1756458213267071298,
      "q" : "4549000000",
      "p" : "0.00000002987",
      "s" : "buy",
      "i" : "LADYS_USD",
      "m" : "4611686018431237799"
    }, {
      "d" : "1756458209320119290",
      "t" : 1756458209320,
      "tn" : 1756458209320119290,
      "q" : "4632000000",
      "p" : "0.00000002985",
      "s" : "buy",
      "i" : "LADYS_USD",
      "m" : "4611686018431237798"
    }, {
      "d" : "1756458209241961881",
      "t" : 1756458209241,
      "tn" : 1756458209241961881,
      "q" : "12354000000",
      "p" : "0.00000002987",
      "s" : "buy",
      "i" : "LADYS_USD",
      "m" : "4611686018431237797"
    }, {
      "d" : "1756458209209320314",
      "t" : 1756458209209,
      "tn" : 1756458209209320314,
      "q" : "12354000000",
      "p" : "0.00000002987",
      "s" : "buy",
      "i" : "LADYS_USD",
      "m" : "4611686018431237796"
    }, {
      "d" : "1756458196891044611",
      "t" : 1756458196891,
      "tn" : 1756458196891044611,
      "q" : "1117000000",
      "p" : "0.00000002987",
      "s" : "buy",
      "i" : "LADYS_USD",
      "m" : "4611686018431237795"
    }, {
      "d" : "1756458195646625241",
      "t" : 1756458195646,
      "tn" : 1756458195646625241,
      "q" : "2233000000",
      "p" : "0.00000002985",
      "s" : "buy",
      "i" : "LADYS_USD",
      "m" : "4611686018431237794"
    }, {
      "d" : "1756458183660369647",
      "t" : 1756458183660,
      "tn" : 1756458183660369647,
      "q" : "1341000000",
      "p" : "0.00000002970",
      "s" : "buy",
      "i" : "LADYS_USD",
      "m" : "4611686018431237793"
    }, {
      "d" : "1756458162868432869",
      "t" : 1756458162868,
      "tn" : 1756458162868432869,
      "q" : "67000000",
      "p" : "0.00000002953",
      "s" : "sell",
      "i" : "LADYS_USD",
      "m" : "4611686018431237792"
    }, {
      "d" : "1756458162868430496",
      "t" : 1756458162868,
      "tn" : 1756458162868430496,
      "q" : "62000000",
      "p" : "0.00000002956",
      "s" : "sell",
      "i" : "LADYS_USD",
      "m" : "4611686018431237791"
    }, {
      "d" : "1756458162868428272",
      "t" : 1756458162868,
      "tn" : 1756458162868428272,
      "q" : "143000000",
      "p" : "0.00000002972",
      "s" : "sell",
      "i" : "LADYS_USD",
      "m" : "4611686018431237790"
    }, {
      "d" : "1756458162865168791",
      "t" : 1756458162865,
      "tn" : 1756458162865168791,
      "q" : "845000000",
      "p" : "0.00000002972",
      "s" : "sell",
      "i" : "LADYS_USD",
      "m" : "4611686018431237789"
    }, {
      "d" : "1756458154703570108",
      "t" : 1756458154703,
      "tn" : 1756458154703570108,
      "q" : "3688000000",
      "p" : "0.00000002994",
      "s" : "sell",
      "i" : "LADYS_USD",
      "m" : "4611686018431237788"
    }, {
      "d" : "1756458154703567855",
      "t" : 1756458154703,
      "tn" : 1756458154703567855,
      "q" : "2970000000",
      "p" : "0.00000002995",
      "s" : "sell",
      "i" : "LADYS_USD",
      "m" : "4611686018431237787"
    }, {
      "d" : "1756458154698500644",
      "t" : 1756458154698,
      "tn" : 1756458154698500644,
      "q" : "2880000000",
      "p" : "0.00000002995",
      "s" : "sell",
      "i" : "LADYS_USD",
      "m" : "4611686018431237786"
    }, {
      "d" : "1756458154695360469",
      "t" : 1756458154695,
      "tn" : 1756458154695360469,
      "q" : "2426000000",
      "p" : "0.00000002994",
      "s" : "sell",
      "i" : "LADYS_USD",
      "m" : "4611686018431237785"
    }, {
      "d" : "1756458154695358733",
      "t" : 1756458154695,
      "tn" : 1756458154695358733,
      "q" : "438000000",
      "p" : "0.00000002997",
      "s" : "sell",
      "i" : "LADYS_USD",
      "m" : "4611686018431237784"
    }, {
      "d" : "1756458153301408924",
      "t" : 1756458153301,
      "tn" : 1756458153301408924,
      "q" : "1091000000",
      "p" : "0.00000002995",
      "s" : "sell",
      "i" : "LADYS_USD",
      "m" : "4611686018431237783"
    }, {
      "d" : "1756458153298584697",
      "t" : 1756458153298,
      "tn" : 1756458153298584697,
      "q" : "646000000",
      "p" : "0.00000002996",
      "s" : "sell",
      "i" : "LADYS_USD",
      "m" : "4611686018431237782"
    }, {
      "d" : "1756458153298582415",
      "t" : 1756458153298,
      "tn" : 1756458153298582415,
      "q" : "437000000",
      "p" : "0.00000002997",
      "s" : "sell",
      "i" : "LADYS_USD",
      "m" : "4611686018431237781"
    }, {
      "d" : "1756458019436473139",
      "t" : 1756458019436,
      "tn" : 1756458019436473139,
      "q" : "1025000000",
      "p" : "0.00000003015",
      "s" : "buy",
      "i" : "LADYS_USD",
      "m" : "4611686018431237780"
    }, {
      "d" : "1756457870626742063",
      "t" : 1756457870626,
      "tn" : 1756457870626742063,
      "q" : "66000000",
      "p" : "0.00000003022",
      "s" : "sell",
      "i" : "LADYS_USD",
      "m" : "4611686018431237779"
    }, {
      "d" : "1756457772719462605",
      "t" : 1756457772719,
      "tn" : 1756457772719462605,
      "q" : "701000000",
      "p" : "0.00000003036",
      "s" : "sell",
      "i" : "LADYS_USD",
      "m" : "4611686018431237778"
    }, {
      "d" : "1756457499970062728",
      "t" : 1756457499970,
      "tn" : 1756457499970062728,
      "q" : "746000000",
      "p" : "0.00000003036",
      "s" : "sell",
      "i" : "LADYS_USD",
      "m" : "4611686018431237777"
    }, {
      "d" : "1756457499970060764",
      "t" : 1756457499970,
      "tn" : 1756457499970060764,
      "q" : "69000000",
      "p" : "0.00000003037",
      "s" : "sell",
      "i" : "LADYS_USD",
      "m" : "4611686018431237776"
    }, {
      "d" : "1756457499960112293",
      "t" : 1756457499960,
      "tn" : 1756457499960112293,
      "q" : "806000000",
      "p" : "0.00000003037",
      "s" : "sell",
      "i" : "LADYS_USD",
      "m" : "4611686018431237775"
    }, {
      "d" : "1756457401526554805",
      "t" : 1756457401526,
      "tn" : 1756457401526554805,
      "q" : "748000000",
      "p" : "0.00000003036",
      "s" : "sell",
      "i" : "LADYS_USD",
      "m" : "4611686018431237774"
    }, {
      "d" : "1756457401526552548",
      "t" : 1756457401526,
      "tn" : 1756457401526552548,
      "q" : "61000000",
      "p" : "0.00000003044",
      "s" : "sell",
      "i" : "LADYS_USD",
      "m" : "4611686018431237773"
    }, {
      "d" : "1756457067866092647",
      "t" : 1756457067866,
      "tn" : 1756457067866092647,
      "q" : "317000000",
      "p" : "0.00000003047",
      "s" : "buy",
      "i" : "LADYS_USD",
      "m" : "4611686018431237772"
    }, {
      "d" : "1756457002375662552",
      "t" : 1756457002375,
      "tn" : 1756457002375662552,
      "q" : "498000000",
      "p" : "0.00000003045",
      "s" : "sell",
      "i" : "LADYS_USD",
      "m" : "4611686018431237771"
    }, {
      "d" : "1756456891194361229",
      "t" : 1756456891194,
      "tn" : 1756456891194361229,
      "q" : "498000000",
      "p" : "0.00000003045",
      "s" : "sell",
      "i" : "LADYS_USD",
      "m" : "4611686018431237770"
    }, {
      "d" : "1756456808296333036",
      "t" : 1756456808296,
      "tn" : 1756456808296333036,
      "q" : "715000000",
      "p" : "0.00000003057",
      "s" : "sell",
      "i" : "LADYS_USD",
      "m" : "4611686018431237769"
    }, {
      "d" : "1756456808291692229",
      "t" : 1756456808291,
      "tn" : 1756456808291692229,
      "q" : "711000000",
      "p" : "0.00000003057",
      "s" : "sell",
      "i" : "LADYS_USD",
      "m" : "4611686018431237768"
    }, {
      "d" : "1756456808266962747",
      "t" : 1756456808266,
      "tn" : 1756456808266962747,
      "q" : "173000000",
      "p" : "0.00000003057",
      "s" : "sell",
      "i" : "LADYS_USD",
      "m" : "4611686018431237767"
    }, {
      "d" : "1756456808266960767",
      "t" : 1756456808266,
      "tn" : 1756456808266960767,
      "q" : "1027000000",
      "p" : "0.00000003058",
      "s" : "sell",
      "i" : "LADYS_USD",
      "m" : "4611686018431237766"
    }, {
      "d" : "1756456542821996546",
      "t" : 1756456542821,
      "tn" : 1756456542821996546,
      "q" : "906000000",
      "p" : "0.00000003070",
      "s" : "buy",
      "i" : "LADYS_USD",
      "m" : "4611686018431237765"
    }, {
      "d" : "1756456262385963286",
      "t" : 1756456262385,
      "tn" : 1756456262385963286,
      "q" : "600000000",
      "p" : "0.00000003077",
      "s" : "buy",
      "i" : "LADYS_USD",
      "m" : "4611686018431237764"
    }, {
      "d" : "1756455949681832754",
      "t" : 1756455949681,
      "tn" : 1756455949681832754,
      "q" : "509000000",
      "p" : "0.00000003051",
      "s" : "sell",
      "i" : "LADYS_USD",
      "m" : "4611686018431237763"
    }, {
      "d" : "1756455696849841194",
      "t" : 1756455696849,
      "tn" : 1756455696849841194,
      "q" : "1700000000",
      "p" : "0.00000003064",
      "s" : "sell",
      "i" : "LADYS_USD",
      "m" : "4611686018431237762"
    }, {
      "d" : "1756455522258733446",
      "t" : 1756455522258,
      "tn" : 1756455522258733446,
      "q" : "592000000",
      "p" : "0.00000003087",
      "s" : "sell",
      "i" : "LADYS_USD",
      "m" : "4611686018431237761"
    }, {
      "d" : "1756455522238007165",
      "t" : 1756455522238,
      "tn" : 1756455522238007165,
      "q" : "274000000",
      "p" : "0.00000003087",
      "s" : "sell",
      "i" : "LADYS_USD",
      "m" : "4611686018431237760"
    }, {
      "d" : "1756455522238005643",
      "t" : 1756455522238,
      "tn" : 1756455522238005643,
      "q" : "1309000000",
      "p" : "0.00000003093",
      "s" : "sell",
      "i" : "LADYS_USD",
      "m" : "4611686018431237759"
    }, {
      "d" : "1756455522183127532",
      "t" : 1756455522183,
      "tn" : 1756455522183127532,
      "q" : "1213000000",
      "p" : "0.00000003093",
      "s" : "sell",
      "i" : "LADYS_USD",
      "m" : "4611686018431237758"
    }, {
      "d" : "1756455522159389941",
      "t" : 1756455522159,
      "tn" : 1756455522159389941,
      "q" : "1594000000",
      "p" : "0.00000003093",
      "s" : "sell",
      "i" : "LADYS_USD",
      "m" : "4611686018431237757"
    }, {
      "d" : "1756455522149612320",
      "t" : 1756455522149,
      "tn" : 1756455522149612320,
      "q" : "1293000000",
      "p" : "0.00000003093",
      "s" : "sell",
      "i" : "LADYS_USD",
      "m" : "4611686018431237756"
    }, {
      "d" : "1756455522063936651",
      "t" : 1756455522063,
      "tn" : 1756455522063936651,
      "q" : "596000000",
      "p" : "0.00000003093",
      "s" : "sell",
      "i" : "LADYS_USD",
      "m" : "4611686018431237755"
    }, {
      "d" : "1756454080227696161",
      "t" : 1756454080227,
      "tn" : 1756454080227696161,
      "q" : "1319000000",
      "p" : "0.00000003086",
      "s" : "sell",
      "i" : "LADYS_USD",
      "m" : "4611686018431237754"
    }, {
      "d" : "1756453983830200683",
      "t" : 1756453983830,
      "tn" : 1756453983830200683,
      "q" : "1200000000",
      "p" : "0.00000003086",
      "s" : "sell",
      "i" : "LADYS_USD",
      "m" : "4611686018431237753"
    }, {
      "d" : "1756453427988990051",
      "t" : 1756453427988,
      "tn" : 1756453427988990051,
      "q" : "1517000000",
      "p" : "0.00000003088",
      "s" : "sell",
      "i" : "LADYS_USD",
      "m" : "4611686018431237752"
    }, {
      "d" : "1756453421843907413",
      "t" : 1756453421843,
      "tn" : 1756453421843907413,
      "q" : "498000000",
      "p" : "0.00000003104",
      "s" : "sell",
      "i" : "LADYS_USD",
      "m" : "4611686018431237751"
    }, {
      "d" : "1756453330736718469",
      "t" : 1756453330736,
      "tn" : 1756453330736718469,
      "q" : "535000000",
      "p" : "0.00000003137",
      "s" : "sell",
      "i" : "LADYS_USD",
      "m" : "4611686018431237750"
    }, {
      "d" : "1756452949239252143",
      "t" : 1756452949239,
      "tn" : 1756452949239252143,
      "q" : "918000000",
      "p" : "0.00000003108",
      "s" : "buy",
      "i" : "LADYS_USD",
      "m" : "4611686018431237749"
    }, {
      "d" : "1756452526461576000",
      "t" : 1756452526461,
      "tn" : 1756452526461576000,
      "q" : "1013000000",
      "p" : "0.00000003103",
      "s" : "buy",
      "i" : "LADYS_USD",
      "m" : "4611686018431237748"
    }, {
      "d" : "1756452401543087735",
      "t" : 1756452401543,
      "tn" : 1756452401543087735,
      "q" : "707000000",
      "p" : "0.00000003102",
      "s" : "sell",
      "i" : "LADYS_USD",
      "m" : "4611686018431237747"
    }, {
      "d" : "1756452401542235126",
      "t" : 1756452401542,
      "tn" : 1756452401542235126,
      "q" : "712000000",
      "p" : "0.00000003102",
      "s" : "sell",
      "i" : "LADYS_USD",
      "m" : "4611686018431237746"
    }, {
      "d" : "1756452314728064244",
      "t" : 1756452314728,
      "tn" : 1756452314728064244,
      "q" : "543000000",
      "p" : "0.00000003096",
      "s" : "sell",
      "i" : "LADYS_USD",
      "m" : "4611686018431237745"
    }, {
      "d" : "1756452314681280106",
      "t" : 1756452314681,
      "tn" : 1756452314681280106,
      "q" : "826000000",
      "p" : "0.00000003095",
      "s" : "sell",
      "i" : "LADYS_USD",
      "m" : "4611686018431237744"
    }, {
      "d" : "1756452314630223335",
      "t" : 1756452314630,
      "tn" : 1756452314630223335,
      "q" : "537000000",
      "p" : "0.00000003094",
      "s" : "sell",
      "i" : "LADYS_USD",
      "m" : "4611686018431237743"
    }, {
      "d" : "1756452314612865047",
      "t" : 1756452314612,
      "tn" : 1756452314612865047,
      "q" : "817000000",
      "p" : "0.00000003102",
      "s" : "sell",
      "i" : "LADYS_USD",
      "m" : "4611686018431237742"
    }, {
      "d" : "1756452191937392928",
      "t" : 1756452191937,
      "tn" : 1756452191937392928,
      "q" : "768000000",
      "p" : "0.00000003114",
      "s" : "buy",
      "i" : "LADYS_USD",
      "m" : "4611686018431237741"
    }, {
      "d" : "1756452158613954538",
      "t" : 1756452158613,
      "tn" : 1756452158613954538,
      "q" : "97000000",
      "p" : "0.00000003099",
      "s" : "sell",
      "i" : "LADYS_USD",
      "m" : "4611686018431237740"
    }, {
      "d" : "1756452158470946461",
      "t" : 1756452158470,
      "tn" : 1756452158470946461,
      "q" : "697000000",
      "p" : "0.00000003103",
      "s" : "sell",
      "i" : "LADYS_USD",
      "m" : "4611686018431237739"
    }, {
      "d" : "1756452158467335805",
      "t" : 1756452158467,
      "tn" : 1756452158467335805,
      "q" : "710000000",
      "p" : "0.00000003103",
      "s" : "sell",
      "i" : "LADYS_USD",
      "m" : "4611686018431237738"
    }, {
      "d" : "1756451670578022721",
      "t" : 1756451670578,
      "tn" : 1756451670578022721,
      "q" : "1213000000",
      "p" : "0.00000003130",
      "s" : "buy",
      "i" : "LADYS_USD",
      "m" : "4611686018431237737"
    }, {
      "d" : "1756451539036924278",
      "t" : 1756451539036,
      "tn" : 1756451539036924278,
      "q" : "3013000000",
      "p" : "0.00000003126",
      "s" : "buy",
      "i" : "LADYS_USD",
      "m" : "4611686018431237736"
    }, {
      "d" : "1756451462592814435",
      "t" : 1756451462592,
      "tn" : 1756451462592814435,
      "q" : "397000000",
      "p" : "0.00000003137",
      "s" : "buy",
      "i" : "LADYS_USD",
      "m" : "4611686018431237735"
    }, {
      "d" : "1756451028885519571",
      "t" : 1756451028885,
      "tn" : 1756451028885519571,
      "q" : "382000000",
      "p" : "0.00000003109",
      "s" : "sell",
      "i" : "LADYS_USD",
      "m" : "4611686018431237734"
    }, {
      "d" : "1756450236056782476",
      "t" : 1756450236056,
      "tn" : 1756450236056782476,
      "q" : "383000000",
      "p" : "0.00000003129",
      "s" : "sell",
      "i" : "LADYS_USD",
      "m" : "4611686018431237733"
    }, {
      "d" : "1756450236032669588",
      "t" : 1756450236032,
      "tn" : 1756450236032669588,
      "q" : "383000000",
      "p" : "0.00000003129",
      "s" : "sell",
      "i" : "LADYS_USD",
      "m" : "4611686018431237732"
    }, {
      "d" : "1756450236003124359",
      "t" : 1756450236003,
      "tn" : 1756450236003124359,
      "q" : "383000000",
      "p" : "0.00000003129",
      "s" : "sell",
      "i" : "LADYS_USD",
      "m" : "4611686018431237731"
    }, {
      "d" : "1756450219450431816",
      "t" : 1756450219450,
      "tn" : 1756450219450431816,
      "q" : "2336000000",
      "p" : "0.00000003131",
      "s" : "sell",
      "i" : "LADYS_USD",
      "m" : "4611686018431237730"
    }, {
      "d" : "1756450219425495421",
      "t" : 1756450219425,
      "tn" : 1756450219425495421,
      "q" : "542000000",
      "p" : "0.00000003131",
      "s" : "sell",
      "i" : "LADYS_USD",
      "m" : "4611686018431237729"
    }, {
      "d" : "1756450219357713631",
      "t" : 1756450219357,
      "tn" : 1756450219357713631,
      "q" : "582000000",
      "p" : "0.00000003130",
      "s" : "sell",
      "i" : "LADYS_USD",
      "m" : "4611686018431237728"
    }, {
      "d" : "1756450219354440726",
      "t" : 1756450219354,
      "tn" : 1756450219354440726,
      "q" : "546000000",
      "p" : "0.00000003130",
      "s" : "sell",
      "i" : "LADYS_USD",
      "m" : "4611686018431237727"
    }, {
      "d" : "1756450219292335717",
      "t" : 1756450219292,
      "tn" : 1756450219292335717,
      "q" : "585000000",
      "p" : "0.00000003129",
      "s" : "sell",
      "i" : "LADYS_USD",
      "m" : "4611686018431237726"
    }, {
      "d" : "1756450219259209810",
      "t" : 1756450219259,
      "tn" : 1756450219259209810,
      "q" : "596000000",
      "p" : "0.00000003128",
      "s" : "sell",
      "i" : "LADYS_USD",
      "m" : "4611686018431237725"
    }, {
      "d" : "1756450219253582417",
      "t" : 1756450219253,
      "tn" : 1756450219253582417,
      "q" : "600000000",
      "p" : "0.00000003128",
      "s" : "sell",
      "i" : "LADYS_USD",
      "m" : "4611686018431237724"
    }, {
      "d" : "1756450219187685241",
      "t" : 1756450219187,
      "tn" : 1756450219187685241,
      "q" : "605000000",
      "p" : "0.00000003127",
      "s" : "sell",
      "i" : "LADYS_USD",
      "m" : "4611686018431237723"
    }, {
      "d" : "1756450219059116084",
      "t" : 1756450219059,
      "tn" : 1756450219059116084,
      "q" : "1383000000",
      "p" : "0.00000003125",
      "s" : "sell",
      "i" : "LADYS_USD",
      "m" : "4611686018431237722"
    }, {
      "d" : "1756450219015599085",
      "t" : 1756450219015,
      "tn" : 1756450219015599085,
      "q" : "2336000000",
      "p" : "0.00000003124",
      "s" : "sell",
      "i" : "LADYS_USD",
      "m" : "4611686018431237721"
    }, {
      "d" : "1756450151703768296",
      "t" : 1756450151703,
      "tn" : 1756450151703768296,
      "q" : "1000000000",
      "p" : "0.00000003102",
      "s" : "sell",
      "i" : "LADYS_USD",
      "m" : "4611686018431237720"
    }, {
      "d" : "1756449675956149781",
      "t" : 1756449675956,
      "tn" : 1756449675956149781,
      "q" : "1649000000",
      "p" : "0.00000003098",
      "s" : "sell",
      "i" : "LADYS_USD",
      "m" : "4611686018431237719"
    }, {
      "d" : "1756449541546281590",
      "t" : 1756449541546,
      "tn" : 1756449541546281590,
      "q" : "371000000",
      "p" : "0.00000003070",
      "s" : "sell",
      "i" : "LADYS_USD",
      "m" : "4611686018431237718"
    }, {
      "d" : "1756447634332185211",
      "t" : 1756447634332,
      "tn" : 1756447634332185211,
      "q" : "548000000",
      "p" : "0.00000003143",
      "s" : "buy",
      "i" : "LADYS_USD",
      "m" : "4611686018431237717"
    }, {
      "d" : "1756447263443254966",
      "t" : 1756447263443,
      "tn" : 1756447263443254966,
      "q" : "639000000",
      "p" : "0.00000003145",
      "s" : "buy",
      "i" : "LADYS_USD",
      "m" : "4611686018431237716"
    }, {
      "d" : "1756447226292119641",
      "t" : 1756447226292,
      "tn" : 1756447226292119641,
      "q" : "909000000",
      "p" : "0.00000003144",
      "s" : "buy",
      "i" : "LADYS_USD",
      "m" : "4611686018431237715"
    }, {
      "d" : "1756446818526449150",
      "t" : 1756446818526,
      "tn" : 1756446818526449150,
      "q" : "1229000000",
      "p" : "0.00000003116",
      "s" : "sell",
      "i" : "LADYS_USD",
      "m" : "4611686018431237714"
    }, {
      "d" : "1756446818517558959",
      "t" : 1756446818517,
      "tn" : 1756446818517558959,
      "q" : "1221000000",
      "p" : "0.00000003146",
      "s" : "sell",
      "i" : "LADYS_USD",
      "m" : "4611686018431237713"
    }, {
      "d" : "1756446818512911410",
      "t" : 1756446818512,
      "tn" : 1756446818512911410,
      "q" : "1298000000",
      "p" : "0.00000003146",
      "s" : "sell",
      "i" : "LADYS_USD",
      "m" : "4611686018431237712"
    }, {
      "d" : "1756446818511659222",
      "t" : 1756446818511,
      "tn" : 1756446818511659222,
      "q" : "1285000000",
      "p" : "0.00000003146",
      "s" : "sell",
      "i" : "LADYS_USD",
      "m" : "4611686018431237711"
    }, {
      "d" : "1756446818510256072",
      "t" : 1756446818510,
      "tn" : 1756446818510256072,
      "q" : "1285000000",
      "p" : "0.00000003146",
      "s" : "sell",
      "i" : "LADYS_USD",
      "m" : "4611686018431237710"
    }, {
      "d" : "1756446818502739802",
      "t" : 1756446818502,
      "tn" : 1756446818502739802,
      "q" : "1298000000",
      "p" : "0.00000003146",
      "s" : "sell",
      "i" : "LADYS_USD",
      "m" : "4611686018431237709"
    }, {
      "d" : "1756446818492078225",
      "t" : 1756446818492,
      "tn" : 1756446818492078225,
      "q" : "2543000000",
      "p" : "0.00000003146",
      "s" : "sell",
      "i" : "LADYS_USD",
      "m" : "4611686018431237708"
    }, {
      "d" : "1756446581245534305",
      "t" : 1756446581245,
      "tn" : 1756446581245534305,
      "q" : "358000000",
      "p" : "0.00000003147",
      "s" : "buy",
      "i" : "LADYS_USD",
      "m" : "4611686018431237707"
    }, {
      "d" : "1756446182388646665",
      "t" : 1756446182388,
      "tn" : 1756446182388646665,
      "q" : "795000000",
      "p" : "0.00000003144",
      "s" : "buy",
      "i" : "LADYS_USD",
      "m" : "4611686018431237706"
    }, {
      "d" : "1756445688681386265",
      "t" : 1756445688681,
      "tn" : 1756445688681386265,
      "q" : "809000000",
      "p" : "0.00000003137",
      "s" : "buy",
      "i" : "LADYS_USD",
      "m" : "4611686018431237705"
    }, {
      "d" : "1756445211830639421",
      "t" : 1756445211830,
      "tn" : 1756445211830639421,
      "q" : "1255000000",
      "p" : "0.00000003072",
      "s" : "buy",
      "i" : "LADYS_USD",
      "m" : "4611686018431237704"
    }, {
      "d" : "1756445211828043347",
      "t" : 1756445211828,
      "tn" : 1756445211828043347,
      "q" : "1299000000",
      "p" : "0.00000003072",
      "s" : "buy",
      "i" : "LADYS_USD",
      "m" : "4611686018431237703"
    }, {
      "d" : "1756445211825019625",
      "t" : 1756445211825,
      "tn" : 1756445211825019625,
      "q" : "1268000000",
      "p" : "0.00000003072",
      "s" : "buy",
      "i" : "LADYS_USD",
      "m" : "4611686018431237702"
    }, {
      "d" : "1756445211820938636",
      "t" : 1756445211820,
      "tn" : 1756445211820938636,
      "q" : "1187000000",
      "p" : "0.00000003072",
      "s" : "buy",
      "i" : "LADYS_USD",
      "m" : "4611686018431237701"
    }, {
      "d" : "1756445211820584510",
      "t" : 1756445211820,
      "tn" : 1756445211820584510,
      "q" : "3215000000",
      "p" : "0.00000003072",
      "s" : "buy",
      "i" : "LADYS_USD",
      "m" : "4611686018431237700"
    }, {
      "d" : "1756445211818085925",
      "t" : 1756445211818,
      "tn" : 1756445211818085925,
      "q" : "534000000",
      "p" : "0.00000003072",
      "s" : "buy",
      "i" : "LADYS_USD",
      "m" : "4611686018431237699"
    }, {
      "d" : "1756445211817297968",
      "t" : 1756445211817,
      "tn" : 1756445211817297968,
      "q" : "1968000000",
      "p" : "0.00000003072",
      "s" : "buy",
      "i" : "LADYS_USD",
      "m" : "4611686018431237698"
    }, {
      "d" : "1756445211802372465",
      "t" : 1756445211802,
      "tn" : 1756445211802372465,
      "q" : "793000000",
      "p" : "0.00000003072",
      "s" : "buy",
      "i" : "LADYS_USD",
      "m" : "4611686018431237697"
    }, {
      "d" : "1756444957194178670",
      "t" : 1756444957194,
      "tn" : 1756444957194178670,
      "q" : "612000000",
      "p" : "0.00000003140",
      "s" : "buy",
      "i" : "LADYS_USD",
      "m" : "4611686018431237696"
    }, {
      "d" : "1756444690357843149",
      "t" : 1756444690357,
      "tn" : 1756444690357843149,
      "q" : "3111000000",
      "p" : "0.00000003139",
      "s" : "buy",
      "i" : "LADYS_USD",
      "m" : "4611686018431237695"
    }, {
      "d" : "1756444506301838266",
      "t" : 1756444506301,
      "tn" : 1756444506301838266,
      "q" : "836000000",
      "p" : "0.00000003125",
      "s" : "sell",
      "i" : "LADYS_USD",
      "m" : "4611686018431237694"
    }, {
      "d" : "1756444216866932412",
      "t" : 1756444216866,
      "tn" : 1756444216866932412,
      "q" : "626000000",
      "p" : "0.00000003143",
      "s" : "sell",
      "i" : "LADYS_USD",
      "m" : "4611686018431237693"
    }, {
      "d" : "1756444100161283747",
      "t" : 1756444100161,
      "tn" : 1756444100161283747,
      "q" : "210000000",
      "p" : "0.00000003133",
      "s" : "buy",
      "i" : "LADYS_USD",
      "m" : "4611686018431237692"
    }, {
      "d" : "1756444020913546752",
      "t" : 1756444020913,
      "tn" : 1756444020913546752,
      "q" : "458000000",
      "p" : "0.00000003141",
      "s" : "buy",
      "i" : "LADYS_USD",
      "m" : "4611686018431237691"
    }, {
      "d" : "1756443207264110341",
      "t" : 1756443207264,
      "tn" : 1756443207264110341,
      "q" : "1750000000",
      "p" : "0.00000003137",
      "s" : "buy",
      "i" : "LADYS_USD",
      "m" : "4611686018431237690"
    }, {
      "d" : "1756443033533904603",
      "t" : 1756443033533,
      "tn" : 1756443033533904603,
      "q" : "11458000000",
      "p" : "0.00000003125",
      "s" : "sell",
      "i" : "LADYS_USD",
      "m" : "4611686018431237689"
    }, {
      "d" : "1756443000202372876",
      "t" : 1756443000202,
      "tn" : 1756443000202372876,
      "q" : "759000000",
      "p" : "0.00000003130",
      "s" : "buy",
      "i" : "LADYS_USD",
      "m" : "4611686018431237688"
    }, {
      "d" : "1756442971603970143",
      "t" : 1756442971603,
      "tn" : 1756442971603970143,
      "q" : "759000000",
      "p" : "0.00000003145",
      "s" : "buy",
      "i" : "LADYS_USD",
      "m" : "4611686018431237687"
    }, {
      "d" : "1756442533904236405",
      "t" : 1756442533904,
      "tn" : 1756442533904236405,
      "q" : "458000000",
      "p" : "0.00000003146",
      "s" : "buy",
      "i" : "LADYS_USD",
      "m" : "4611686018431237686"
    }, {
      "d" : "1756442513150362388",
      "t" : 1756442513150,
      "tn" : 1756442513150362388,
      "q" : "1561000000",
      "p" : "0.00000003146",
      "s" : "buy",
      "i" : "LADYS_USD",
      "m" : "4611686018431237685"
    }, {
      "d" : "1756442435044078075",
      "t" : 1756442435044,
      "tn" : 1756442435044078075,
      "q" : "609000000",
      "p" : "0.00000003146",
      "s" : "buy",
      "i" : "LADYS_USD",
      "m" : "4611686018431237684"
    }, {
      "d" : "1756442372914760520",
      "t" : 1756442372914,
      "tn" : 1756442372914760520,
      "q" : "748000000",
      "p" : "0.00000003129",
      "s" : "sell",
      "i" : "LADYS_USD",
      "m" : "4611686018431237683"
    }, {
      "d" : "1756442291986097419",
      "t" : 1756442291986,
      "tn" : 1756442291986097419,
      "q" : "943000000",
      "p" : "0.00000003146",
      "s" : "buy",
      "i" : "LADYS_USD",
      "m" : "4611686018431237682"
    }, {
      "d" : "1756442148312780236",
      "t" : 1756442148312,
      "tn" : 1756442148312780236,
      "q" : "574000000",
      "p" : "0.00000003146",
      "s" : "buy",
      "i" : "LADYS_USD",
      "m" : "4611686018431237681"
    }, {
      "d" : "1756441948979319847",
      "t" : 1756441948979,
      "tn" : 1756441948979319846,
      "q" : "143000000",
      "p" : "0.00000003143",
      "s" : "buy",
      "i" : "LADYS_USD",
      "m" : "4611686018431237680"
    }, {
      "d" : "1756441948979319846",
      "t" : 1756441948979,
      "tn" : 1756441948979319846,
      "q" : "574000000",
      "p" : "0.00000003143",
      "s" : "buy",
      "i" : "LADYS_USD",
      "m" : "4611686018431237680"
    }, {
      "d" : "1756440823803763649",
      "t" : 1756440823803,
      "tn" : 1756440823803763649,
      "q" : "1418000000",
      "p" : "0.00000003125",
      "s" : "buy",
      "i" : "LADYS_USD",
      "m" : "4611686018431237679"
    }, {
      "d" : "1756440823211991529",
      "t" : 1756440823211,
      "tn" : 1756440823211991529,
      "q" : "494000000",
      "p" : "0.00000003124",
      "s" : "buy",
      "i" : "LADYS_USD",
      "m" : "4611686018431237678"
    }, {
      "d" : "1756440822300642449",
      "t" : 1756440822300,
      "tn" : 1756440822300642449,
      "q" : "1128000000",
      "p" : "0.00000003124",
      "s" : "buy",
      "i" : "LADYS_USD",
      "m" : "4611686018431237677"
    }, {
      "d" : "1756440544877990341",
      "t" : 1756440544877,
      "tn" : 1756440544877990341,
      "q" : "4042000000",
      "p" : "0.00000003146",
      "s" : "buy",
      "i" : "LADYS_USD",
      "m" : "4611686018431237676"
    }, {
      "d" : "1756440533214497198",
      "t" : 1756440533214,
      "tn" : 1756440533214497198,
      "q" : "146000000",
      "p" : "0.00000003091",
      "s" : "buy",
      "i" : "LADYS_USD",
      "m" : "4611686018431237675"
    }, {
      "d" : "1756440533193454371",
      "t" : 1756440533193,
      "tn" : 1756440533193454371,
      "q" : "647000000",
      "p" : "0.00000003091",
      "s" : "buy",
      "i" : "LADYS_USD",
      "m" : "4611686018431237674"
    }, {
      "d" : "1756440533163259871",
      "t" : 1756440533163,
      "tn" : 1756440533163259871,
      "q" : "325000000",
      "p" : "0.00000003092",
      "s" : "sell",
      "i" : "LADYS_USD",
      "m" : "4611686018431237673"
    } ]
  }
}