{
  "id" : -1,
  "method" : "public/get-trades",
  "code" : 0,
  "result" : {
    "data" : [ {
      "d" : "1756458162864344031",
      "t" : 1756458162864,
      "tn" : 1756458162864344031,
      "q" : "845000000",
      "p" : "0.00000002960",
      "s" : "sell",
      "i" : "LADYS_USDT",
      "m" : "4611686018428397908"
    }, {
      "d" : "1756457870627666456",
      "t" : 1756457870627,
      "tn" : 1756457870627666456,
      "q" : "66000000",
      "p" : "0.00000003018",
      "s" : "buy",
      "i" : "LADYS_USDT",
      "m" : "4611686018428397907"
    }, {
      "d" : "1756457772720349837",
      "t" : 1756457772720,
      "tn" : 1756457772720349837,
      "q" : "701000000",
      "p" : "0.00000003032",
      "s" : "buy",
      "i" : "LADYS_USDT",
      "m" : "4611686018428397906"
    }, {
      "d" : "1756449541545291866",
      "t" : 1756449541545,
      "tn" : 1756449541545291866,
      "q" : "371000000",
      "p" : "0.00000003036",
      "s" : "sell",
      "i" : "LADYS_USDT",
      "m" : "4611686018428397905"
    }, {
      "d" : "1756439769810780342",
      "t" : 1756439769810,
      "tn" : 1756439769810780342,
      "q" : "385000000",
      "p" : "0.00000003119",
      "s" : "sell",
      "i" : "LADYS_USDT",
      "m" : "4611686018428397904"
    }, {
      "d" : "1756426897906331847",
      "t" : 1756426897906,
      "tn" : 1756426897906331847,
      "q" : "318000000",
      "p" : "0.00000003142",
      "s" : "buy",
      "i" : "LADYS_USDT",
      "m" : "4611686018428397903"
    }, {
      "d" : "1756426897878621544",
      "t" : 1756426897878,
      "tn" : 1756426897878621544,
      "q" : "429000000",
      "p" : "0.00000003141",
      "s" : "buy",
      "i" : "LADYS_USDT",
      "m" : "4611686018428397902"
    }, {
      "d" : "1756422608538921277",
      "t" : 1756422608538,
      "tn" : 1756422608538921277,
      "q" : "83000000",
      "p" : "0.00000003103",
      "s" : "sell",
      "i" : "LADYS_USDT",
      "m" : "4611686018428397901"
    }, {
      "d" : "1756415810447795969",
      "t" : 1756415810447,
      "tn" : 1756415810447795969,
      "q" : "611000000",
      "p" : "0.00000003090",
      "s" : "sell",
      "i" : "LADYS_USDT",
      "m" : "4611686018428397900"
    }, {
      "d" : "1756395092821278746",
      "t" : 1756395092821,
      "tn" : 1756395092821278746,
      "q" : "1692000000",
      "p" : "0.00000003110",
      "s" : "buy",
      "i" : "LADYS_USDT",
      "m" : "4611686018428397899"
    }, {
      "d" : "1756395092820981020",
      "t" : 1756395092820,
      "tn" : 1756395092820981020,
      "q" : "1683000000",
      "p" : "0.00000003110",
      "s" : "buy",
      "i" : "LADYS_USDT",
      "m" : "4611686018428397898"
    }, {
      "d" : "1756392536539798575",
      "t" : 1756392536539,
      "tn" : 1756392536539798575,
      "q" : "3958000000",
      "p" : "0.00000003085",
      "s" : "sell",
      "i" : "LADYS_USDT",
      "m" : "4611686018428397897"
    }, {
      "d" : "1756383664989913564",
      "t" : 1756383664989,
      "tn" : 1756383664989913564,
      "q" : "74000000",
      "p" : "0.00000003156",
      "s" : "sell",
      "i" : "LADYS_USDT",
      "m" : "4611686018428397896"
    }, {
      "d" : "1756383664989912062",
      "t" : 1756383664989,
      "tn" : 1756383664989912062,
      "q" : "718000000",
      "p" : "0.00000003157",
      "s" : "sell",
      "i" : "LADYS_USDT",
      "m" : "4611686018428397895"
    }, {
      "d" : "1756383664964758155",
      "t" : 1756383664964,
      "tn" : 1756383664964758155,
      "q" : "1267000000",
      "p" : "0.00000003157",
      "s" : "sell",
      "i" : "LADYS_USDT",
      "m" : "4611686018428397894"
    }, {
      "d" : "1756383664877426517",
      "t" : 1756383664877,
      "tn" : 1756383664877426517,
      "q" : "36000000",
      "p" : "0.00000003156",
      "s" : "sell",
      "i" : "LADYS_USDT",
      "m" : "4611686018428397893"
    }, {
      "d" : "1756383664877424357",
      "t" : 1756383664877,
      "tn" : 1756383664877424357,
      "q" : "1231000000",
      "p" : "0.00000003157",
      "s" : "sell",
      "i" : "LADYS_USDT",
      "m" : "4611686018428397892"
    }, {
      "d" : "1756383656331756381",
      "t" : 1756383656331,
      "tn" : 1756383656331756381,
      "q" : "1267000000",
      "p" : "0.00000003156",
      "s" : "sell",
      "i" : "LADYS_USDT",
      "m" : "4611686018428397891"
    }, {
      "d" : "1756383656268335227",
      "t" : 1756383656268,
      "tn" : 1756383656268335227,
      "q" : "4753000000",
      "p" : "0.00000003156",
      "s" : "sell",
      "i" : "LADYS_USDT",
      "m" : "4611686018428397890"
    }, {
      "d" : "1756383656181692473",
      "t" : 1756383656181,
      "tn" : 1756383656181692473,
      "q" : "1478000000",
      "p" : "0.00000003156",
      "s" : "sell",
      "i" : "LADYS_USDT",
      "m" : "4611686018428397889"
    }, {
      "d" : "1756383647393615731",
      "t" : 1756383647393,
      "tn" : 1756383647393615731,
      "q" : "9200000000",
      "p" : "0.00000003155",
      "s" : "buy",
      "i" : "LADYS_USDT",
      "m" : "4611686018428397888"
    }, {
      "d" : "1756383624363747783",
      "t" : 1756383624363,
      "tn" : 1756383624363747783,
      "q" : "540000000",
      "p" : "0.00000003151",
      "s" : "sell",
      "i" : "LADYS_USDT",
      "m" : "4611686018428397887"
    }, {
      "d" : "1756383624363746276",
      "t" : 1756383624363,
      "tn" : 1756383624363746276,
      "q" : "729000000",
      "p" : "0.00000003153",
      "s" : "sell",
      "i" : "LADYS_USDT",
      "m" : "4611686018428397886"
    }, {
      "d" : "1756383624300948991",
      "t" : 1756383624300,
      "tn" : 1756383624300948991,
      "q" : "1269000000",
      "p" : "0.00000003153",
      "s" : "sell",
      "i" : "LADYS_USDT",
      "m" : "4611686018428397885"
    }, {
      "d" : "1756383624208857275",
      "t" : 1756383624208,
      "tn" : 1756383624208857275,
      "q" : "6343000000",
      "p" : "0.00000003153",
      "s" : "sell",
      "i" : "LADYS_USDT",
      "m" : "4611686018428397884"
    }, {
      "d" : "1756383624126933263",
      "t" : 1756383624126,
      "tn" : 1756383624126933263,
      "q" : "1161000000",
      "p" : "0.00000003153",
      "s" : "sell",
      "i" : "LADYS_USDT",
      "m" : "4611686018428397883"
    }, {
      "d" : "1756383624107878369",
      "t" : 1756383624107,
      "tn" : 1756383624107878369,
      "q" : "6343000000",
      "p" : "0.00000003153",
      "s" : "sell",
      "i" : "LADYS_USDT",
      "m" : "4611686018428397882"
    }, {
      "d" : "1756383624036677823",
      "t" : 1756383624036,
      "tn" : 1756383624036677823,
      "q" : "3184000000",
      "p" : "0.00000003153",
      "s" : "sell",
      "i" : "LADYS_USDT",
      "m" : "4611686018428397881"
    }, {
      "d" : "1756383623953955394",
      "t" : 1756383623953,
      "tn" : 1756383623953955394,
      "q" : "651000000",
      "p" : "0.00000003151",
      "s" : "sell",
      "i" : "LADYS_USDT",
      "m" : "4611686018428397880"
    }, {
      "d" : "1756383623953954024",
      "t" : 1756383623953,
      "tn" : 1756383623953954024,
      "q" : "618000000",
      "p" : "0.00000003152",
      "s" : "sell",
      "i" : "LADYS_USDT",
      "m" : "4611686018428397879"
    }, {
      "d" : "1756383623927250085",
      "t" : 1756383623927,
      "tn" : 1756383623927250085,
      "q" : "4144000000",
      "p" : "0.00000003152",
      "s" : "sell",
      "i" : "LADYS_USDT",
      "m" : "4611686018428397878"
    }, {
      "d" : "1756383623882065919",
      "t" : 1756383623882,
      "tn" : 1756383623882065919,
      "q" : "4438000000",
      "p" : "0.00000003152",
      "s" : "sell",
      "i" : "LADYS_USDT",
      "m" : "4611686018428397877"
    }, {
      "d" : "1756383623857022707",
      "t" : 1756383623857,
      "tn" : 1756383623857022707,
      "q" : "4749000000",
      "p" : "0.00000003152",
      "s" : "sell",
      "i" : "LADYS_USDT",
      "m" : "4611686018428397876"
    }, {
      "d" : "1756383623836162863",
      "t" : 1756383623836,
      "tn" : 1756383623836162863,
      "q" : "5086000000",
      "p" : "0.00000003152",
      "s" : "sell",
      "i" : "LADYS_USDT",
      "m" : "4611686018428397875"
    }, {
      "d" : "1756383623817219628",
      "t" : 1756383623817,
      "tn" : 1756383623817219628,
      "q" : "6347000000",
      "p" : "0.00000003151",
      "s" : "sell",
      "i" : "LADYS_USDT",
      "m" : "4611686018428397874"
    }, {
      "d" : "1756383623805205176",
      "t" : 1756383623805,
      "tn" : 1756383623805205176,
      "q" : "22885000000",
      "p" : "0.00000003151",
      "s" : "buy",
      "i" : "LADYS_USDT",
      "m" : "4611686018428397873"
    }, {
      "d" : "1756383617623043580",
      "t" : 1756383617623,
      "tn" : 1756383617623043579,
      "q" : "723000000",
      "p" : "0.00000003150",
      "s" : "sell",
      "i" : "LADYS_USDT",
      "m" : "4611686018428397872"
    }, {
      "d" : "1756383617623043579",
      "t" : 1756383617623,
      "tn" : 1756383617623043579,
      "q" : "71000000",
      "p" : "0.00000003150",
      "s" : "sell",
      "i" : "LADYS_USDT",
      "m" : "4611686018428397872"
    }, {
      "d" : "1756383614376357037",
      "t" : 1756383614376,
      "tn" : 1756383614376357037,
      "q" : "160000000",
      "p" : "0.00000003150",
      "s" : "sell",
      "i" : "LADYS_USDT",
      "m" : "4611686018428397871"
    }, {
      "d" : "1756383614376355601",
      "t" : 1756383614376,
      "tn" : 1756383614376355601,
      "q" : "634000000",
      "p" : "0.00000003151",
      "s" : "sell",
      "i" : "LADYS_USDT",
      "m" : "4611686018428397870"
    }, {
      "d" : "1756383614059411727",
      "t" : 1756383614059,
      "tn" : 1756383614059411727,
      "q" : "2539000000",
      "p" : "0.00000003151",
      "s" : "sell",
      "i" : "LADYS_USDT",
      "m" : "4611686018428397869"
    }, {
      "d" : "1756383613962487005",
      "t" : 1756383613962,
      "tn" : 1756383613962487005,
      "q" : "15868000000",
      "p" : "0.00000003151",
      "s" : "sell",
      "i" : "LADYS_USDT",
      "m" : "4611686018428397868"
    }, {
      "d" : "1756383613470953609",
      "t" : 1756383613470,
      "tn" : 1756383613470953609,
      "q" : "2540000000",
      "p" : "0.00000003150",
      "s" : "sell",
      "i" : "LADYS_USDT",
      "m" : "4611686018428397867"
    }, {
      "d" : "1756383613444502083",
      "t" : 1756383613444,
      "tn" : 1756383613444502083,
      "q" : "4521000000",
      "p" : "0.00000003150",
      "s" : "sell",
      "i" : "LADYS_USDT",
      "m" : "4611686018428397866"
    }, {
      "d" : "1756383613439649078",
      "t" : 1756383613439,
      "tn" : 1756383613439649078,
      "q" : "14899000000",
      "p" : "0.00000003150",
      "s" : "buy",
      "i" : "LADYS_USDT",
      "m" : "4611686018428397865"
    }, {
      "d" : "1756383613439647138",
      "t" : 1756383613439,
      "tn" : 1756383613439647138,
      "q" : "4583000000",
      "p" : "0.00000003143",
      "s" : "buy",
      "i" : "LADYS_USDT",
      "m" : "4611686018428397864"
    }, {
      "d" : "1756383613439645216",
      "t" : 1756383613439,
      "tn" : 1756383613439645216,
      "q" : "29283000000",
      "p" : "0.00000003140",
      "s" : "buy",
      "i" : "LADYS_USDT",
      "m" : "4611686018428397863"
    }, {
      "d" : "1756383450862631233",
      "t" : 1756383450862,
      "tn" : 1756383450862631233,
      "q" : "1359000000",
      "p" : "0.00000003106",
      "s" : "buy",
      "i" : "LADYS_USDT",
      "m" : "4611686018428397862"
    } ]
  }
}