{
  "id" : -1,
  "method" : "public/get-trades",
  "code" : 0,
  "result" : {
    "data" : [ {
      "d" : "1756443814928295247",
      "t" : 1756443814928,
      "tn" : 1756443814928295247,
      "q" : "1000000",
      "p" : "0.00000003126",
      "s" : "sell",
      "i" : "LADYSUSD-PERP",
      "m" : "4611686018428434602"
    }, {
      "d" : "1756443712387963691",
      "t" : 1756443712387,
      "tn" : 1756443712387963691,
      "q" : "1000000",
      "p" : "0.00000003126",
      "s" : "sell",
      "i" : "LADYSUSD-PERP",
      "m" : "4611686018428434601"
    }, {
      "d" : "1756443663028309667",
      "t" : 1756443663028,
      "tn" : 1756443663028309667,
      "q" : "1000000",
      "p" : "0.00000003128",
      "s" : "sell",
      "i" : "LADYSUSD-PERP",
      "m" : "4611686018428434600"
    }, {
      "d" : "1756443639997944296",
      "t" : 1756443639997,
      "tn" : 1756443639997944296,
      "q" : "1000000",
      "p" : "0.00000003128",
      "s" : "sell",
      "i" : "LADYSUSD-PERP",
      "m" : "4611686018428434599"
    }, {
      "d" : "1756443434377987033",
      "t" : 1756443434377,
      "tn" : 1756443434377987033,
      "q" : "1000000",
      "p" : "0.00000003124",
      "s" : "sell",
      "i" : "LADYSUSD-PERP",
      "m" : "4611686018428434598"
    }, {
      "d" : "1756443383137934228",
      "t" : 1756443383137,
      "tn" : 1756443383137934228,
      "q" : "1000000",
      "p" : "0.00000003124",
      "s" : "sell",
      "i" : "LADYSUSD-PERP",
      "m" : "4611686018428434597"
    }, {
      "d" : "1756443338847954519",
      "t" : 1756443338847,
      "tn" : 1756443338847954519,
      "q" : "1000000",
      "p" : "0.00000003124",
      "s" : "sell",
      "i" : "LADYSUSD-PERP",
      "m" : "4611686018428434596"
    }, {
      "d" : "1756443332748432124",
      "t" : 1756443332748,
      "tn" : 1756443332748432124,
      "q" : "1000000",
      "p" : "0.00000003124",
      "s" : "sell",
      "i" : "LADYSUSD-PERP",
      "m" : "4611686018428434595"
    }, {
      "d" : "1756443319518118661",
      "t" : 1756443319518,
      "tn" : 1756443319518118661,
      "q" : "1000000",
      "p" : "0.00000003130",
      "s" : "sell",
      "i" : "LADYSUSD-PERP",
      "m" : "4611686018428434594"
    }, {
      "d" : "1756443306368055839",
      "t" : 1756443306368,
      "tn" : 1756443306368055839,
      "q" : "1000000",
      "p" : "0.00000003130",
      "s" : "sell",
      "i" : "LADYSUSD-PERP",
      "m" : "4611686018428434593"
    }, {
      "d" : "1756443295918155452",
      "t" : 1756443295918,
      "tn" : 1756443295918155452,
      "q" : "1000000",
      "p" : "0.00000003130",
      "s" : "sell",
      "i" : "LADYSUSD-PERP",
      "m" : "4611686018428434592"
    }, {
      "d" : "1756443236488164252",
      "t" : 1756443236488,
      "tn" : 1756443236488164252,
      "q" : "1000000",
      "p" : "0.00000003128",
      "s" : "sell",
      "i" : "LADYSUSD-PERP",
      "m" : "4611686018428434591"
    }, {
      "d" : "1756443222948036237",
      "t" : 1756443222948,
      "tn" : 1756443222948036237,
      "q" : "1000000",
      "p" : "0.00000003128",
      "s" : "sell",
      "i" : "LADYSUSD-PERP",
      "m" : "4611686018428434590"
    }, {
      "d" : "1756443217458128136",
      "t" : 1756443217458,
      "tn" : 1756443217458128136,
      "q" : "1000000",
      "p" : "0.00000003128",
      "s" : "sell",
      "i" : "LADYSUSD-PERP",
      "m" : "4611686018428434589"
    }, {
      "d" : "1756443205257978104",
      "t" : 1756443205257,
      "tn" : 1756443205257978104,
      "q" : "1000000",
      "p" : "0.00000003128",
      "s" : "sell",
      "i" : "LADYSUSD-PERP",
      "m" : "4611686018428434588"
    }, {
      "d" : "1756443188218533206",
      "t" : 1756443188218,
      "tn" : 1756443188218533205,
      "q" : "1000000",
      "p" : "0.00000003128",
      "s" : "sell",
      "i" : "LADYSUSD-PERP",
      "m" : "4611686018428434587"
    }, {
      "d" : "1756443188218533205",
      "t" : 1756443188218,
      "tn" : 1756443188218533205,
      "q" : "1000000",
      "p" : "0.00000003128",
      "s" : "sell",
      "i" : "LADYSUSD-PERP",
      "m" : "4611686018428434587"
    }, {
      "d" : "1756443067027859545",
      "t" : 1756443067027,
      "tn" : 1756443067027859545,
      "q" : "1000000",
      "p" : "0.00000003127",
      "s" : "sell",
      "i" : "LADYSUSD-PERP",
      "m" : "4611686018428434586"
    }, {
      "d" : "1756443043628013485",
      "t" : 1756443043628,
      "tn" : 1756443043628013485,
      "q" : "1000000",
      "p" : "0.00000003127",
      "s" : "sell",
      "i" : "LADYSUSD-PERP",
      "m" : "4611686018428434585"
    }, {
      "d" : "1756442994037983937",
      "t" : 1756442994037,
      "tn" : 1756442994037983937,
      "q" : "1000000",
      "p" : "0.00000003129",
      "s" : "sell",
      "i" : "LADYSUSD-PERP",
      "m" : "4611686018428434584"
    }, {
      "d" : "1756442992598015170",
      "t" : 1756442992598,
      "tn" : 1756442992598015170,
      "q" : "1000000",
      "p" : "0.00000003129",
      "s" : "sell",
      "i" : "LADYSUSD-PERP",
      "m" : "4611686018428434583"
    }, {
      "d" : "1756442917957900577",
      "t" : 1756442917957,
      "tn" : 1756442917957900577,
      "q" : "1000000",
      "p" : "0.00000003126",
      "s" : "sell",
      "i" : "LADYSUSD-PERP",
      "m" : "4611686018428434582"
    }, {
      "d" : "1756442897808033957",
      "t" : 1756442897808,
      "tn" : 1756442897808033957,
      "q" : "1000000",
      "p" : "0.00000003126",
      "s" : "sell",
      "i" : "LADYSUSD-PERP",
      "m" : "4611686018428434581"
    }, {
      "d" : "1756442897808030988",
      "t" : 1756442897808,
      "tn" : 1756442897808030988,
      "q" : "1000000",
      "p" : "0.00000003128",
      "s" : "sell",
      "i" : "LADYSUSD-PERP",
      "m" : "4611686018428434580"
    }, {
      "d" : "1756442820418233159",
      "t" : 1756442820418,
      "tn" : 1756442820418233159,
      "q" : "1000000",
      "p" : "0.00000003130",
      "s" : "sell",
      "i" : "LADYSUSD-PERP",
      "m" : "4611686018428434579"
    }, {
      "d" : "1756442739108238297",
      "t" : 1756442739108,
      "tn" : 1756442739108238297,
      "q" : "1000000",
      "p" : "0.00000003126",
      "s" : "sell",
      "i" : "LADYSUSD-PERP",
      "m" : "4611686018428434578"
    }, {
      "d" : "1756442736557974490",
      "t" : 1756442736557,
      "tn" : 1756442736557974490,
      "q" : "1000000",
      "p" : "0.00000003126",
      "s" : "sell",
      "i" : "LADYSUSD-PERP",
      "m" : "4611686018428434577"
    }, {
      "d" : "1756442693248156352",
      "t" : 1756442693248,
      "tn" : 1756442693248156352,
      "q" : "1000000",
      "p" : "0.00000003129",
      "s" : "sell",
      "i" : "LADYSUSD-PERP",
      "m" : "4611686018428434576"
    }, {
      "d" : "1756442407408078623",
      "t" : 1756442407408,
      "tn" : 1756442407408078623,
      "q" : "1000000",
      "p" : "0.00000003139",
      "s" : "sell",
      "i" : "LADYSUSD-PERP",
      "m" : "4611686018428434575"
    }, {
      "d" : "1756442401698191151",
      "t" : 1756442401698,
      "tn" : 1756442401698191151,
      "q" : "1000000",
      "p" : "0.00000003139",
      "s" : "sell",
      "i" : "LADYSUSD-PERP",
      "m" : "4611686018428434574"
    }, {
      "d" : "1756442384308194725",
      "t" : 1756442384308,
      "tn" : 1756442384308194725,
      "q" : "1000000",
      "p" : "0.00000003139",
      "s" : "sell",
      "i" : "LADYSUSD-PERP",
      "m" : "4611686018428434573"
    }, {
      "d" : "1756442373198035630",
      "t" : 1756442373198,
      "tn" : 1756442373198035630,
      "q" : "1000000",
      "p" : "0.00000003139",
      "s" : "sell",
      "i" : "LADYSUSD-PERP",
      "m" : "4611686018428434572"
    }, {
      "d" : "1756442365898079568",
      "t" : 1756442365898,
      "tn" : 1756442365898079568,
      "q" : "1000000",
      "p" : "0.00000003139",
      "s" : "sell",
      "i" : "LADYSUSD-PERP",
      "m" : "4611686018428434571"
    }, {
      "d" : "1756442350768054856",
      "t" : 1756442350768,
      "tn" : 1756442350768054856,
      "q" : "1000000",
      "p" : "0.00000003139",
      "s" : "sell",
      "i" : "LADYSUSD-PERP",
      "m" : "4611686018428434570"
    }, {
      "d" : "1756442341207966448",
      "t" : 1756442341207,
      "tn" : 1756442341207966448,
      "q" : "1000000",
      "p" : "0.00000003139",
      "s" : "sell",
      "i" : "LADYSUSD-PERP",
      "m" : "4611686018428434569"
    }, {
      "d" : "1756442333097971852",
      "t" : 1756442333097,
      "tn" : 1756442333097971852,
      "q" : "1000000",
      "p" : "0.00000003139",
      "s" : "sell",
      "i" : "LADYSUSD-PERP",
      "m" : "4611686018428434568"
    }, {
      "d" : "1756442317278017072",
      "t" : 1756442317278,
      "tn" : 1756442317278017072,
      "q" : "1000000",
      "p" : "0.00000003139",
      "s" : "sell",
      "i" : "LADYSUSD-PERP",
      "m" : "4611686018428434567"
    }, {
      "d" : "1756442308528116656",
      "t" : 1756442308528,
      "tn" : 1756442308528116656,
      "q" : "1000000",
      "p" : "0.00000003139",
      "s" : "sell",
      "i" : "LADYSUSD-PERP",
      "m" : "4611686018428434566"
    }, {
      "d" : "1756442300428085205",
      "t" : 1756442300428,
      "tn" : 1756442300428085205,
      "q" : "1000000",
      "p" : "0.00000003138",
      "s" : "sell",
      "i" : "LADYSUSD-PERP",
      "m" : "4611686018428434565"
    }, {
      "d" : "1756442288468324866",
      "t" : 1756442288468,
      "tn" : 1756442288468324866,
      "q" : "1000000",
      "p" : "0.00000003138",
      "s" : "sell",
      "i" : "LADYSUSD-PERP",
      "m" : "4611686018428434564"
    }, {
      "d" : "1756442280178125321",
      "t" : 1756442280178,
      "tn" : 1756442280178125321,
      "q" : "1000000",
      "p" : "0.00000003138",
      "s" : "sell",
      "i" : "LADYSUSD-PERP",
      "m" : "4611686018428434563"
    }, {
      "d" : "1756442263567959267",
      "t" : 1756442263567,
      "tn" : 1756442263567959267,
      "q" : "1000000",
      "p" : "0.00000003138",
      "s" : "sell",
      "i" : "LADYSUSD-PERP",
      "m" : "4611686018428434562"
    }, {
      "d" : "1756442255417947055",
      "t" : 1756442255417,
      "tn" : 1756442255417947055,
      "q" : "1000000",
      "p" : "0.00000003138",
      "s" : "sell",
      "i" : "LADYSUSD-PERP",
      "m" : "4611686018428434561"
    }, {
      "d" : "1756442248308009097",
      "t" : 1756442248308,
      "tn" : 1756442248308009097,
      "q" : "1000000",
      "p" : "0.00000003137",
      "s" : "sell",
      "i" : "LADYSUSD-PERP",
      "m" : "4611686018428434560"
    }, {
      "d" : "1756442069397945037",
      "t" : 1756442069397,
      "tn" : 1756442069397945037,
      "q" : "1000000",
      "p" : "0.00000003130",
      "s" : "sell",
      "i" : "LADYSUSD-PERP",
      "m" : "4611686018428434559"
    }, {
      "d" : "1756441870418100539",
      "t" : 1756441870418,
      "tn" : 1756441870418100539,
      "q" : "1000000",
      "p" : "0.00000003128",
      "s" : "sell",
      "i" : "LADYSUSD-PERP",
      "m" : "4611686018428434558"
    }, {
      "d" : "1756441865608249162",
      "t" : 1756441865608,
      "tn" : 1756441865608249162,
      "q" : "1000000",
      "p" : "0.00000003128",
      "s" : "sell",
      "i" : "LADYSUSD-PERP",
      "m" : "4611686018428434557"
    }, {
      "d" : "1756441840798392013",
      "t" : 1756441840798,
      "tn" : 1756441840798392013,
      "q" : "1000000",
      "p" : "0.00000003128",
      "s" : "sell",
      "i" : "LADYSUSD-PERP",
      "m" : "4611686018428434556"
    }, {
      "d" : "1756441833388219626",
      "t" : 1756441833388,
      "tn" : 1756441833388219626,
      "q" : "1000000",
      "p" : "0.00000003128",
      "s" : "sell",
      "i" : "LADYSUSD-PERP",
      "m" : "4611686018428434555"
    }, {
      "d" : "1756441477407977302",
      "t" : 1756441477407,
      "tn" : 1756441477407977302,
      "q" : "1000000",
      "p" : "0.00000003123",
      "s" : "sell",
      "i" : "LADYSUSD-PERP",
      "m" : "4611686018428434554"
    }, {
      "d" : "1756441470557906975",
      "t" : 1756441470557,
      "tn" : 1756441470557906975,
      "q" : "1000000",
      "p" : "0.00000003123",
      "s" : "sell",
      "i" : "LADYSUSD-PERP",
      "m" : "4611686018428434553"
    }, {
      "d" : "1756441456307882230",
      "t" : 1756441456307,
      "tn" : 1756441456307882230,
      "q" : "1000000",
      "p" : "0.00000003122",
      "s" : "sell",
      "i" : "LADYSUSD-PERP",
      "m" : "4611686018428434552"
    }, {
      "d" : "1756441433368330002",
      "t" : 1756441433368,
      "tn" : 1756441433368330002,
      "q" : "1000000",
      "p" : "0.00000003122",
      "s" : "sell",
      "i" : "LADYSUSD-PERP",
      "m" : "4611686018428434551"
    }, {
      "d" : "1756441420078008958",
      "t" : 1756441420078,
      "tn" : 1756441420078008958,
      "q" : "1000000",
      "p" : "0.00000003122",
      "s" : "sell",
      "i" : "LADYSUSD-PERP",
      "m" : "4611686018428434550"
    }, {
      "d" : "1756441397888057292",
      "t" : 1756441397888,
      "tn" : 1756441397888057292,
      "q" : "1000000",
      "p" : "0.00000003124",
      "s" : "sell",
      "i" : "LADYSUSD-PERP",
      "m" : "4611686018428434549"
    }, {
      "d" : "1756441388107931621",
      "t" : 1756441388107,
      "tn" : 1756441388107931621,
      "q" : "1000000",
      "p" : "0.00000003124",
      "s" : "sell",
      "i" : "LADYSUSD-PERP",
      "m" : "4611686018428434548"
    }, {
      "d" : "1756441252707902082",
      "t" : 1756441252707,
      "tn" : 1756441252707902082,
      "q" : "1000000",
      "p" : "0.00000003124",
      "s" : "sell",
      "i" : "LADYSUSD-PERP",
      "m" : "4611686018428434547"
    }, {
      "d" : "1756441245198085737",
      "t" : 1756441245198,
      "tn" : 1756441245198085737,
      "q" : "1000000",
      "p" : "0.00000003124",
      "s" : "sell",
      "i" : "LADYSUSD-PERP",
      "m" : "4611686018428434546"
    }, {
      "d" : "1756441192037917722",
      "t" : 1756441192037,
      "tn" : 1756441192037917722,
      "q" : "1000000",
      "p" : "0.00000003124",
      "s" : "sell",
      "i" : "LADYSUSD-PERP",
      "m" : "4611686018428434545"
    }, {
      "d" : "1756441182048119289",
      "t" : 1756441182048,
      "tn" : 1756441182048119289,
      "q" : "1000000",
      "p" : "0.00000003124",
      "s" : "sell",
      "i" : "LADYSUSD-PERP",
      "m" : "4611686018428434544"
    }, {
      "d" : "1756441168617836171",
      "t" : 1756441168617,
      "tn" : 1756441168617836171,
      "q" : "1000000",
      "p" : "0.00000003117",
      "s" : "sell",
      "i" : "LADYSUSD-PERP",
      "m" : "4611686018428434543"
    }, {
      "d" : "1756441157518206832",
      "t" : 1756441157518,
      "tn" : 1756441157518206832,
      "q" : "1000000",
      "p" : "0.00000003127",
      "s" : "sell",
      "i" : "LADYSUSD-PERP",
      "m" : "4611686018428434542"
    }, {
      "d" : "1756441096297966390",
      "t" : 1756441096297,
      "tn" : 1756441096297966390,
      "q" : "1000000",
      "p" : "0.00000003126",
      "s" : "sell",
      "i" : "LADYSUSD-PERP",
      "m" : "4611686018428434541"
    }, {
      "d" : "1756441093487970962",
      "t" : 1756441093487,
      "tn" : 1756441093487970962,
      "q" : "1000000",
      "p" : "0.00000003127",
      "s" : "sell",
      "i" : "LADYSUSD-PERP",
      "m" : "4611686018428434540"
    }, {
      "d" : "1756441083988128973",
      "t" : 1756441083988,
      "tn" : 1756441083988128973,
      "q" : "1000000",
      "p" : "0.00000003127",
      "s" : "sell",
      "i" : "LADYSUSD-PERP",
      "m" : "4611686018428434539"
    }, {
      "d" : "1756441001438152558",
      "t" : 1756441001438,
      "tn" : 1756441001438152558,
      "q" : "1000000",
      "p" : "0.00000003125",
      "s" : "sell",
      "i" : "LADYSUSD-PERP",
      "m" : "4611686018428434538"
    }, {
      "d" : "1756440988237936007",
      "t" : 1756440988237,
      "tn" : 1756440988237936007,
      "q" : "1000000",
      "p" : "0.00000003125",
      "s" : "sell",
      "i" : "LADYSUSD-PERP",
      "m" : "4611686018428434537"
    }, {
      "d" : "1756440981577954755",
      "t" : 1756440981577,
      "tn" : 1756440981577954755,
      "q" : "1000000",
      "p" : "0.00000003131",
      "s" : "sell",
      "i" : "LADYSUSD-PERP",
      "m" : "4611686018428434536"
    }, {
      "d" : "1756440953448015239",
      "t" : 1756440953448,
      "tn" : 1756440953448015239,
      "q" : "1000000",
      "p" : "0.00000003131",
      "s" : "sell",
      "i" : "LADYSUSD-PERP",
      "m" : "4611686018428434535"
    }, {
      "d" : "1756440942288333393",
      "t" : 1756440942288,
      "tn" : 1756440942288333393,
      "q" : "1000000",
      "p" : "0.00000003131",
      "s" : "sell",
      "i" : "LADYSUSD-PERP",
      "m" : "4611686018428434534"
    }, {
      "d" : "1756440937517943274",
      "t" : 1756440937517,
      "tn" : 1756440937517943274,
      "q" : "1000000",
      "p" : "0.00000003131",
      "s" : "sell",
      "i" : "LADYSUSD-PERP",
      "m" : "4611686018428434533"
    }, {
      "d" : "1756440920548184842",
      "t" : 1756440920548,
      "tn" : 1756440920548184842,
      "q" : "1000000",
      "p" : "0.00000003131",
      "s" : "sell",
      "i" : "LADYSUSD-PERP",
      "m" : "4611686018428434532"
    }, {
      "d" : "1756440896898090538",
      "t" : 1756440896898,
      "tn" : 1756440896898090538,
      "q" : "1000000",
      "p" : "0.00000003131",
      "s" : "sell",
      "i" : "LADYSUSD-PERP",
      "m" : "4611686018428434531"
    }, {
      "d" : "1756440891338186248",
      "t" : 1756440891338,
      "tn" : 1756440891338186248,
      "q" : "1000000",
      "p" : "0.00000003131",
      "s" : "sell",
      "i" : "LADYSUSD-PERP",
      "m" : "4611686018428434530"
    }, {
      "d" : "1756440874198490282",
      "t" : 1756440874198,
      "tn" : 1756440874198490282,
      "q" : "1000000",
      "p" : "0.00000003131",
      "s" : "sell",
      "i" : "LADYSUSD-PERP",
      "m" : "4611686018428434529"
    }, {
      "d" : "1756440869368012297",
      "t" : 1756440869368,
      "tn" : 1756440869368012297,
      "q" : "1000000",
      "p" : "0.00000003131",
      "s" : "sell",
      "i" : "LADYSUSD-PERP",
      "m" : "4611686018428434528"
    }, {
      "d" : "1756440851928162931",
      "t" : 1756440851928,
      "tn" : 1756440851928162931,
      "q" : "1000000",
      "p" : "0.00000003134",
      "s" : "sell",
      "i" : "LADYSUSD-PERP",
      "m" : "4611686018428434527"
    }, {
      "d" : "1756440840578089303",
      "t" : 1756440840578,
      "tn" : 1756440840578089303,
      "q" : "1000000",
      "p" : "0.00000003134",
      "s" : "sell",
      "i" : "LADYSUSD-PERP",
      "m" : "4611686018428434526"
    }, {
      "d" : "1756440828757829711",
      "t" : 1756440828757,
      "tn" : 1756440828757829711,
      "q" : "1000000",
      "p" : "0.00000003134",
      "s" : "sell",
      "i" : "LADYSUSD-PERP",
      "m" : "4611686018428434525"
    }, {
      "d" : "1756440817188069187",
      "t" : 1756440817188,
      "tn" : 1756440817188069187,
      "q" : "1000000",
      "p" : "0.00000003125",
      "s" : "sell",
      "i" : "LADYSUSD-PERP",
      "m" : "4611686018428434524"
    }, {
      "d" : "1756440812147953630",
      "t" : 1756440812147,
      "tn" : 1756440812147953630,
      "q" : "1000000",
      "p" : "0.00000003134",
      "s" : "sell",
      "i" : "LADYSUSD-PERP",
      "m" : "4611686018428434523"
    }, {
      "d" : "1756440799897873204",
      "t" : 1756440799897,
      "tn" : 1756440799897873204,
      "q" : "1000000",
      "p" : "0.00000003132",
      "s" : "sell",
      "i" : "LADYSUSD-PERP",
      "m" : "4611686018428434522"
    }, {
      "d" : "1756440773288052794",
      "t" : 1756440773288,
      "tn" : 1756440773288052794,
      "q" : "1000000",
      "p" : "0.00000003132",
      "s" : "sell",
      "i" : "LADYSUSD-PERP",
      "m" : "4611686018428434521"
    }, {
      "d" : "1756440752998020817",
      "t" : 1756440752998,
      "tn" : 1756440752998020817,
      "q" : "1000000",
      "p" : "0.00000003132",
      "s" : "sell",
      "i" : "LADYSUSD-PERP",
      "m" : "4611686018428434520"
    }, {
      "d" : "1756440739938337242",
      "t" : 1756440739938,
      "tn" : 1756440739938337242,
      "q" : "1000000",
      "p" : "0.00000003125",
      "s" : "sell",
      "i" : "LADYSUSD-PERP",
      "m" : "4611686018428434519"
    }, {
      "d" : "1756440724938025939",
      "t" : 1756440724938,
      "tn" : 1756440724938025939,
      "q" : "1000000",
      "p" : "0.00000003138",
      "s" : "sell",
      "i" : "LADYSUSD-PERP",
      "m" : "4611686018428434518"
    }, {
      "d" : "1756440717308041335",
      "t" : 1756440717308,
      "tn" : 1756440717308041335,
      "q" : "1000000",
      "p" : "0.00000003138",
      "s" : "sell",
      "i" : "LADYSUSD-PERP",
      "m" : "4611686018428434517"
    }, {
      "d" : "1756440702917913902",
      "t" : 1756440702917,
      "tn" : 1756440702917913902,
      "q" : "1000000",
      "p" : "0.00000003138",
      "s" : "sell",
      "i" : "LADYSUSD-PERP",
      "m" : "4611686018428434516"
    }, {
      "d" : "1756440692077942535",
      "t" : 1756440692077,
      "tn" : 1756440692077942535,
      "q" : "1000000",
      "p" : "0.00000003131",
      "s" : "sell",
      "i" : "LADYSUSD-PERP",
      "m" : "4611686018428434515"
    }, {
      "d" : "1756440680528191049",
      "t" : 1756440680528,
      "tn" : 1756440680528191049,
      "q" : "1000000",
      "p" : "0.00000003138",
      "s" : "sell",
      "i" : "LADYSUSD-PERP",
      "m" : "4611686018428434514"
    }, {
      "d" : "1756440673487914609",
      "t" : 1756440673487,
      "tn" : 1756440673487914609,
      "q" : "1000000",
      "p" : "0.00000003136",
      "s" : "sell",
      "i" : "LADYSUSD-PERP",
      "m" : "4611686018428434513"
    }, {
      "d" : "1756440658008297102",
      "t" : 1756440658008,
      "tn" : 1756440658008297102,
      "q" : "1000000",
      "p" : "0.00000003136",
      "s" : "sell",
      "i" : "LADYSUSD-PERP",
      "m" : "4611686018428434512"
    }, {
      "d" : "1756440657488384794",
      "t" : 1756440657488,
      "tn" : 1756440657488384794,
      "q" : "1000000",
      "p" : "0.00000003136",
      "s" : "sell",
      "i" : "LADYSUSD-PERP",
      "m" : "4611686018428434511"
    }, {
      "d" : "1756440634428172808",
      "t" : 1756440634428,
      "tn" : 1756440634428172808,
      "q" : "1000000",
      "p" : "0.00000003136",
      "s" : "sell",
      "i" : "LADYSUSD-PERP",
      "m" : "4611686018428434510"
    }, {
      "d" : "1756440611528047359",
      "t" : 1756440611528,
      "tn" : 1756440611528047359,
      "q" : "1000000",
      "p" : "0.00000003130",
      "s" : "sell",
      "i" : "LADYSUSD-PERP",
      "m" : "4611686018428434509"
    }, {
      "d" : "1756440610608122614",
      "t" : 1756440610608,
      "tn" : 1756440610608122614,
      "q" : "1000000",
      "p" : "0.00000003125",
      "s" : "sell",
      "i" : "LADYSUSD-PERP",
      "m" : "4611686018428434508"
    }, {
      "d" : "1756440603368302383",
      "t" : 1756440603368,
      "tn" : 1756440603368302383,
      "q" : "1000000",
      "p" : "0.00000003138",
      "s" : "sell",
      "i" : "LADYSUSD-PERP",
      "m" : "4611686018428434507"
    }, {
      "d" : "1756440590147958209",
      "t" : 1756440590147,
      "tn" : 1756440590147958209,
      "q" : "1000000",
      "p" : "0.00000003138",
      "s" : "sell",
      "i" : "LADYSUSD-PERP",
      "m" : "4611686018428434506"
    }, {
      "d" : "1756440580007938063",
      "t" : 1756440580007,
      "tn" : 1756440580007938063,
      "q" : "1000000",
      "p" : "0.00000003138",
      "s" : "sell",
      "i" : "LADYSUSD-PERP",
      "m" : "4611686018428434505"
    }, {
      "d" : "1756440566688118623",
      "t" : 1756440566688,
      "tn" : 1756440566688118623,
      "q" : "1000000",
      "p" : "0.00000003138",
      "s" : "sell",
      "i" : "LADYSUSD-PERP",
      "m" : "4611686018428434504"
    }, {
      "d" : "1756440554938127320",
      "t" : 1756440554938,
      "tn" : 1756440554938127320,
      "q" : "1000000",
      "p" : "0.00000003138",
      "s" : "sell",
      "i" : "LADYSUSD-PERP",
      "m" : "4611686018428434503"
    }, {
      "d" : "1756440519078340985",
      "t" : 1756440519078,
      "tn" : 1756440519078340985,
      "q" : "1000000",
      "p" : "0.00000003138",
      "s" : "sell",
      "i" : "LADYSUSD-PERP",
      "m" : "4611686018428434502"
    }, {
      "d" : "1756440510418129740",
      "t" : 1756440510418,
      "tn" : 1756440510418129740,
      "q" : "1000000",
      "p" : "0.00000003138",
      "s" : "sell",
      "i" : "LADYSUSD-PERP",
      "m" : "4611686018428434501"
    }, {
      "d" : "1756440498818292519",
      "t" : 1756440498818,
      "tn" : 1756440498818292519,
      "q" : "1000000",
      "p" : "0.00000003137",
      "s" : "sell",
      "i" : "LADYSUSD-PERP",
      "m" : "4611686018428434500"
    }, {
      "d" : "1756440493668047005",
      "t" : 1756440493668,
      "tn" : 1756440493668047005,
      "q" : "1000000",
      "p" : "0.00000003137",
      "s" : "sell",
      "i" : "LADYSUSD-PERP",
      "m" : "4611686018428434499"
    }, {
      "d" : "1756440472048896622",
      "t" : 1756440472048,
      "tn" : 1756440472048896622,
      "q" : "1000000",
      "p" : "0.00000003137",
      "s" : "sell",
      "i" : "LADYSUSD-PERP",
      "m" : "4611686018428434498"
    }, {
      "d" : "1756440470127996116",
      "t" : 1756440470127,
      "tn" : 1756440470127996116,
      "q" : "1000000",
      "p" : "0.00000003137",
      "s" : "sell",
      "i" : "LADYSUSD-PERP",
      "m" : "4611686018428434497"
    }, {
      "d" : "1756440449037873054",
      "t" : 1756440449037,
      "tn" : 1756440449037873054,
      "q" : "1000000",
      "p" : "0.00000003137",
      "s" : "sell",
      "i" : "LADYSUSD-PERP",
      "m" : "4611686018428434496"
    }, {
      "d" : "1756440425878019074",
      "t" : 1756440425878,
      "tn" : 1756440425878019074,
      "q" : "1000000",
      "p" : "0.00000003142",
      "s" : "sell",
      "i" : "LADYSUSD-PERP",
      "m" : "4611686018428434495"
    }, {
      "d" : "1756440413928389671",
      "t" : 1756440413928,
      "tn" : 1756440413928389671,
      "q" : "1000000",
      "p" : "0.00000003141",
      "s" : "sell",
      "i" : "LADYSUSD-PERP",
      "m" : "4611686018428434494"
    }, {
      "d" : "1756440390448129975",
      "t" : 1756440390448,
      "tn" : 1756440390448129975,
      "q" : "1000000",
      "p" : "0.00000003140",
      "s" : "sell",
      "i" : "LADYSUSD-PERP",
      "m" : "4611686018428434493"
    }, {
      "d" : "1756440382188073685",
      "t" : 1756440382188,
      "tn" : 1756440382188073685,
      "q" : "1000000",
      "p" : "0.00000003142",
      "s" : "sell",
      "i" : "LADYSUSD-PERP",
      "m" : "4611686018428434492"
    }, {
      "d" : "1756440368208017505",
      "t" : 1756440368208,
      "tn" : 1756440368208017505,
      "q" : "1000000",
      "p" : "0.00000003141",
      "s" : "sell",
      "i" : "LADYSUSD-PERP",
      "m" : "4611686018428434491"
    }, {
      "d" : "1756440356688160295",
      "t" : 1756440356688,
      "tn" : 1756440356688160295,
      "q" : "1000000",
      "p" : "0.00000003141",
      "s" : "sell",
      "i" : "LADYSUSD-PERP",
      "m" : "4611686018428434490"
    }, {
      "d" : "1756440345188028759",
      "t" : 1756440345188,
      "tn" : 1756440345188028759,
      "q" : "1000000",
      "p" : "0.00000003141",
      "s" : "sell",
      "i" : "LADYSUSD-PERP",
      "m" : "4611686018428434489"
    }, {
      "d" : "1756440322198196529",
      "t" : 1756440322198,
      "tn" : 1756440322198196529,
      "q" : "1000000",
      "p" : "0.00000003141",
      "s" : "sell",
      "i" : "LADYSUSD-PERP",
      "m" : "4611686018428434488"
    }, {
      "d" : "1756440310948009764",
      "t" : 1756440310948,
      "tn" : 1756440310948009764,
      "q" : "1000000",
      "p" : "0.00000003140",
      "s" : "sell",
      "i" : "LADYSUSD-PERP",
      "m" : "4611686018428434487"
    }, {
      "d" : "1756440303757982889",
      "t" : 1756440303757,
      "tn" : 1756440303757982889,
      "q" : "1000000",
      "p" : "0.00000003140",
      "s" : "sell",
      "i" : "LADYSUSD-PERP",
      "m" : "4611686018428434486"
    }, {
      "d" : "1756440289438070186",
      "t" : 1756440289438,
      "tn" : 1756440289438070186,
      "q" : "1000000",
      "p" : "0.00000003140",
      "s" : "sell",
      "i" : "LADYSUSD-PERP",
      "m" : "4611686018428434485"
    }, {
      "d" : "1756440278478295310",
      "t" : 1756440278478,
      "tn" : 1756440278478295310,
      "q" : "1000000",
      "p" : "0.00000003140",
      "s" : "sell",
      "i" : "LADYSUSD-PERP",
      "m" : "4611686018428434484"
    }, {
      "d" : "1756440269867982095",
      "t" : 1756440269867,
      "tn" : 1756440269867982095,
      "q" : "1000000",
      "p" : "0.00000003140",
      "s" : "sell",
      "i" : "LADYSUSD-PERP",
      "m" : "4611686018428434483"
    }, {
      "d" : "1756440254718162184",
      "t" : 1756440254718,
      "tn" : 1756440254718162184,
      "q" : "1000000",
      "p" : "0.00000003140",
      "s" : "sell",
      "i" : "LADYSUSD-PERP",
      "m" : "4611686018428434482"
    }, {
      "d" : "1756440243458145888",
      "t" : 1756440243458,
      "tn" : 1756440243458145888,
      "q" : "1000000",
      "p" : "0.00000003130",
      "s" : "sell",
      "i" : "LADYSUSD-PERP",
      "m" : "4611686018428434481"
    }, {
      "d" : "1756440232388145454",
      "t" : 1756440232388,
      "tn" : 1756440232388145454,
      "q" : "1000000",
      "p" : "0.00000003125",
      "s" : "sell",
      "i" : "LADYSUSD-PERP",
      "m" : "4611686018428434480"
    }, {
      "d" : "1756440225988435785",
      "t" : 1756440225988,
      "tn" : 1756440225988435785,
      "q" : "1000000",
      "p" : "0.00000003140",
      "s" : "sell",
      "i" : "LADYSUSD-PERP",
      "m" : "4611686018428434479"
    }, {
      "d" : "1756440216928239524",
      "t" : 1756440216928,
      "tn" : 1756440216928239524,
      "q" : "1000000",
      "p" : "0.00000003139",
      "s" : "sell",
      "i" : "LADYSUSD-PERP",
      "m" : "4611686018428434478"
    }, {
      "d" : "1756440198888187744",
      "t" : 1756440198888,
      "tn" : 1756440198888187744,
      "q" : "1000000",
      "p" : "0.00000003139",
      "s" : "sell",
      "i" : "LADYSUSD-PERP",
      "m" : "4611686018428434477"
    }, {
      "d" : "1756440194428009691",
      "t" : 1756440194428,
      "tn" : 1756440194428009691,
      "q" : "1000000",
      "p" : "0.00000003141",
      "s" : "sell",
      "i" : "LADYSUSD-PERP",
      "m" : "4611686018428434476"
    }, {
      "d" : "1756440179327953882",
      "t" : 1756440179327,
      "tn" : 1756440179327953882,
      "q" : "1000000",
      "p" : "0.00000003139",
      "s" : "sell",
      "i" : "LADYSUSD-PERP",
      "m" : "4611686018428434475"
    }, {
      "d" : "1756440169308046911",
      "t" : 1756440169308,
      "tn" : 1756440169308046911,
      "q" : "1000000",
      "p" : "0.00000003141",
      "s" : "sell",
      "i" : "LADYSUSD-PERP",
      "m" : "4611686018428434474"
    }, {
      "d" : "1756440154618038698",
      "t" : 1756440154618,
      "tn" : 1756440154618038698,
      "q" : "1000000",
      "p" : "0.00000003140",
      "s" : "sell",
      "i" : "LADYSUSD-PERP",
      "m" : "4611686018428434473"
    }, {
      "d" : "1756440143628314926",
      "t" : 1756440143628,
      "tn" : 1756440143628314926,
      "q" : "1000000",
      "p" : "0.00000003141",
      "s" : "sell",
      "i" : "LADYSUSD-PERP",
      "m" : "4611686018428434472"
    }, {
      "d" : "1756440120267997828",
      "t" : 1756440120267,
      "tn" : 1756440120267997828,
      "q" : "1000000",
      "p" : "0.00000003142",
      "s" : "sell",
      "i" : "LADYSUSD-PERP",
      "m" : "4611686018428434471"
    }, {
      "d" : "1756440113378284465",
      "t" : 1756440113378,
      "tn" : 1756440113378284465,
      "q" : "1000000",
      "p" : "0.00000003140",
      "s" : "sell",
      "i" : "LADYSUSD-PERP",
      "m" : "4611686018428434470"
    }, {
      "d" : "1756440097098023344",
      "t" : 1756440097098,
      "tn" : 1756440097098023344,
      "q" : "1000000",
      "p" : "0.00000003137",
      "s" : "sell",
      "i" : "LADYSUSD-PERP",
      "m" : "4611686018428434469"
    }, {
      "d" : "1756440091118033733",
      "t" : 1756440091118,
      "tn" : 1756440091118033733,
      "q" : "1000000",
      "p" : "0.00000003140",
      "s" : "sell",
      "i" : "LADYSUSD-PERP",
      "m" : "4611686018428434468"
    }, {
      "d" : "1756440083488077756",
      "t" : 1756440083488,
      "tn" : 1756440083488077756,
      "q" : "1000000",
      "p" : "0.00000003138",
      "s" : "sell",
      "i" : "LADYSUSD-PERP",
      "m" : "4611686018428434467"
    }, {
      "d" : "1756440070418184911",
      "t" : 1756440070418,
      "tn" : 1756440070418184911,
      "q" : "1000000",
      "p" : "0.00000003138",
      "s" : "sell",
      "i" : "LADYSUSD-PERP",
      "m" : "4611686018428434466"
    }, {
      "d" : "1756440051788275603",
      "t" : 1756440051788,
      "tn" : 1756440051788275603,
      "q" : "1000000",
      "p" : "0.00000003138",
      "s" : "sell",
      "i" : "LADYSUSD-PERP",
      "m" : "4611686018428434465"
    }, {
      "d" : "1756440030298147085",
      "t" : 1756440030298,
      "tn" : 1756440030298147085,
      "q" : "1000000",
      "p" : "0.00000003138",
      "s" : "sell",
      "i" : "LADYSUSD-PERP",
      "m" : "4611686018428434464"
    }, {
      "d" : "1756440010198186618",
      "t" : 1756440010198,
      "tn" : 1756440010198186618,
      "q" : "1000000",
      "p" : "0.00000003138",
      "s" : "sell",
      "i" : "LADYSUSD-PERP",
      "m" : "4611686018428434463"
    }, {
      "d" : "1756439989707977230",
      "t" : 1756439989707,
      "tn" : 1756439989707977230,
      "q" : "1000000",
      "p" : "0.00000003136",
      "s" : "sell",
      "i" : "LADYSUSD-PERP",
      "m" : "4611686018428434462"
    }, {
      "d" : "1756439981458023275",
      "t" : 1756439981458,
      "tn" : 1756439981458023275,
      "q" : "1000000",
      "p" : "0.00000003138",
      "s" : "sell",
      "i" : "LADYSUSD-PERP",
      "m" : "4611686018428434461"
    }, {
      "d" : "1756439964818169613",
      "t" : 1756439964818,
      "tn" : 1756439964818169613,
      "q" : "1000000",
      "p" : "0.00000003138",
      "s" : "sell",
      "i" : "LADYSUSD-PERP",
      "m" : "4611686018428434460"
    }, {
      "d" : "1756439963378045453",
      "t" : 1756439963378,
      "tn" : 1756439963378045453,
      "q" : "1000000",
      "p" : "0.00000003137",
      "s" : "sell",
      "i" : "LADYSUSD-PERP",
      "m" : "4611686018428434459"
    }, {
      "d" : "1756439946858055144",
      "t" : 1756439946858,
      "tn" : 1756439946858055144,
      "q" : "1000000",
      "p" : "0.00000003138",
      "s" : "sell",
      "i" : "LADYSUSD-PERP",
      "m" : "4611686018428434458"
    }, {
      "d" : "1756439938178000650",
      "t" : 1756439938178,
      "tn" : 1756439938178000650,
      "q" : "1000000",
      "p" : "0.00000003138",
      "s" : "sell",
      "i" : "LADYSUSD-PERP",
      "m" : "4611686018428434457"
    }, {
      "d" : "1756439919498148659",
      "t" : 1756439919498,
      "tn" : 1756439919498148659,
      "q" : "1000000",
      "p" : "0.00000003138",
      "s" : "sell",
      "i" : "LADYSUSD-PERP",
      "m" : "4611686018428434456"
    }, {
      "d" : "1756439909187960766",
      "t" : 1756439909187,
      "tn" : 1756439909187960766,
      "q" : "1000000",
      "p" : "0.00000003138",
      "s" : "sell",
      "i" : "LADYSUSD-PERP",
      "m" : "4611686018428434455"
    }, {
      "d" : "1756439900008177364",
      "t" : 1756439900008,
      "tn" : 1756439900008177364,
      "q" : "1000000",
      "p" : "0.00000003137",
      "s" : "sell",
      "i" : "LADYSUSD-PERP",
      "m" : "4611686018428434454"
    } ]
  }
}