{
  "id" : -1,
  "method" : "public/get-trades",
  "code" : 0,
  "result" : {
    "data" : [ {
      "d" : "1756460916135050620",
      "t" : 1756460916135,
      "tn" : 1756460916135050620,
      "q" : "1",
      "p" : "0.53699",
      "s" : "buy",
      "i" : "LAYERUSD-PERP",
      "m" : "4611686018427486498"
    }, {
      "d" : "1756460743015268473",
      "t" : 1756460743015,
      "tn" : 1756460743015268473,
      "q" : "1",
      "p" : "0.53545",
      "s" : "sell",
      "i" : "LAYERUSD-PERP",
      "m" : "4611686018427486497"
    }, {
      "d" : "1756459553502693102",
      "t" : 1756459553502,
      "tn" : 1756459553502693102,
      "q" : "1",
      "p" : "0.53522",
      "s" : "sell",
      "i" : "LAYERUSD-PERP",
      "m" : "4611686018427486496"
    }, {
      "d" : "1756459553502689565",
      "t" : 1756459553502,
      "tn" : 1756459553502689565,
      "q" : "1",
      "p" : "0.53525",
      "s" : "sell",
      "i" : "LAYERUSD-PERP",
      "m" : "4611686018427486495"
    }, {
      "d" : "1756459085821983032",
      "t" : 1756459085821,
      "tn" : 1756459085821983032,
      "q" : "1",
      "p" : "0.53275",
      "s" : "sell",
      "i" : "LAYERUSD-PERP",
      "m" : "4611686018427486494"
    }, {
      "d" : "1756458149198324215",
      "t" : 1756458149198,
      "tn" : 1756458149198324215,
      "q" : "1",
      "p" : "0.53053",
      "s" : "sell",
      "i" : "LAYERUSD-PERP",
      "m" : "4611686018427486493"
    }, {
      "d" : "1756458149198320750",
      "t" : 1756458149198,
      "tn" : 1756458149198320750,
      "q" : "1",
      "p" : "0.53060",
      "s" : "sell",
      "i" : "LAYERUSD-PERP",
      "m" : "4611686018427486492"
    }, {
      "d" : "1756458146437979575",
      "t" : 1756458146437,
      "tn" : 1756458146437979575,
      "q" : "1",
      "p" : "0.53044",
      "s" : "sell",
      "i" : "LAYERUSD-PERP",
      "m" : "4611686018427486491"
    }, {
      "d" : "1756458056694831067",
      "t" : 1756458056694,
      "tn" : 1756458056694831067,
      "q" : "1",
      "p" : "0.53175",
      "s" : "sell",
      "i" : "LAYERUSD-PERP",
      "m" : "4611686018427486490"
    }, {
      "d" : "1756457987816328839",
      "t" : 1756457987816,
      "tn" : 1756457987816328839,
      "q" : "1",
      "p" : "0.53265",
      "s" : "sell",
      "i" : "LAYERUSD-PERP",
      "m" : "4611686018427486489"
    }, {
      "d" : "1756457985379805907",
      "t" : 1756457985379,
      "tn" : 1756457985379805907,
      "q" : "1",
      "p" : "0.53310",
      "s" : "sell",
      "i" : "LAYERUSD-PERP",
      "m" : "4611686018427486488"
    }, {
      "d" : "1756457985379800769",
      "t" : 1756457985379,
      "tn" : 1756457985379800769,
      "q" : "1",
      "p" : "0.53316",
      "s" : "sell",
      "i" : "LAYERUSD-PERP",
      "m" : "4611686018427486487"
    }, {
      "d" : "1756457968012742977",
      "t" : 1756457968012,
      "tn" : 1756457968012742977,
      "q" : "1",
      "p" : "0.53312",
      "s" : "buy",
      "i" : "LAYERUSD-PERP",
      "m" : "4611686018427486486"
    }, {
      "d" : "1756457692849192938",
      "t" : 1756457692849,
      "tn" : 1756457692849192938,
      "q" : "1",
      "p" : "0.53326",
      "s" : "sell",
      "i" : "LAYERUSD-PERP",
      "m" : "4611686018427486485"
    }, {
      "d" : "1756457686597641845",
      "t" : 1756457686597,
      "tn" : 1756457686597641845,
      "q" : "1",
      "p" : "0.53357",
      "s" : "sell",
      "i" : "LAYERUSD-PERP",
      "m" : "4611686018427486484"
    }, {
      "d" : "1756457575446484267",
      "t" : 1756457575446,
      "tn" : 1756457575446484267,
      "q" : "89",
      "p" : "0.53405",
      "s" : "sell",
      "i" : "LAYERUSD-PERP",
      "m" : "4611686018427486483"
    }, {
      "d" : "1756457575445235596",
      "t" : 1756457575445,
      "tn" : 1756457575445235596,
      "q" : "1",
      "p" : "0.53470",
      "s" : "sell",
      "i" : "LAYERUSD-PERP",
      "m" : "4611686018427486482"
    }, {
      "d" : "1756457575432535490",
      "t" : 1756457575432,
      "tn" : 1756457575432535490,
      "q" : "1",
      "p" : "0.53477",
      "s" : "sell",
      "i" : "LAYERUSD-PERP",
      "m" : "4611686018427486481"
    }, {
      "d" : "1756457507247874016",
      "t" : 1756457507247,
      "tn" : 1756457507247874016,
      "q" : "1",
      "p" : "0.53494",
      "s" : "buy",
      "i" : "LAYERUSD-PERP",
      "m" : "4611686018427486480"
    }, {
      "d" : "1756456084017827227",
      "t" : 1756456084017,
      "tn" : 1756456084017827227,
      "q" : "1",
      "p" : "0.53700",
      "s" : "sell",
      "i" : "LAYERUSD-PERP",
      "m" : "4611686018427486479"
    }, {
      "d" : "1756456084017622751",
      "t" : 1756456084017,
      "tn" : 1756456084017622751,
      "q" : "1",
      "p" : "0.53707",
      "s" : "sell",
      "i" : "LAYERUSD-PERP",
      "m" : "4611686018427486478"
    }, {
      "d" : "1756455662983878860",
      "t" : 1756455662983,
      "tn" : 1756455662983878860,
      "q" : "1",
      "p" : "0.53698",
      "s" : "sell",
      "i" : "LAYERUSD-PERP",
      "m" : "4611686018427486477"
    }, {
      "d" : "1756455221761235684",
      "t" : 1756455221761,
      "tn" : 1756455221761235684,
      "q" : "1",
      "p" : "0.53829",
      "s" : "sell",
      "i" : "LAYERUSD-PERP",
      "m" : "4611686018427486476"
    }, {
      "d" : "1756454974024598490",
      "t" : 1756454974024,
      "tn" : 1756454974024598490,
      "q" : "1",
      "p" : "0.53819",
      "s" : "sell",
      "i" : "LAYERUSD-PERP",
      "m" : "4611686018427486475"
    }, {
      "d" : "1756454842658557820",
      "t" : 1756454842658,
      "tn" : 1756454842658557820,
      "q" : "1",
      "p" : "0.53946",
      "s" : "buy",
      "i" : "LAYERUSD-PERP",
      "m" : "4611686018427486474"
    }, {
      "d" : "1756454740127396136",
      "t" : 1756454740127,
      "tn" : 1756454740127396136,
      "q" : "1",
      "p" : "0.53880",
      "s" : "sell",
      "i" : "LAYERUSD-PERP",
      "m" : "4611686018427486473"
    }, {
      "d" : "1756454740122711117",
      "t" : 1756454740122,
      "tn" : 1756454740122711117,
      "q" : "1",
      "p" : "0.53889",
      "s" : "sell",
      "i" : "LAYERUSD-PERP",
      "m" : "4611686018427486472"
    }, {
      "d" : "1756454719482478132",
      "t" : 1756454719482,
      "tn" : 1756454719482478132,
      "q" : "1",
      "p" : "0.53840",
      "s" : "sell",
      "i" : "LAYERUSD-PERP",
      "m" : "4611686018427486471"
    }, {
      "d" : "1756454588146938736",
      "t" : 1756454588146,
      "tn" : 1756454588146938736,
      "q" : "1",
      "p" : "0.54106",
      "s" : "buy",
      "i" : "LAYERUSD-PERP",
      "m" : "4611686018427486470"
    }, {
      "d" : "1756454586226411109",
      "t" : 1756454586226,
      "tn" : 1756454586226411109,
      "q" : "1",
      "p" : "0.54096",
      "s" : "buy",
      "i" : "LAYERUSD-PERP",
      "m" : "4611686018427486469"
    }, {
      "d" : "1756454582594226223",
      "t" : 1756454582594,
      "tn" : 1756454582594226223,
      "q" : "1",
      "p" : "0.54075",
      "s" : "buy",
      "i" : "LAYERUSD-PERP",
      "m" : "4611686018427486468"
    }, {
      "d" : "1756454577800419572",
      "t" : 1756454577800,
      "tn" : 1756454577800419572,
      "q" : "1",
      "p" : "0.54079",
      "s" : "sell",
      "i" : "LAYERUSD-PERP",
      "m" : "4611686018427486467"
    }, {
      "d" : "1756453703814183759",
      "t" : 1756453703814,
      "tn" : 1756453703814183759,
      "q" : "1",
      "p" : "0.54105",
      "s" : "buy",
      "i" : "LAYERUSD-PERP",
      "m" : "4611686018427486466"
    }, {
      "d" : "1756452168641689380",
      "t" : 1756452168641,
      "tn" : 1756452168641689380,
      "q" : "1",
      "p" : "0.54139",
      "s" : "sell",
      "i" : "LAYERUSD-PERP",
      "m" : "4611686018427486465"
    }, {
      "d" : "1756452147270285721",
      "t" : 1756452147270,
      "tn" : 1756452147270285721,
      "q" : "1",
      "p" : "0.54075",
      "s" : "buy",
      "i" : "LAYERUSD-PERP",
      "m" : "4611686018427486464"
    }, {
      "d" : "1756451956773144951",
      "t" : 1756451956773,
      "tn" : 1756451956773144951,
      "q" : "1",
      "p" : "0.54209",
      "s" : "sell",
      "i" : "LAYERUSD-PERP",
      "m" : "4611686018427486463"
    }, {
      "d" : "1756451701959968029",
      "t" : 1756451701959,
      "tn" : 1756451701959968029,
      "q" : "1",
      "p" : "0.54010",
      "s" : "sell",
      "i" : "LAYERUSD-PERP",
      "m" : "4611686018427486462"
    }, {
      "d" : "1756451693032106015",
      "t" : 1756451693032,
      "tn" : 1756451693032106015,
      "q" : "1",
      "p" : "0.54050",
      "s" : "sell",
      "i" : "LAYERUSD-PERP",
      "m" : "4611686018427486461"
    }, {
      "d" : "1756451685042010396",
      "t" : 1756451685042,
      "tn" : 1756451685042010396,
      "q" : "1",
      "p" : "0.54081",
      "s" : "sell",
      "i" : "LAYERUSD-PERP",
      "m" : "4611686018427486460"
    }, {
      "d" : "1756451664050856625",
      "t" : 1756451664050,
      "tn" : 1756451664050856625,
      "q" : "1",
      "p" : "0.54111",
      "s" : "sell",
      "i" : "LAYERUSD-PERP",
      "m" : "4611686018427486459"
    }, {
      "d" : "1756451660677072309",
      "t" : 1756451660677,
      "tn" : 1756451660677072309,
      "q" : "1",
      "p" : "0.54142",
      "s" : "sell",
      "i" : "LAYERUSD-PERP",
      "m" : "4611686018427486458"
    }, {
      "d" : "1756451659681580755",
      "t" : 1756451659681,
      "tn" : 1756451659681580755,
      "q" : "1",
      "p" : "0.54193",
      "s" : "sell",
      "i" : "LAYERUSD-PERP",
      "m" : "4611686018427486457"
    }, {
      "d" : "1756451625038293537",
      "t" : 1756451625038,
      "tn" : 1756451625038293537,
      "q" : "1",
      "p" : "0.54210",
      "s" : "sell",
      "i" : "LAYERUSD-PERP",
      "m" : "4611686018427486456"
    }, {
      "d" : "1756451625033862420",
      "t" : 1756451625033,
      "tn" : 1756451625033862420,
      "q" : "1",
      "p" : "0.54223",
      "s" : "sell",
      "i" : "LAYERUSD-PERP",
      "m" : "4611686018427486455"
    }, {
      "d" : "1756451608551049917",
      "t" : 1756451608551,
      "tn" : 1756451608551049917,
      "q" : "1",
      "p" : "0.54284",
      "s" : "sell",
      "i" : "LAYERUSD-PERP",
      "m" : "4611686018427486454"
    }, {
      "d" : "1756451561888354989",
      "t" : 1756451561888,
      "tn" : 1756451561888354989,
      "q" : "1",
      "p" : "0.54385",
      "s" : "sell",
      "i" : "LAYERUSD-PERP",
      "m" : "4611686018427486453"
    }, {
      "d" : "1756451292265635756",
      "t" : 1756451292265,
      "tn" : 1756451292265635756,
      "q" : "1",
      "p" : "0.54470",
      "s" : "sell",
      "i" : "LAYERUSD-PERP",
      "m" : "4611686018427486452"
    }, {
      "d" : "1756451212944423392",
      "t" : 1756451212944,
      "tn" : 1756451212944423392,
      "q" : "1",
      "p" : "0.54616",
      "s" : "sell",
      "i" : "LAYERUSD-PERP",
      "m" : "4611686018427486451"
    }, {
      "d" : "1756449569308212563",
      "t" : 1756449569308,
      "tn" : 1756449569308212563,
      "q" : "90",
      "p" : "0.55198",
      "s" : "buy",
      "i" : "LAYERUSD-PERP",
      "m" : "4611686018427486450"
    }, {
      "d" : "1756449569264644682",
      "t" : 1756449569264,
      "tn" : 1756449569264644682,
      "q" : "181",
      "p" : "0.55154",
      "s" : "buy",
      "i" : "LAYERUSD-PERP",
      "m" : "4611686018427486449"
    }, {
      "d" : "1756449569263762643",
      "t" : 1756449569263,
      "tn" : 1756449569263762643,
      "q" : "170",
      "p" : "0.55122",
      "s" : "buy",
      "i" : "LAYERUSD-PERP",
      "m" : "4611686018427486448"
    }, {
      "d" : "1756449569263242950",
      "t" : 1756449569263,
      "tn" : 1756449569263242950,
      "q" : "180",
      "p" : "0.55110",
      "s" : "buy",
      "i" : "LAYERUSD-PERP",
      "m" : "4611686018427486447"
    }, {
      "d" : "1756449503628377720",
      "t" : 1756449503628,
      "tn" : 1756449503628377720,
      "q" : "90",
      "p" : "0.55044",
      "s" : "sell",
      "i" : "LAYERUSD-PERP",
      "m" : "4611686018427486446"
    }, {
      "d" : "1756449503628375457",
      "t" : 1756449503628,
      "tn" : 1756449503628375457,
      "q" : "90",
      "p" : "0.55055",
      "s" : "sell",
      "i" : "LAYERUSD-PERP",
      "m" : "4611686018427486445"
    }, {
      "d" : "1756449488089285332",
      "t" : 1756449488089,
      "tn" : 1756449488089285332,
      "q" : "47",
      "p" : "0.55207",
      "s" : "buy",
      "i" : "LAYERUSD-PERP",
      "m" : "4611686018427486444"
    }, {
      "d" : "1756449488089283777",
      "t" : 1756449488089,
      "tn" : 1756449488089283777,
      "q" : "2",
      "p" : "0.55194",
      "s" : "buy",
      "i" : "LAYERUSD-PERP",
      "m" : "4611686018427486443"
    }, {
      "d" : "1756449488088735744",
      "t" : 1756449488088,
      "tn" : 1756449488088735744,
      "q" : "179",
      "p" : "0.55194",
      "s" : "buy",
      "i" : "LAYERUSD-PERP",
      "m" : "4611686018427486442"
    }, {
      "d" : "1756449488088732534",
      "t" : 1756449488088,
      "tn" : 1756449488088732534,
      "q" : "2",
      "p" : "0.55187",
      "s" : "buy",
      "i" : "LAYERUSD-PERP",
      "m" : "4611686018427486441"
    }, {
      "d" : "1756449475131934674",
      "t" : 1756449475131,
      "tn" : 1756449475131934674,
      "q" : "141",
      "p" : "0.55156",
      "s" : "sell",
      "i" : "LAYERUSD-PERP",
      "m" : "4611686018427486440"
    }, {
      "d" : "1756449475131327503",
      "t" : 1756449475131,
      "tn" : 1756449475131327503,
      "q" : "500",
      "p" : "0.55156",
      "s" : "sell",
      "i" : "LAYERUSD-PERP",
      "m" : "4611686018427486439"
    }, {
      "d" : "1756447334906281294",
      "t" : 1756447334906,
      "tn" : 1756447334906281294,
      "q" : "1",
      "p" : "0.55703",
      "s" : "buy",
      "i" : "LAYERUSD-PERP",
      "m" : "4611686018427486438"
    }, {
      "d" : "1756446108917269503",
      "t" : 1756446108917,
      "tn" : 1756446108917269503,
      "q" : "1",
      "p" : "0.55642",
      "s" : "buy",
      "i" : "LAYERUSD-PERP",
      "m" : "4611686018427486437"
    }, {
      "d" : "1756445487690487316",
      "t" : 1756445487690,
      "tn" : 1756445487690487316,
      "q" : "1",
      "p" : "0.55606",
      "s" : "sell",
      "i" : "LAYERUSD-PERP",
      "m" : "4611686018427486436"
    }, {
      "d" : "1756445155030637856",
      "t" : 1756445155030,
      "tn" : 1756445155030637856,
      "q" : "1",
      "p" : "0.55586",
      "s" : "sell",
      "i" : "LAYERUSD-PERP",
      "m" : "4611686018427486435"
    }, {
      "d" : "1756445152876133798",
      "t" : 1756445152876,
      "tn" : 1756445152876133798,
      "q" : "1",
      "p" : "0.55617",
      "s" : "sell",
      "i" : "LAYERUSD-PERP",
      "m" : "4611686018427486434"
    }, {
      "d" : "1756444324838686390",
      "t" : 1756444324838,
      "tn" : 1756444324838686390,
      "q" : "1",
      "p" : "0.55813",
      "s" : "buy",
      "i" : "LAYERUSD-PERP",
      "m" : "4611686018427486433"
    }, {
      "d" : "1756444249671302407",
      "t" : 1756444249671,
      "tn" : 1756444249671302407,
      "q" : "1",
      "p" : "0.55843",
      "s" : "buy",
      "i" : "LAYERUSD-PERP",
      "m" : "4611686018427486432"
    }, {
      "d" : "1756443932981883987",
      "t" : 1756443932981,
      "tn" : 1756443932981883987,
      "q" : "1",
      "p" : "0.55817",
      "s" : "sell",
      "i" : "LAYERUSD-PERP",
      "m" : "4611686018427486431"
    }, {
      "d" : "1756442751990586056",
      "t" : 1756442751990,
      "tn" : 1756442751990586056,
      "q" : "1",
      "p" : "0.56263",
      "s" : "buy",
      "i" : "LAYERUSD-PERP",
      "m" : "4611686018427486430"
    }, {
      "d" : "1756442750030968275",
      "t" : 1756442750030,
      "tn" : 1756442750030968275,
      "q" : "1",
      "p" : "0.56208",
      "s" : "buy",
      "i" : "LAYERUSD-PERP",
      "m" : "4611686018427486429"
    }, {
      "d" : "1756442750029805885",
      "t" : 1756442750029,
      "tn" : 1756442750029805885,
      "q" : "1",
      "p" : "0.56192",
      "s" : "buy",
      "i" : "LAYERUSD-PERP",
      "m" : "4611686018427486428"
    }, {
      "d" : "1756442598484649699",
      "t" : 1756442598484,
      "tn" : 1756442598484649699,
      "q" : "178",
      "p" : "0.56177",
      "s" : "buy",
      "i" : "LAYERUSD-PERP",
      "m" : "4611686018427486427"
    }, {
      "d" : "1756442598482369942",
      "t" : 1756442598482,
      "tn" : 1756442598482369942,
      "q" : "1",
      "p" : "0.56160",
      "s" : "buy",
      "i" : "LAYERUSD-PERP",
      "m" : "4611686018427486426"
    }, {
      "d" : "1756442598482367119",
      "t" : 1756442598482,
      "tn" : 1756442598482367119,
      "q" : "1",
      "p" : "0.56142",
      "s" : "buy",
      "i" : "LAYERUSD-PERP",
      "m" : "4611686018427486425"
    }, {
      "d" : "1756441638427522581",
      "t" : 1756441638427,
      "tn" : 1756441638427522581,
      "q" : "1",
      "p" : "0.56141",
      "s" : "buy",
      "i" : "LAYERUSD-PERP",
      "m" : "4611686018427486424"
    }, {
      "d" : "1756439336722972533",
      "t" : 1756439336722,
      "tn" : 1756439336722972533,
      "q" : "1",
      "p" : "0.55970",
      "s" : "buy",
      "i" : "LAYERUSD-PERP",
      "m" : "4611686018427486423"
    }, {
      "d" : "1756437626975921825",
      "t" : 1756437626975,
      "tn" : 1756437626975921825,
      "q" : "1",
      "p" : "0.55719",
      "s" : "buy",
      "i" : "LAYERUSD-PERP",
      "m" : "4611686018427486422"
    }, {
      "d" : "1756432532187764045",
      "t" : 1756432532187,
      "tn" : 1756432532187764045,
      "q" : "1",
      "p" : "0.55626",
      "s" : "buy",
      "i" : "LAYERUSD-PERP",
      "m" : "4611686018427486421"
    }, {
      "d" : "1756432532187761254",
      "t" : 1756432532187,
      "tn" : 1756432532187761254,
      "q" : "1",
      "p" : "0.55609",
      "s" : "buy",
      "i" : "LAYERUSD-PERP",
      "m" : "4611686018427486420"
    }, {
      "d" : "1756431602815028898",
      "t" : 1756431602815,
      "tn" : 1756431602815028898,
      "q" : "1",
      "p" : "0.55488",
      "s" : "buy",
      "i" : "LAYERUSD-PERP",
      "m" : "4611686018427486419"
    }, {
      "d" : "1756427887037985356",
      "t" : 1756427887037,
      "tn" : 1756427887037985356,
      "q" : "1",
      "p" : "0.55988",
      "s" : "buy",
      "i" : "LAYERUSD-PERP",
      "m" : "4611686018427486418"
    }, {
      "d" : "1756427116456711072",
      "t" : 1756427116456,
      "tn" : 1756427116456711072,
      "q" : "1",
      "p" : "0.56057",
      "s" : "buy",
      "i" : "LAYERUSD-PERP",
      "m" : "4611686018427486417"
    }, {
      "d" : "1756427094392214361",
      "t" : 1756427094392,
      "tn" : 1756427094392214361,
      "q" : "1",
      "p" : "0.55976",
      "s" : "buy",
      "i" : "LAYERUSD-PERP",
      "m" : "4611686018427486416"
    }, {
      "d" : "1756425059257511641",
      "t" : 1756425059257,
      "tn" : 1756425059257511641,
      "q" : "1",
      "p" : "0.56056",
      "s" : "buy",
      "i" : "LAYERUSD-PERP",
      "m" : "4611686018427486415"
    }, {
      "d" : "1756422350258707743",
      "t" : 1756422350258,
      "tn" : 1756422350258707743,
      "q" : "1",
      "p" : "0.56120",
      "s" : "sell",
      "i" : "LAYERUSD-PERP",
      "m" : "4611686018427486414"
    }, {
      "d" : "1756422333714141270",
      "t" : 1756422333714,
      "tn" : 1756422333714141270,
      "q" : "1",
      "p" : "0.56130",
      "s" : "sell",
      "i" : "LAYERUSD-PERP",
      "m" : "4611686018427486413"
    }, {
      "d" : "1756422298896681409",
      "t" : 1756422298896,
      "tn" : 1756422298896681409,
      "q" : "1",
      "p" : "0.56137",
      "s" : "buy",
      "i" : "LAYERUSD-PERP",
      "m" : "4611686018427486412"
    }, {
      "d" : "1756422294841488317",
      "t" : 1756422294841,
      "tn" : 1756422294841488317,
      "q" : "1",
      "p" : "0.56136",
      "s" : "buy",
      "i" : "LAYERUSD-PERP",
      "m" : "4611686018427486411"
    }, {
      "d" : "1756420922790488695",
      "t" : 1756420922790,
      "tn" : 1756420922790488695,
      "q" : "1",
      "p" : "0.56145",
      "s" : "buy",
      "i" : "LAYERUSD-PERP",
      "m" : "4611686018427486410"
    }, {
      "d" : "1756420361570131272",
      "t" : 1756420361570,
      "tn" : 1756420361570131272,
      "q" : "1",
      "p" : "0.56328",
      "s" : "buy",
      "i" : "LAYERUSD-PERP",
      "m" : "4611686018427486409"
    }, {
      "d" : "1756420361570127863",
      "t" : 1756420361570,
      "tn" : 1756420361570127863,
      "q" : "1",
      "p" : "0.56305",
      "s" : "buy",
      "i" : "LAYERUSD-PERP",
      "m" : "4611686018427486408"
    }, {
      "d" : "1756419316413550861",
      "t" : 1756419316413,
      "tn" : 1756419316413550861,
      "q" : "1",
      "p" : "0.56054",
      "s" : "buy",
      "i" : "LAYERUSD-PERP",
      "m" : "4611686018427486407"
    }, {
      "d" : "1756418789439796536",
      "t" : 1756418789439,
      "tn" : 1756418789439796536,
      "q" : "1",
      "p" : "0.55943",
      "s" : "buy",
      "i" : "LAYERUSD-PERP",
      "m" : "4611686018427486406"
    }, {
      "d" : "1756415853911150571",
      "t" : 1756415853911,
      "tn" : 1756415853911150571,
      "q" : "1",
      "p" : "0.55617",
      "s" : "sell",
      "i" : "LAYERUSD-PERP",
      "m" : "4611686018427486405"
    }, {
      "d" : "1756410961010960717",
      "t" : 1756410961010,
      "tn" : 1756410961010960717,
      "q" : "1",
      "p" : "0.55107",
      "s" : "sell",
      "i" : "LAYERUSD-PERP",
      "m" : "4611686018427486404"
    }, {
      "d" : "1756410512979034152",
      "t" : 1756410512979,
      "tn" : 1756410512979034152,
      "q" : "1",
      "p" : "0.55248",
      "s" : "sell",
      "i" : "LAYERUSD-PERP",
      "m" : "4611686018427486403"
    }, {
      "d" : "1756408300670835006",
      "t" : 1756408300670,
      "tn" : 1756408300670835006,
      "q" : "1",
      "p" : "0.55779",
      "s" : "sell",
      "i" : "LAYERUSD-PERP",
      "m" : "4611686018427486402"
    }, {
      "d" : "1756400822757103969",
      "t" : 1756400822757,
      "tn" : 1756400822757103969,
      "q" : "1",
      "p" : "0.55045",
      "s" : "buy",
      "i" : "LAYERUSD-PERP",
      "m" : "4611686018427486401"
    }, {
      "d" : "1756400355979686429",
      "t" : 1756400355979,
      "tn" : 1756400355979686429,
      "q" : "1",
      "p" : "0.54978",
      "s" : "sell",
      "i" : "LAYERUSD-PERP",
      "m" : "4611686018427486400"
    }, {
      "d" : "1756400293501771833",
      "t" : 1756400293501,
      "tn" : 1756400293501771833,
      "q" : "1",
      "p" : "0.55169",
      "s" : "sell",
      "i" : "LAYERUSD-PERP",
      "m" : "4611686018427486399"
    }, {
      "d" : "1756400022744793327",
      "t" : 1756400022744,
      "tn" : 1756400022744793327,
      "q" : "1",
      "p" : "0.55470",
      "s" : "sell",
      "i" : "LAYERUSD-PERP",
      "m" : "4611686018427486398"
    }, {
      "d" : "1756398490313797738",
      "t" : 1756398490313,
      "tn" : 1756398490313797738,
      "q" : "1",
      "p" : "0.55796",
      "s" : "buy",
      "i" : "LAYERUSD-PERP",
      "m" : "4611686018427486397"
    }, {
      "d" : "1756398292103064762",
      "t" : 1756398292103,
      "tn" : 1756398292103064762,
      "q" : "1",
      "p" : "0.55850",
      "s" : "sell",
      "i" : "LAYERUSD-PERP",
      "m" : "4611686018427486396"
    }, {
      "d" : "1756397848935220798",
      "t" : 1756397848935,
      "tn" : 1756397848935220798,
      "q" : "1",
      "p" : "0.55981",
      "s" : "sell",
      "i" : "LAYERUSD-PERP",
      "m" : "4611686018427486395"
    }, {
      "d" : "1756397325589548768",
      "t" : 1756397325589,
      "tn" : 1756397325589548768,
      "q" : "1",
      "p" : "0.55877",
      "s" : "buy",
      "i" : "LAYERUSD-PERP",
      "m" : "4611686018427486394"
    }, {
      "d" : "1756395208394718991",
      "t" : 1756395208394,
      "tn" : 1756395208394718991,
      "q" : "1",
      "p" : "0.56076",
      "s" : "buy",
      "i" : "LAYERUSD-PERP",
      "m" : "4611686018427486393"
    }, {
      "d" : "1756394443501954811",
      "t" : 1756394443501,
      "tn" : 1756394443501954811,
      "q" : "1",
      "p" : "0.56146",
      "s" : "buy",
      "i" : "LAYERUSD-PERP",
      "m" : "4611686018427486392"
    }, {
      "d" : "1756394439490328342",
      "t" : 1756394439490,
      "tn" : 1756394439490328342,
      "q" : "1",
      "p" : "0.56120",
      "s" : "sell",
      "i" : "LAYERUSD-PERP",
      "m" : "4611686018427486391"
    }, {
      "d" : "1756393213623897871",
      "t" : 1756393213623,
      "tn" : 1756393213623897871,
      "q" : "1",
      "p" : "0.56196",
      "s" : "sell",
      "i" : "LAYERUSD-PERP",
      "m" : "4611686018427486390"
    }, {
      "d" : "1756393213623893703",
      "t" : 1756393213623,
      "tn" : 1756393213623893703,
      "q" : "1",
      "p" : "0.56211",
      "s" : "sell",
      "i" : "LAYERUSD-PERP",
      "m" : "4611686018427486389"
    }, {
      "d" : "1756393212524533952",
      "t" : 1756393212524,
      "tn" : 1756393212524533952,
      "q" : "1",
      "p" : "0.56221",
      "s" : "sell",
      "i" : "LAYERUSD-PERP",
      "m" : "4611686018427486388"
    }, {
      "d" : "1756393202472734734",
      "t" : 1756393202472,
      "tn" : 1756393202472734734,
      "q" : "1",
      "p" : "0.56232",
      "s" : "sell",
      "i" : "LAYERUSD-PERP",
      "m" : "4611686018427486387"
    }, {
      "d" : "1756392300223062782",
      "t" : 1756392300223,
      "tn" : 1756392300223062782,
      "q" : "1",
      "p" : "0.56148",
      "s" : "buy",
      "i" : "LAYERUSD-PERP",
      "m" : "4611686018427486386"
    }, {
      "d" : "1756391366581405795",
      "t" : 1756391366581,
      "tn" : 1756391366581405795,
      "q" : "1",
      "p" : "0.55882",
      "s" : "sell",
      "i" : "LAYERUSD-PERP",
      "m" : "4611686018427486385"
    }, {
      "d" : "1756391182811008036",
      "t" : 1756391182811,
      "tn" : 1756391182811008036,
      "q" : "1",
      "p" : "0.55912",
      "s" : "sell",
      "i" : "LAYERUSD-PERP",
      "m" : "4611686018427486384"
    }, {
      "d" : "1756390999756797572",
      "t" : 1756390999756,
      "tn" : 1756390999756797572,
      "q" : "1",
      "p" : "0.56048",
      "s" : "buy",
      "i" : "LAYERUSD-PERP",
      "m" : "4611686018427486383"
    }, {
      "d" : "1756390808950229963",
      "t" : 1756390808950,
      "tn" : 1756390808950229963,
      "q" : "1",
      "p" : "0.56172",
      "s" : "sell",
      "i" : "LAYERUSD-PERP",
      "m" : "4611686018427486382"
    }, {
      "d" : "1756390667032913986",
      "t" : 1756390667032,
      "tn" : 1756390667032913986,
      "q" : "1",
      "p" : "0.56226",
      "s" : "sell",
      "i" : "LAYERUSD-PERP",
      "m" : "4611686018427486381"
    }, {
      "d" : "1756390667032711557",
      "t" : 1756390667032,
      "tn" : 1756390667032711557,
      "q" : "1",
      "p" : "0.56243",
      "s" : "sell",
      "i" : "LAYERUSD-PERP",
      "m" : "4611686018427486380"
    }, {
      "d" : "1756390632459938522",
      "t" : 1756390632459,
      "tn" : 1756390632459938522,
      "q" : "1",
      "p" : "0.56154",
      "s" : "buy",
      "i" : "LAYERUSD-PERP",
      "m" : "4611686018427486379"
    }, {
      "d" : "1756390584503053782",
      "t" : 1756390584503,
      "tn" : 1756390584503053782,
      "q" : "1",
      "p" : "0.56034",
      "s" : "sell",
      "i" : "LAYERUSD-PERP",
      "m" : "4611686018427486378"
    }, {
      "d" : "1756390468237314307",
      "t" : 1756390468237,
      "tn" : 1756390468237314307,
      "q" : "1",
      "p" : "0.55890",
      "s" : "buy",
      "i" : "LAYERUSD-PERP",
      "m" : "4611686018427486377"
    }, {
      "d" : "1756390076790360413",
      "t" : 1756390076790,
      "tn" : 1756390076790360413,
      "q" : "1",
      "p" : "0.55914",
      "s" : "sell",
      "i" : "LAYERUSD-PERP",
      "m" : "4611686018427486376"
    }, {
      "d" : "1756390016987514792",
      "t" : 1756390016987,
      "tn" : 1756390016987514792,
      "q" : "1",
      "p" : "0.55950",
      "s" : "buy",
      "i" : "LAYERUSD-PERP",
      "m" : "4611686018427486375"
    }, {
      "d" : "1756389946634265446",
      "t" : 1756389946634,
      "tn" : 1756389946634265446,
      "q" : "1",
      "p" : "0.55914",
      "s" : "sell",
      "i" : "LAYERUSD-PERP",
      "m" : "4611686018427486374"
    }, {
      "d" : "1756389629209349534",
      "t" : 1756389629209,
      "tn" : 1756389629209349534,
      "q" : "1",
      "p" : "0.55589",
      "s" : "buy",
      "i" : "LAYERUSD-PERP",
      "m" : "4611686018427486373"
    }, {
      "d" : "1756389340597175740",
      "t" : 1756389340597,
      "tn" : 1756389340597175740,
      "q" : "1",
      "p" : "0.55573",
      "s" : "sell",
      "i" : "LAYERUSD-PERP",
      "m" : "4611686018427486372"
    }, {
      "d" : "1756389009221072279",
      "t" : 1756389009221,
      "tn" : 1756389009221072279,
      "q" : "1",
      "p" : "0.55554",
      "s" : "sell",
      "i" : "LAYERUSD-PERP",
      "m" : "4611686018427486371"
    }, {
      "d" : "1756388789000793886",
      "t" : 1756388789000,
      "tn" : 1756388789000793886,
      "q" : "1",
      "p" : "0.55545",
      "s" : "sell",
      "i" : "LAYERUSD-PERP",
      "m" : "4611686018427486370"
    }, {
      "d" : "1756388754657419813",
      "t" : 1756388754657,
      "tn" : 1756388754657419813,
      "q" : "90",
      "p" : "0.55363",
      "s" : "sell",
      "i" : "LAYERUSD-PERP",
      "m" : "4611686018427486369"
    }, {
      "d" : "1756388754657417931",
      "t" : 1756388754657,
      "tn" : 1756388754657417931,
      "q" : "90",
      "p" : "0.55374",
      "s" : "sell",
      "i" : "LAYERUSD-PERP",
      "m" : "4611686018427486368"
    }, {
      "d" : "1756388754639968154",
      "t" : 1756388754639,
      "tn" : 1756388754639968154,
      "q" : "1",
      "p" : "0.55518",
      "s" : "sell",
      "i" : "LAYERUSD-PERP",
      "m" : "4611686018427486367"
    }, {
      "d" : "1756388754639737913",
      "t" : 1756388754639,
      "tn" : 1756388754639737913,
      "q" : "1",
      "p" : "0.55535",
      "s" : "sell",
      "i" : "LAYERUSD-PERP",
      "m" : "4611686018427486366"
    }, {
      "d" : "1756388682059006898",
      "t" : 1756388682059,
      "tn" : 1756388682059006898,
      "q" : "1",
      "p" : "0.55681",
      "s" : "buy",
      "i" : "LAYERUSD-PERP",
      "m" : "4611686018427486365"
    }, {
      "d" : "1756388666360257185",
      "t" : 1756388666360,
      "tn" : 1756388666360257185,
      "q" : "1",
      "p" : "0.55655",
      "s" : "sell",
      "i" : "LAYERUSD-PERP",
      "m" : "4611686018427486364"
    }, {
      "d" : "1756388643440358381",
      "t" : 1756388643440,
      "tn" : 1756388643440358381,
      "q" : "1",
      "p" : "0.55696",
      "s" : "sell",
      "i" : "LAYERUSD-PERP",
      "m" : "4611686018427486363"
    }, {
      "d" : "1756388567795021409",
      "t" : 1756388567795,
      "tn" : 1756388567795021409,
      "q" : "1",
      "p" : "0.55857",
      "s" : "sell",
      "i" : "LAYERUSD-PERP",
      "m" : "4611686018427486362"
    }, {
      "d" : "1756388462690164211",
      "t" : 1756388462690,
      "tn" : 1756388462690164211,
      "q" : "1",
      "p" : "0.55827",
      "s" : "sell",
      "i" : "LAYERUSD-PERP",
      "m" : "4611686018427486361"
    }, {
      "d" : "1756388363390346108",
      "t" : 1756388363390,
      "tn" : 1756388363390346108,
      "q" : "1",
      "p" : "0.55843",
      "s" : "buy",
      "i" : "LAYERUSD-PERP",
      "m" : "4611686018427486360"
    }, {
      "d" : "1756387314390277522",
      "t" : 1756387314390,
      "tn" : 1756387314390277522,
      "q" : "1",
      "p" : "0.55873",
      "s" : "buy",
      "i" : "LAYERUSD-PERP",
      "m" : "4611686018427486359"
    }, {
      "d" : "1756387228885059858",
      "t" : 1756387228885,
      "tn" : 1756387228885059858,
      "q" : "1",
      "p" : "0.55788",
      "s" : "buy",
      "i" : "LAYERUSD-PERP",
      "m" : "4611686018427486358"
    }, {
      "d" : "1756387228884991667",
      "t" : 1756387228884,
      "tn" : 1756387228884991667,
      "q" : "1",
      "p" : "0.55772",
      "s" : "buy",
      "i" : "LAYERUSD-PERP",
      "m" : "4611686018427486357"
    }, {
      "d" : "1756384878871651480",
      "t" : 1756384878871,
      "tn" : 1756384878871651480,
      "q" : "1",
      "p" : "0.55826",
      "s" : "sell",
      "i" : "LAYERUSD-PERP",
      "m" : "4611686018427486356"
    }, {
      "d" : "1756384145801977349",
      "t" : 1756384145801,
      "tn" : 1756384145801977349,
      "q" : "1",
      "p" : "0.55546",
      "s" : "sell",
      "i" : "LAYERUSD-PERP",
      "m" : "4611686018427486355"
    }, {
      "d" : "1756383422124853740",
      "t" : 1756383422124,
      "tn" : 1756383422124853740,
      "q" : "1",
      "p" : "0.55617",
      "s" : "sell",
      "i" : "LAYERUSD-PERP",
      "m" : "4611686018427486354"
    }, {
      "d" : "1756382896323362669",
      "t" : 1756382896323,
      "tn" : 1756382896323362669,
      "q" : "1",
      "p" : "0.55653",
      "s" : "buy",
      "i" : "LAYERUSD-PERP",
      "m" : "4611686018427486353"
    }, {
      "d" : "1756382267796661023",
      "t" : 1756382267796,
      "tn" : 1756382267796661023,
      "q" : "1",
      "p" : "0.55512",
      "s" : "sell",
      "i" : "LAYERUSD-PERP",
      "m" : "4611686018427486352"
    }, {
      "d" : "1756382267796659262",
      "t" : 1756382267796,
      "tn" : 1756382267796659262,
      "q" : "1",
      "p" : "0.55537",
      "s" : "sell",
      "i" : "LAYERUSD-PERP",
      "m" : "4611686018427486351"
    }, {
      "d" : "1756379525326459715",
      "t" : 1756379525326,
      "tn" : 1756379525326459715,
      "q" : "1",
      "p" : "0.55494",
      "s" : "sell",
      "i" : "LAYERUSD-PERP",
      "m" : "4611686018427486350"
    }, {
      "d" : "1756379525324997649",
      "t" : 1756379525324,
      "tn" : 1756379525324997649,
      "q" : "1",
      "p" : "0.55518",
      "s" : "sell",
      "i" : "LAYERUSD-PERP",
      "m" : "4611686018427486349"
    } ]
  }
}