{
  "id" : -1,
  "method" : "public/get-trades",
  "code" : 0,
  "result" : {
    "data" : [ {
      "d" : "1756446911051617459",
      "t" : 1756446911051,
      "tn" : 1756446911051617459,
      "q" : "901.9",
      "p" : "0.022176",
      "s" : "sell",
      "i" : "LBR_USD",
      "m" : "4611686018429116461"
    }, {
      "d" : "1756443642423622884",
      "t" : 1756443642423,
      "tn" : 1756443642423622884,
      "q" : "13061.0",
      "p" : "0.023638",
      "s" : "buy",
      "i" : "LBR_USD",
      "m" : "4611686018429116460"
    }, {
      "d" : "1756443495885487215",
      "t" : 1756443495885,
      "tn" : 1756443495885487215,
      "q" : "911.4",
      "p" : "0.023316",
      "s" : "sell",
      "i" : "LBR_USD",
      "m" : "4611686018429116459"
    }, {
      "d" : "1756443495881687432",
      "t" : 1756443495881,
      "tn" : 1756443495881687432,
      "q" : "700.0",
      "p" : "0.023316",
      "s" : "sell",
      "i" : "LBR_USD",
      "m" : "4611686018429116458"
    }, {
      "d" : "1756443478278158034",
      "t" : 1756443478278,
      "tn" : 1756443478278158034,
      "q" : "176.7",
      "p" : "0.023316",
      "s" : "buy",
      "i" : "LBR_USD",
      "m" : "4611686018429116457"
    }, {
      "d" : "1756443387556441582",
      "t" : 1756443387556,
      "tn" : 1756443387556441582,
      "q" : "675.0",
      "p" : "0.023274",
      "s" : "sell",
      "i" : "LBR_USD",
      "m" : "4611686018429116456"
    }, {
      "d" : "1756443375945033489",
      "t" : 1756443375945,
      "tn" : 1756443375945033489,
      "q" : "3400.0",
      "p" : "0.023274",
      "s" : "sell",
      "i" : "LBR_USD",
      "m" : "4611686018429116455"
    }, {
      "d" : "1756443375936230914",
      "t" : 1756443375936,
      "tn" : 1756443375936230914,
      "q" : "3420.0",
      "p" : "0.023274",
      "s" : "sell",
      "i" : "LBR_USD",
      "m" : "4611686018429116454"
    }, {
      "d" : "1756443375917020232",
      "t" : 1756443375917,
      "tn" : 1756443375917020232,
      "q" : "4423.9",
      "p" : "0.023274",
      "s" : "buy",
      "i" : "LBR_USD",
      "m" : "4611686018429116453"
    }, {
      "d" : "1756417627801792132",
      "t" : 1756417627801,
      "tn" : 1756417627801792132,
      "q" : "2063.0",
      "p" : "0.022240",
      "s" : "sell",
      "i" : "LBR_USD",
      "m" : "4611686018429116452"
    }, {
      "d" : "1756417627796815516",
      "t" : 1756417627796,
      "tn" : 1756417627796815516,
      "q" : "2000.0",
      "p" : "0.022241",
      "s" : "sell",
      "i" : "LBR_USD",
      "m" : "4611686018429116451"
    }, {
      "d" : "1756417627790977911",
      "t" : 1756417627790,
      "tn" : 1756417627790977911,
      "q" : "1310.2",
      "p" : "0.022240",
      "s" : "sell",
      "i" : "LBR_USD",
      "m" : "4611686018429116450"
    }, {
      "d" : "1756417627790975995",
      "t" : 1756417627790,
      "tn" : 1756417627790975995,
      "q" : "2286.9",
      "p" : "0.022241",
      "s" : "sell",
      "i" : "LBR_USD",
      "m" : "4611686018429116449"
    }, {
      "d" : "1756415274874617056",
      "t" : 1756415274874,
      "tn" : 1756415274874617056,
      "q" : "1000.0",
      "p" : "0.022905",
      "s" : "buy",
      "i" : "LBR_USD",
      "m" : "4611686018429116448"
    }, {
      "d" : "1756397802477206316",
      "t" : 1756397802477,
      "tn" : 1756397802477206316,
      "q" : "2573.3",
      "p" : "0.023316",
      "s" : "buy",
      "i" : "LBR_USD",
      "m" : "4611686018429116447"
    }, {
      "d" : "1756378001082553742",
      "t" : 1756378001082,
      "tn" : 1756378001082553742,
      "q" : "3860.2",
      "p" : "0.023315",
      "s" : "buy",
      "i" : "LBR_USD",
      "m" : "4611686018429116446"
    }, {
      "d" : "1756377617571690945",
      "t" : 1756377617571,
      "tn" : 1756377617571690945,
      "q" : "3860.5",
      "p" : "0.023313",
      "s" : "buy",
      "i" : "LBR_USD",
      "m" : "4611686018429116445"
    } ]
  }
}