{
  "id" : -1,
  "method" : "public/get-trades",
  "code" : 0,
  "result" : {
    "data" : [ {
      "d" : "1756461385516817195",
      "t" : 1756461385516,
      "tn" : 1756461385516817195,
      "q" : "217",
      "p" : "0.35826",
      "s" : "buy",
      "i" : "LCRO_USD",
      "m" : "4611686018428433273"
    }, {
      "d" : "1756459387325244668",
      "t" : 1756459387325,
      "tn" : 1756459387325244668,
      "q" : "352",
      "p" : "0.35429",
      "s" : "buy",
      "i" : "LCRO_USD",
      "m" : "4611686018428433272"
    }, {
      "d" : "1756459387311425838",
      "t" : 1756459387311,
      "tn" : 1756459387311425838,
      "q" : "211",
      "p" : "0.35430",
      "s" : "buy",
      "i" : "LCRO_USD",
      "m" : "4611686018428433271"
    }, {
      "d" : "1756459295353866701",
      "t" : 1756459295353,
      "tn" : 1756459295353866701,
      "q" : "211",
      "p" : "0.34887",
      "s" : "sell",
      "i" : "LCRO_USD",
      "m" : "4611686018428433270"
    }, {
      "d" : "1756458325597711216",
      "t" : 1756458325597,
      "tn" : 1756458325597711216,
      "q" : "24",
      "p" : "0.34591",
      "s" : "buy",
      "i" : "LCRO_USD",
      "m" : "4611686018428433269"
    }, {
      "d" : "1756458325593120873",
      "t" : 1756458325593,
      "tn" : 1756458325593120873,
      "q" : "78",
      "p" : "0.34592",
      "s" : "sell",
      "i" : "LCRO_USD",
      "m" : "4611686018428433268"
    }, {
      "d" : "1756457906234851790",
      "t" : 1756457906234,
      "tn" : 1756457906234851790,
      "q" : "451",
      "p" : "0.35295",
      "s" : "buy",
      "i" : "LCRO_USD",
      "m" : "4611686018428433267"
    }, {
      "d" : "1756457906195664688",
      "t" : 1756457906195,
      "tn" : 1756457906195664688,
      "q" : "28",
      "p" : "0.35294",
      "s" : "buy",
      "i" : "LCRO_USD",
      "m" : "4611686018428433266"
    }, {
      "d" : "1756457777287108114",
      "t" : 1756457777287,
      "tn" : 1756457777287108114,
      "q" : "211",
      "p" : "0.35666",
      "s" : "buy",
      "i" : "LCRO_USD",
      "m" : "4611686018428433265"
    }, {
      "d" : "1756457608743072182",
      "t" : 1756457608743,
      "tn" : 1756457608743072182,
      "q" : "133",
      "p" : "0.35754",
      "s" : "buy",
      "i" : "LCRO_USD",
      "m" : "4611686018428433264"
    }, {
      "d" : "1756457546320587063",
      "t" : 1756457546320,
      "tn" : 1756457546320587063,
      "q" : "311",
      "p" : "0.35075",
      "s" : "buy",
      "i" : "LCRO_USD",
      "m" : "4611686018428433263"
    }, {
      "d" : "1756457546315091880",
      "t" : 1756457546315,
      "tn" : 1756457546315091880,
      "q" : "1683",
      "p" : "0.35117",
      "s" : "sell",
      "i" : "LCRO_USD",
      "m" : "4611686018428433262"
    }, {
      "d" : "1756457546315088756",
      "t" : 1756457546315,
      "tn" : 1756457546315088756,
      "q" : "76",
      "p" : "0.35118",
      "s" : "sell",
      "i" : "LCRO_USD",
      "m" : "4611686018428433261"
    }, {
      "d" : "1756456938920710467",
      "t" : 1756456938920,
      "tn" : 1756456938920710467,
      "q" : "360",
      "p" : "0.35146",
      "s" : "sell",
      "i" : "LCRO_USD",
      "m" : "4611686018428433260"
    }, {
      "d" : "1756456921055629065",
      "t" : 1756456921055,
      "tn" : 1756456921055629065,
      "q" : "36",
      "p" : "0.35105",
      "s" : "sell",
      "i" : "LCRO_USD",
      "m" : "4611686018428433259"
    }, {
      "d" : "1756456921045597678",
      "t" : 1756456921045,
      "tn" : 1756456921045597678,
      "q" : "34",
      "p" : "0.35105",
      "s" : "sell",
      "i" : "LCRO_USD",
      "m" : "4611686018428433258"
    }, {
      "d" : "1756456921040615471",
      "t" : 1756456921040,
      "tn" : 1756456921040615471,
      "q" : "37",
      "p" : "0.35105",
      "s" : "sell",
      "i" : "LCRO_USD",
      "m" : "4611686018428433257"
    }, {
      "d" : "1756456921028766675",
      "t" : 1756456921028,
      "tn" : 1756456921028766675,
      "q" : "405",
      "p" : "0.35105",
      "s" : "sell",
      "i" : "LCRO_USD",
      "m" : "4611686018428433256"
    }, {
      "d" : "1756456920815495291",
      "t" : 1756456920815,
      "tn" : 1756456920815495291,
      "q" : "149",
      "p" : "0.35072",
      "s" : "sell",
      "i" : "LCRO_USD",
      "m" : "4611686018428433255"
    }, {
      "d" : "1756456920810271000",
      "t" : 1756456920810,
      "tn" : 1756456920810271000,
      "q" : "34",
      "p" : "0.35072",
      "s" : "sell",
      "i" : "LCRO_USD",
      "m" : "4611686018428433254"
    }, {
      "d" : "1756456920760410324",
      "t" : 1756456920760,
      "tn" : 1756456920760410324,
      "q" : "147",
      "p" : "0.35072",
      "s" : "sell",
      "i" : "LCRO_USD",
      "m" : "4611686018428433253"
    }, {
      "d" : "1756456920654914122",
      "t" : 1756456920654,
      "tn" : 1756456920654914122,
      "q" : "217",
      "p" : "0.35072",
      "s" : "sell",
      "i" : "LCRO_USD",
      "m" : "4611686018428433252"
    }, {
      "d" : "1756456920604985897",
      "t" : 1756456920604,
      "tn" : 1756456920604985897,
      "q" : "217",
      "p" : "0.35072",
      "s" : "sell",
      "i" : "LCRO_USD",
      "m" : "4611686018428433251"
    }, {
      "d" : "1756456920338520632",
      "t" : 1756456920338,
      "tn" : 1756456920338520632,
      "q" : "40",
      "p" : "0.35072",
      "s" : "sell",
      "i" : "LCRO_USD",
      "m" : "4611686018428433250"
    }, {
      "d" : "1756456920328699800",
      "t" : 1756456920328,
      "tn" : 1756456920328699800,
      "q" : "593",
      "p" : "0.35072",
      "s" : "sell",
      "i" : "LCRO_USD",
      "m" : "4611686018428433249"
    }, {
      "d" : "1756456919134776074",
      "t" : 1756456919134,
      "tn" : 1756456919134776074,
      "q" : "28",
      "p" : "0.35113",
      "s" : "sell",
      "i" : "LCRO_USD",
      "m" : "4611686018428433248"
    }, {
      "d" : "1756456919103201269",
      "t" : 1756456919103,
      "tn" : 1756456919103201269,
      "q" : "28",
      "p" : "0.35113",
      "s" : "sell",
      "i" : "LCRO_USD",
      "m" : "4611686018428433247"
    }, {
      "d" : "1756456919085731661",
      "t" : 1756456919085,
      "tn" : 1756456919085731661,
      "q" : "28",
      "p" : "0.35113",
      "s" : "sell",
      "i" : "LCRO_USD",
      "m" : "4611686018428433246"
    }, {
      "d" : "1756456919030557573",
      "t" : 1756456919030,
      "tn" : 1756456919030557573,
      "q" : "177",
      "p" : "0.35113",
      "s" : "sell",
      "i" : "LCRO_USD",
      "m" : "4611686018428433245"
    }, {
      "d" : "1756456219403036783",
      "t" : 1756456219403,
      "tn" : 1756456219403036783,
      "q" : "16",
      "p" : "0.34894",
      "s" : "buy",
      "i" : "LCRO_USD",
      "m" : "4611686018428433244"
    }, {
      "d" : "1756456219398620857",
      "t" : 1756456219398,
      "tn" : 1756456219398620857,
      "q" : "234",
      "p" : "0.34894",
      "s" : "sell",
      "i" : "LCRO_USD",
      "m" : "4611686018428433243"
    }, {
      "d" : "1756456033638375905",
      "t" : 1756456033638,
      "tn" : 1756456033638375905,
      "q" : "1169",
      "p" : "0.34870",
      "s" : "buy",
      "i" : "LCRO_USD",
      "m" : "4611686018428433242"
    }, {
      "d" : "1756456033634288776",
      "t" : 1756456033634,
      "tn" : 1756456033634288776,
      "q" : "571",
      "p" : "0.34870",
      "s" : "sell",
      "i" : "LCRO_USD",
      "m" : "4611686018428433241"
    }, {
      "d" : "1756454013567172397",
      "t" : 1756454013567,
      "tn" : 1756454013567172397,
      "q" : "261",
      "p" : "0.35601",
      "s" : "sell",
      "i" : "LCRO_USD",
      "m" : "4611686018428433240"
    }, {
      "d" : "1756453809478291285",
      "t" : 1756453809478,
      "tn" : 1756453809478291285,
      "q" : "571",
      "p" : "0.36040",
      "s" : "buy",
      "i" : "LCRO_USD",
      "m" : "4611686018428433239"
    }, {
      "d" : "1756453809478289868",
      "t" : 1756453809478,
      "tn" : 1756453809478289867,
      "q" : "346",
      "p" : "0.36039",
      "s" : "buy",
      "i" : "LCRO_USD",
      "m" : "4611686018428433238"
    }, {
      "d" : "1756453809478289867",
      "t" : 1756453809478,
      "tn" : 1756453809478289867,
      "q" : "75",
      "p" : "0.36039",
      "s" : "buy",
      "i" : "LCRO_USD",
      "m" : "4611686018428433238"
    }, {
      "d" : "1756453581839583079",
      "t" : 1756453581839,
      "tn" : 1756453581839583079,
      "q" : "483",
      "p" : "0.35606",
      "s" : "buy",
      "i" : "LCRO_USD",
      "m" : "4611686018428433237"
    }, {
      "d" : "1756453581834537872",
      "t" : 1756453581834,
      "tn" : 1756453581834537872,
      "q" : "58",
      "p" : "0.35606",
      "s" : "sell",
      "i" : "LCRO_USD",
      "m" : "4611686018428433236"
    }, {
      "d" : "1756452685403268488",
      "t" : 1756452685403,
      "tn" : 1756452685403268488,
      "q" : "157",
      "p" : "0.34866",
      "s" : "buy",
      "i" : "LCRO_USD",
      "m" : "4611686018428433235"
    }, {
      "d" : "1756452285725676666",
      "t" : 1756452285725,
      "tn" : 1756452285725676666,
      "q" : "271",
      "p" : "0.34304",
      "s" : "sell",
      "i" : "LCRO_USD",
      "m" : "4611686018428433234"
    }, {
      "d" : "1756452285725674647",
      "t" : 1756452285725,
      "tn" : 1756452285725674647,
      "q" : "3214",
      "p" : "0.34333",
      "s" : "sell",
      "i" : "LCRO_USD",
      "m" : "4611686018428433233"
    }, {
      "d" : "1756452285725672473",
      "t" : 1756452285725,
      "tn" : 1756452285725672473,
      "q" : "2285",
      "p" : "0.34472",
      "s" : "sell",
      "i" : "LCRO_USD",
      "m" : "4611686018428433232"
    }, {
      "d" : "1756452285725670375",
      "t" : 1756452285725,
      "tn" : 1756452285725670375,
      "q" : "1446",
      "p" : "0.34560",
      "s" : "sell",
      "i" : "LCRO_USD",
      "m" : "4611686018428433231"
    }, {
      "d" : "1756452285725667994",
      "t" : 1756452285725,
      "tn" : 1756452285725667994,
      "q" : "828",
      "p" : "0.34611",
      "s" : "sell",
      "i" : "LCRO_USD",
      "m" : "4611686018428433230"
    }, {
      "d" : "1756452285725665503",
      "t" : 1756452285725,
      "tn" : 1756452285725665503,
      "q" : "500",
      "p" : "0.34730",
      "s" : "sell",
      "i" : "LCRO_USD",
      "m" : "4611686018428433229"
    }, {
      "d" : "1756452285725663158",
      "t" : 1756452285725,
      "tn" : 1756452285725663158,
      "q" : "1683",
      "p" : "0.34794",
      "s" : "sell",
      "i" : "LCRO_USD",
      "m" : "4611686018428433228"
    }, {
      "d" : "1756452285725660479",
      "t" : 1756452285725,
      "tn" : 1756452285725660479,
      "q" : "287",
      "p" : "0.34800",
      "s" : "sell",
      "i" : "LCRO_USD",
      "m" : "4611686018428433227"
    }, {
      "d" : "1756452285725658316",
      "t" : 1756452285725,
      "tn" : 1756452285725658316,
      "q" : "175",
      "p" : "0.34801",
      "s" : "sell",
      "i" : "LCRO_USD",
      "m" : "4611686018428433226"
    }, {
      "d" : "1756452143619927526",
      "t" : 1756452143619,
      "tn" : 1756452143619927526,
      "q" : "27",
      "p" : "0.35010",
      "s" : "buy",
      "i" : "LCRO_USD",
      "m" : "4611686018428433225"
    }, {
      "d" : "1756452143612388431",
      "t" : 1756452143612,
      "tn" : 1756452143612388431,
      "q" : "73",
      "p" : "0.35010",
      "s" : "sell",
      "i" : "LCRO_USD",
      "m" : "4611686018428433224"
    }, {
      "d" : "1756451205226269313",
      "t" : 1756451205226,
      "tn" : 1756451205226269313,
      "q" : "175",
      "p" : "0.36546",
      "s" : "buy",
      "i" : "LCRO_USD",
      "m" : "4611686018428433223"
    }, {
      "d" : "1756449963654536473",
      "t" : 1756449963654,
      "tn" : 1756449963654536473,
      "q" : "14",
      "p" : "0.35752",
      "s" : "sell",
      "i" : "LCRO_USD",
      "m" : "4611686018428433222"
    }, {
      "d" : "1756449879562227980",
      "t" : 1756449879562,
      "tn" : 1756449879562227980,
      "q" : "199",
      "p" : "0.35634",
      "s" : "sell",
      "i" : "LCRO_USD",
      "m" : "4611686018428433221"
    }, {
      "d" : "1756449486710368627",
      "t" : 1756449486710,
      "tn" : 1756449486710368627,
      "q" : "213",
      "p" : "0.35890",
      "s" : "buy",
      "i" : "LCRO_USD",
      "m" : "4611686018428433220"
    }, {
      "d" : "1756449112470798367",
      "t" : 1756449112470,
      "tn" : 1756449112470798367,
      "q" : "35",
      "p" : "0.35904",
      "s" : "sell",
      "i" : "LCRO_USD",
      "m" : "4611686018428433219"
    }, {
      "d" : "1756447321238514671",
      "t" : 1756447321238,
      "tn" : 1756447321238514671,
      "q" : "252",
      "p" : "0.36489",
      "s" : "sell",
      "i" : "LCRO_USD",
      "m" : "4611686018428433218"
    }, {
      "d" : "1756447321233624232",
      "t" : 1756447321233,
      "tn" : 1756447321233624232,
      "q" : "149",
      "p" : "0.36489",
      "s" : "sell",
      "i" : "LCRO_USD",
      "m" : "4611686018428433217"
    }, {
      "d" : "1756446419709101084",
      "t" : 1756446419709,
      "tn" : 1756446419709101084,
      "q" : "542",
      "p" : "0.36171",
      "s" : "sell",
      "i" : "LCRO_USD",
      "m" : "4611686018428433216"
    }, {
      "d" : "1756445977855481690",
      "t" : 1756445977855,
      "tn" : 1756445977855481690,
      "q" : "210",
      "p" : "0.36260",
      "s" : "sell",
      "i" : "LCRO_USD",
      "m" : "4611686018428433215"
    }, {
      "d" : "1756443380271667082",
      "t" : 1756443380271,
      "tn" : 1756443380271667082,
      "q" : "116",
      "p" : "0.36333",
      "s" : "sell",
      "i" : "LCRO_USD",
      "m" : "4611686018428433214"
    }, {
      "d" : "1756443380097725472",
      "t" : 1756443380097,
      "tn" : 1756443380097725472,
      "q" : "275",
      "p" : "0.36334",
      "s" : "sell",
      "i" : "LCRO_USD",
      "m" : "4611686018428433213"
    }, {
      "d" : "1756443279223793174",
      "t" : 1756443279223,
      "tn" : 1756443279223793174,
      "q" : "370",
      "p" : "0.36583",
      "s" : "sell",
      "i" : "LCRO_USD",
      "m" : "4611686018428433212"
    }, {
      "d" : "1756442872400871925",
      "t" : 1756442872400,
      "tn" : 1756442872400871925,
      "q" : "979",
      "p" : "0.36098",
      "s" : "buy",
      "i" : "LCRO_USD",
      "m" : "4611686018428433211"
    }, {
      "d" : "1756442872379357376",
      "t" : 1756442872379,
      "tn" : 1756442872379357376,
      "q" : "27",
      "p" : "0.36098",
      "s" : "buy",
      "i" : "LCRO_USD",
      "m" : "4611686018428433210"
    }, {
      "d" : "1756442871726852693",
      "t" : 1756442871726,
      "tn" : 1756442871726852693,
      "q" : "2770",
      "p" : "0.36098",
      "s" : "buy",
      "i" : "LCRO_USD",
      "m" : "4611686018428433209"
    }, {
      "d" : "1756442871724094358",
      "t" : 1756442871724,
      "tn" : 1756442871724094358,
      "q" : "2770",
      "p" : "0.36098",
      "s" : "buy",
      "i" : "LCRO_USD",
      "m" : "4611686018428433208"
    }, {
      "d" : "1756442870104700955",
      "t" : 1756442870104,
      "tn" : 1756442870104700955,
      "q" : "1022",
      "p" : "0.36098",
      "s" : "buy",
      "i" : "LCRO_USD",
      "m" : "4611686018428433207"
    }, {
      "d" : "1756442870103538815",
      "t" : 1756442870103,
      "tn" : 1756442870103538815,
      "q" : "177",
      "p" : "0.36098",
      "s" : "buy",
      "i" : "LCRO_USD",
      "m" : "4611686018428433206"
    }, {
      "d" : "1756442861711756604",
      "t" : 1756442861711,
      "tn" : 1756442861711756604,
      "q" : "1022",
      "p" : "0.36098",
      "s" : "buy",
      "i" : "LCRO_USD",
      "m" : "4611686018428433205"
    }, {
      "d" : "1756442860517295380",
      "t" : 1756442860517,
      "tn" : 1756442860517295380,
      "q" : "34",
      "p" : "0.36098",
      "s" : "buy",
      "i" : "LCRO_USD",
      "m" : "4611686018428433204"
    }, {
      "d" : "1756442860515514742",
      "t" : 1756442860515,
      "tn" : 1756442860515514742,
      "q" : "402",
      "p" : "0.36098",
      "s" : "buy",
      "i" : "LCRO_USD",
      "m" : "4611686018428433203"
    }, {
      "d" : "1756442860513751045",
      "t" : 1756442860513,
      "tn" : 1756442860513751045,
      "q" : "402",
      "p" : "0.36098",
      "s" : "buy",
      "i" : "LCRO_USD",
      "m" : "4611686018428433202"
    }, {
      "d" : "1756442860505171744",
      "t" : 1756442860505,
      "tn" : 1756442860505171744,
      "q" : "27",
      "p" : "0.36098",
      "s" : "buy",
      "i" : "LCRO_USD",
      "m" : "4611686018428433201"
    }, {
      "d" : "1756442860378402690",
      "t" : 1756442860378,
      "tn" : 1756442860378402690,
      "q" : "241",
      "p" : "0.36098",
      "s" : "buy",
      "i" : "LCRO_USD",
      "m" : "4611686018428433200"
    }, {
      "d" : "1756442860368336446",
      "t" : 1756442860368,
      "tn" : 1756442860368336446,
      "q" : "28",
      "p" : "0.36098",
      "s" : "buy",
      "i" : "LCRO_USD",
      "m" : "4611686018428433199"
    }, {
      "d" : "1756442860358344378",
      "t" : 1756442860358,
      "tn" : 1756442860358344378,
      "q" : "28",
      "p" : "0.36098",
      "s" : "buy",
      "i" : "LCRO_USD",
      "m" : "4611686018428433198"
    }, {
      "d" : "1756442860343366035",
      "t" : 1756442860343,
      "tn" : 1756442860343366035,
      "q" : "28",
      "p" : "0.36098",
      "s" : "buy",
      "i" : "LCRO_USD",
      "m" : "4611686018428433197"
    }, {
      "d" : "1756442860323347884",
      "t" : 1756442860323,
      "tn" : 1756442860323347884,
      "q" : "28",
      "p" : "0.36098",
      "s" : "buy",
      "i" : "LCRO_USD",
      "m" : "4611686018428433196"
    }, {
      "d" : "1756442860308333431",
      "t" : 1756442860308,
      "tn" : 1756442860308333431,
      "q" : "28",
      "p" : "0.36098",
      "s" : "buy",
      "i" : "LCRO_USD",
      "m" : "4611686018428433195"
    }, {
      "d" : "1756442860215641459",
      "t" : 1756442860215,
      "tn" : 1756442860215641459,
      "q" : "214",
      "p" : "0.36098",
      "s" : "buy",
      "i" : "LCRO_USD",
      "m" : "4611686018428433194"
    }, {
      "d" : "1756442860213366531",
      "t" : 1756442860213,
      "tn" : 1756442860213366531,
      "q" : "214",
      "p" : "0.36098",
      "s" : "buy",
      "i" : "LCRO_USD",
      "m" : "4611686018428433193"
    }, {
      "d" : "1756442856706382674",
      "t" : 1756442856706,
      "tn" : 1756442856706382674,
      "q" : "1022",
      "p" : "0.36098",
      "s" : "buy",
      "i" : "LCRO_USD",
      "m" : "4611686018428433192"
    }, {
      "d" : "1756442856500312194",
      "t" : 1756442856500,
      "tn" : 1756442856500312194,
      "q" : "405",
      "p" : "0.36098",
      "s" : "buy",
      "i" : "LCRO_USD",
      "m" : "4611686018428433191"
    }, {
      "d" : "1756442856498227189",
      "t" : 1756442856498,
      "tn" : 1756442856498227189,
      "q" : "616",
      "p" : "0.36098",
      "s" : "buy",
      "i" : "LCRO_USD",
      "m" : "4611686018428433190"
    }, {
      "d" : "1756442841168954628",
      "t" : 1756442841168,
      "tn" : 1756442841168954628,
      "q" : "836",
      "p" : "0.36098",
      "s" : "buy",
      "i" : "LCRO_USD",
      "m" : "4611686018428433189"
    }, {
      "d" : "1756442836013235466",
      "t" : 1756442836013,
      "tn" : 1756442836013235466,
      "q" : "836",
      "p" : "0.36098",
      "s" : "buy",
      "i" : "LCRO_USD",
      "m" : "4611686018428433188"
    }, {
      "d" : "1756442835683736537",
      "t" : 1756442835683,
      "tn" : 1756442835683736537,
      "q" : "2012",
      "p" : "0.36098",
      "s" : "buy",
      "i" : "LCRO_USD",
      "m" : "4611686018428433187"
    }, {
      "d" : "1756442835653867664",
      "t" : 1756442835653,
      "tn" : 1756442835653867664,
      "q" : "28",
      "p" : "0.36098",
      "s" : "buy",
      "i" : "LCRO_USD",
      "m" : "4611686018428433186"
    }, {
      "d" : "1756442835228254485",
      "t" : 1756442835228,
      "tn" : 1756442835228254485,
      "q" : "373",
      "p" : "0.36098",
      "s" : "buy",
      "i" : "LCRO_USD",
      "m" : "4611686018428433185"
    }, {
      "d" : "1756442835226452700",
      "t" : 1756442835226,
      "tn" : 1756442835226452700,
      "q" : "24",
      "p" : "0.36098",
      "s" : "buy",
      "i" : "LCRO_USD",
      "m" : "4611686018428433184"
    }, {
      "d" : "1756442835221405321",
      "t" : 1756442835221,
      "tn" : 1756442835221405321,
      "q" : "28",
      "p" : "0.36098",
      "s" : "buy",
      "i" : "LCRO_USD",
      "m" : "4611686018428433183"
    }, {
      "d" : "1756442835171337914",
      "t" : 1756442835171,
      "tn" : 1756442835171337914,
      "q" : "401",
      "p" : "0.36098",
      "s" : "buy",
      "i" : "LCRO_USD",
      "m" : "4611686018428433182"
    }, {
      "d" : "1756442835151334971",
      "t" : 1756442835151,
      "tn" : 1756442835151334971,
      "q" : "404",
      "p" : "0.36098",
      "s" : "buy",
      "i" : "LCRO_USD",
      "m" : "4611686018428433181"
    }, {
      "d" : "1756442835141446820",
      "t" : 1756442835141,
      "tn" : 1756442835141446820,
      "q" : "404",
      "p" : "0.36098",
      "s" : "buy",
      "i" : "LCRO_USD",
      "m" : "4611686018428433180"
    }, {
      "d" : "1756442834977459294",
      "t" : 1756442834977,
      "tn" : 1756442834977459294,
      "q" : "160",
      "p" : "0.36098",
      "s" : "buy",
      "i" : "LCRO_USD",
      "m" : "4611686018428433179"
    }, {
      "d" : "1756442834975162527",
      "t" : 1756442834975,
      "tn" : 1756442834975162527,
      "q" : "404",
      "p" : "0.36098",
      "s" : "buy",
      "i" : "LCRO_USD",
      "m" : "4611686018428433178"
    }, {
      "d" : "1756442834464193177",
      "t" : 1756442834464,
      "tn" : 1756442834464193177,
      "q" : "400",
      "p" : "0.36098",
      "s" : "buy",
      "i" : "LCRO_USD",
      "m" : "4611686018428433177"
    }, {
      "d" : "1756442446286593515",
      "t" : 1756442446286,
      "tn" : 1756442446286593515,
      "q" : "380",
      "p" : "0.36098",
      "s" : "buy",
      "i" : "LCRO_USD",
      "m" : "4611686018428433176"
    }, {
      "d" : "1756442420016359993",
      "t" : 1756442420016,
      "tn" : 1756442420016359993,
      "q" : "622",
      "p" : "0.36061",
      "s" : "sell",
      "i" : "LCRO_USD",
      "m" : "4611686018428433175"
    }, {
      "d" : "1756442420011599503",
      "t" : 1756442420011,
      "tn" : 1756442420011599503,
      "q" : "165",
      "p" : "0.36061",
      "s" : "sell",
      "i" : "LCRO_USD",
      "m" : "4611686018428433174"
    }, {
      "d" : "1756442409125295849",
      "t" : 1756442409125,
      "tn" : 1756442409125295849,
      "q" : "834",
      "p" : "0.36098",
      "s" : "buy",
      "i" : "LCRO_USD",
      "m" : "4611686018428433173"
    }, {
      "d" : "1756442388460977480",
      "t" : 1756442388460,
      "tn" : 1756442388460977480,
      "q" : "555",
      "p" : "0.36098",
      "s" : "buy",
      "i" : "LCRO_USD",
      "m" : "4611686018428433172"
    }, {
      "d" : "1756442388460974558",
      "t" : 1756442388460,
      "tn" : 1756442388460974558,
      "q" : "277",
      "p" : "0.36097",
      "s" : "buy",
      "i" : "LCRO_USD",
      "m" : "4611686018428433171"
    }, {
      "d" : "1756440639638449998",
      "t" : 1756440639638,
      "tn" : 1756440639638449998,
      "q" : "128",
      "p" : "0.35346",
      "s" : "sell",
      "i" : "LCRO_USD",
      "m" : "4611686018428433170"
    }, {
      "d" : "1756440583702971304",
      "t" : 1756440583702,
      "tn" : 1756440583702971304,
      "q" : "230",
      "p" : "0.35328",
      "s" : "sell",
      "i" : "LCRO_USD",
      "m" : "4611686018428433169"
    }, {
      "d" : "1756440515914750053",
      "t" : 1756440515914,
      "tn" : 1756440515914750053,
      "q" : "115",
      "p" : "0.35452",
      "s" : "sell",
      "i" : "LCRO_USD",
      "m" : "4611686018428433168"
    }, {
      "d" : "1756440431105661189",
      "t" : 1756440431105,
      "tn" : 1756440431105661189,
      "q" : "115",
      "p" : "0.35670",
      "s" : "buy",
      "i" : "LCRO_USD",
      "m" : "4611686018428433167"
    }, {
      "d" : "1756440293930249169",
      "t" : 1756440293930,
      "tn" : 1756440293930249169,
      "q" : "340",
      "p" : "0.35331",
      "s" : "buy",
      "i" : "LCRO_USD",
      "m" : "4611686018428433166"
    }, {
      "d" : "1756440293911562100",
      "t" : 1756440293911,
      "tn" : 1756440293911562100,
      "q" : "16",
      "p" : "0.35331",
      "s" : "buy",
      "i" : "LCRO_USD",
      "m" : "4611686018428433165"
    }, {
      "d" : "1756440293909796650",
      "t" : 1756440293909,
      "tn" : 1756440293909796650,
      "q" : "29",
      "p" : "0.35331",
      "s" : "buy",
      "i" : "LCRO_USD",
      "m" : "4611686018428433164"
    }, {
      "d" : "1756440293907708016",
      "t" : 1756440293907,
      "tn" : 1756440293907708016,
      "q" : "29",
      "p" : "0.35331",
      "s" : "buy",
      "i" : "LCRO_USD",
      "m" : "4611686018428433163"
    }, {
      "d" : "1756440293906120858",
      "t" : 1756440293906,
      "tn" : 1756440293906120858,
      "q" : "29",
      "p" : "0.35331",
      "s" : "buy",
      "i" : "LCRO_USD",
      "m" : "4611686018428433162"
    }, {
      "d" : "1756440293900250739",
      "t" : 1756440293900,
      "tn" : 1756440293900250739,
      "q" : "142",
      "p" : "0.35331",
      "s" : "buy",
      "i" : "LCRO_USD",
      "m" : "4611686018428433161"
    }, {
      "d" : "1756440293846237980",
      "t" : 1756440293846,
      "tn" : 1756440293846237980,
      "q" : "459",
      "p" : "0.35331",
      "s" : "buy",
      "i" : "LCRO_USD",
      "m" : "4611686018428433160"
    }, {
      "d" : "1756440293841025737",
      "t" : 1756440293841,
      "tn" : 1756440293841025737,
      "q" : "64",
      "p" : "0.35331",
      "s" : "sell",
      "i" : "LCRO_USD",
      "m" : "4611686018428433159"
    }, {
      "d" : "1756440082850143168",
      "t" : 1756440082850,
      "tn" : 1756440082850143168,
      "q" : "175",
      "p" : "0.36030",
      "s" : "sell",
      "i" : "LCRO_USD",
      "m" : "4611686018428433158"
    }, {
      "d" : "1756439730160584980",
      "t" : 1756439730160,
      "tn" : 1756439730160584980,
      "q" : "239",
      "p" : "0.36188",
      "s" : "buy",
      "i" : "LCRO_USD",
      "m" : "4611686018428433157"
    }, {
      "d" : "1756439665465497955",
      "t" : 1756439665465,
      "tn" : 1756439665465497955,
      "q" : "42",
      "p" : "0.36154",
      "s" : "sell",
      "i" : "LCRO_USD",
      "m" : "4611686018428433156"
    }, {
      "d" : "1756439665459830045",
      "t" : 1756439665459,
      "tn" : 1756439665459830045,
      "q" : "118",
      "p" : "0.36152",
      "s" : "buy",
      "i" : "LCRO_USD",
      "m" : "4611686018428433155"
    }, {
      "d" : "1756439524596178675",
      "t" : 1756439524596,
      "tn" : 1756439524596178675,
      "q" : "118",
      "p" : "0.35789",
      "s" : "sell",
      "i" : "LCRO_USD",
      "m" : "4611686018428433154"
    }, {
      "d" : "1756439436901051790",
      "t" : 1756439436901,
      "tn" : 1756439436901051790,
      "q" : "149",
      "p" : "0.35994",
      "s" : "sell",
      "i" : "LCRO_USD",
      "m" : "4611686018428433153"
    }, {
      "d" : "1756439170555935177",
      "t" : 1756439170555,
      "tn" : 1756439170555935177,
      "q" : "89",
      "p" : "0.36289",
      "s" : "buy",
      "i" : "LCRO_USD",
      "m" : "4611686018428433152"
    }, {
      "d" : "1756439170548343245",
      "t" : 1756439170548,
      "tn" : 1756439170548343245,
      "q" : "500",
      "p" : "0.36289",
      "s" : "sell",
      "i" : "LCRO_USD",
      "m" : "4611686018428433151"
    }, {
      "d" : "1756439102385738445",
      "t" : 1756439102385,
      "tn" : 1756439102385738445,
      "q" : "526",
      "p" : "0.36538",
      "s" : "sell",
      "i" : "LCRO_USD",
      "m" : "4611686018428433150"
    }, {
      "d" : "1756437951913689169",
      "t" : 1756437951913,
      "tn" : 1756437951913689169,
      "q" : "1100",
      "p" : "0.37014",
      "s" : "sell",
      "i" : "LCRO_USD",
      "m" : "4611686018428433149"
    }, {
      "d" : "1756434989446643888",
      "t" : 1756434989446,
      "tn" : 1756434989446643888,
      "q" : "300",
      "p" : "0.36777",
      "s" : "sell",
      "i" : "LCRO_USD",
      "m" : "4611686018428433148"
    }, {
      "d" : "1756434569099212760",
      "t" : 1756434569099,
      "tn" : 1756434569099212760,
      "q" : "257",
      "p" : "0.36862",
      "s" : "buy",
      "i" : "LCRO_USD",
      "m" : "4611686018428433147"
    }, {
      "d" : "1756434569093619041",
      "t" : 1756434569093,
      "tn" : 1756434569093619041,
      "q" : "71",
      "p" : "0.36862",
      "s" : "sell",
      "i" : "LCRO_USD",
      "m" : "4611686018428433146"
    }, {
      "d" : "1756434001900189604",
      "t" : 1756434001900,
      "tn" : 1756434001900189604,
      "q" : "132",
      "p" : "0.37733",
      "s" : "sell",
      "i" : "LCRO_USD",
      "m" : "4611686018428433145"
    }, {
      "d" : "1756433296784587141",
      "t" : 1756433296784,
      "tn" : 1756433296784587141,
      "q" : "234",
      "p" : "0.37927",
      "s" : "sell",
      "i" : "LCRO_USD",
      "m" : "4611686018428433144"
    }, {
      "d" : "1756433118127345292",
      "t" : 1756433118127,
      "tn" : 1756433118127345292,
      "q" : "214",
      "p" : "0.38442",
      "s" : "buy",
      "i" : "LCRO_USD",
      "m" : "4611686018428433143"
    }, {
      "d" : "1756431975711156472",
      "t" : 1756431975711,
      "tn" : 1756431975711156472,
      "q" : "223",
      "p" : "0.39145",
      "s" : "buy",
      "i" : "LCRO_USD",
      "m" : "4611686018428433142"
    }, {
      "d" : "1756430227491522077",
      "t" : 1756430227491,
      "tn" : 1756430227491522077,
      "q" : "109",
      "p" : "0.38283",
      "s" : "sell",
      "i" : "LCRO_USD",
      "m" : "4611686018428433141"
    }, {
      "d" : "1756430164320863978",
      "t" : 1756430164320,
      "tn" : 1756430164320863978,
      "q" : "109",
      "p" : "0.38879",
      "s" : "buy",
      "i" : "LCRO_USD",
      "m" : "4611686018428433140"
    }, {
      "d" : "1756430132122346470",
      "t" : 1756430132122,
      "tn" : 1756430132122346470,
      "q" : "176",
      "p" : "0.38364",
      "s" : "sell",
      "i" : "LCRO_USD",
      "m" : "4611686018428433139"
    }, {
      "d" : "1756430119936682064",
      "t" : 1756430119936,
      "tn" : 1756430119936682064,
      "q" : "128",
      "p" : "0.38424",
      "s" : "sell",
      "i" : "LCRO_USD",
      "m" : "4611686018428433138"
    }, {
      "d" : "1756430119771599222",
      "t" : 1756430119771,
      "tn" : 1756430119771599222,
      "q" : "280",
      "p" : "0.38425",
      "s" : "sell",
      "i" : "LCRO_USD",
      "m" : "4611686018428433137"
    }, {
      "d" : "1756430119696829030",
      "t" : 1756430119696,
      "tn" : 1756430119696829030,
      "q" : "186",
      "p" : "0.38425",
      "s" : "sell",
      "i" : "LCRO_USD",
      "m" : "4611686018428433136"
    }, {
      "d" : "1756430119223249973",
      "t" : 1756430119223,
      "tn" : 1756430119223249973,
      "q" : "26",
      "p" : "0.38425",
      "s" : "sell",
      "i" : "LCRO_USD",
      "m" : "4611686018428433135"
    }, {
      "d" : "1756430119216052394",
      "t" : 1756430119216,
      "tn" : 1756430119216052394,
      "q" : "35",
      "p" : "0.38424",
      "s" : "sell",
      "i" : "LCRO_USD",
      "m" : "4611686018428433134"
    }, {
      "d" : "1756430119215090673",
      "t" : 1756430119215,
      "tn" : 1756430119215090673,
      "q" : "594",
      "p" : "0.38424",
      "s" : "sell",
      "i" : "LCRO_USD",
      "m" : "4611686018428433133"
    }, {
      "d" : "1756429918641255447",
      "t" : 1756429918641,
      "tn" : 1756429918641255447,
      "q" : "170",
      "p" : "0.38305",
      "s" : "sell",
      "i" : "LCRO_USD",
      "m" : "4611686018428433132"
    }, {
      "d" : "1756429826389160508",
      "t" : 1756429826389,
      "tn" : 1756429826389160508,
      "q" : "145",
      "p" : "0.39063",
      "s" : "buy",
      "i" : "LCRO_USD",
      "m" : "4611686018428433131"
    }, {
      "d" : "1756429518448201993",
      "t" : 1756429518448,
      "tn" : 1756429518448201993,
      "q" : "152",
      "p" : "0.39351",
      "s" : "buy",
      "i" : "LCRO_USD",
      "m" : "4611686018428433130"
    }, {
      "d" : "1756428811846972351",
      "t" : 1756428811846,
      "tn" : 1756428811846972351,
      "q" : "237",
      "p" : "0.39040",
      "s" : "buy",
      "i" : "LCRO_USD",
      "m" : "4611686018428433129"
    }, {
      "d" : "1756428757677913404",
      "t" : 1756428757677,
      "tn" : 1756428757677913404,
      "q" : "125",
      "p" : "0.39065",
      "s" : "buy",
      "i" : "LCRO_USD",
      "m" : "4611686018428433128"
    }, {
      "d" : "1756427520638369945",
      "t" : 1756427520638,
      "tn" : 1756427520638369945,
      "q" : "314",
      "p" : "0.37544",
      "s" : "sell",
      "i" : "LCRO_USD",
      "m" : "4611686018428433127"
    }, {
      "d" : "1756427520636718985",
      "t" : 1756427520636,
      "tn" : 1756427520636718985,
      "q" : "401",
      "p" : "0.37544",
      "s" : "sell",
      "i" : "LCRO_USD",
      "m" : "4611686018428433126"
    }, {
      "d" : "1756427216915926645",
      "t" : 1756427216915,
      "tn" : 1756427216915926645,
      "q" : "535",
      "p" : "0.39957",
      "s" : "buy",
      "i" : "LCRO_USD",
      "m" : "4611686018428433125"
    } ]
  }
}